1545 2122
33 49 692 104 ben haben, wie im widrigen nach Ver=
31 109 681 154 fliessung desselben mehr ermeldte Abrechnung
27 139 682 177 ipfo tacto caßirt, annullirt, und amorti=
27 178 682 223 sirt, auch sohin das weitere der Ordnung
29 213 683 254 nach ex officio vorgekehret werden solle.
35 243 681 298 Wornach sich also jedermann zu richten, und
27 286 684 330 vor Schaden zu hütten wissen wird. Ex
35 325 684 366 Judicio Delegato Militari Mixto sup. ac
29 358 683 402 Infer. Austriæ. Wten beu 7. April. 1756.
253 437 461 482 EDICT.
67 476 678 513 Wir Burgermeister Amts=verwalter und
29 507 680 554 Raht der Stadt Wien geben denen Ossen=
29 555 674 594 bachischen Erbs=interessenten hiemit zu ver=
29 589 676 627 nehmen; wasmassen wir auf Anlangen de=
27 627 678 674 ren Bernreitterischen Con=leuten wegen von
29 661 680 706 dem Joseph Carl Roska ihnen cedirten und
31 700 672 754 auf dem Ossenbachischen in dem Schulter=
39 740 680 779 gaßsel ligend=zum kleinen Jordan benamsten
37 779 671 824 Verlassenschaft=haus habende Anforderung
35 812 674 858 pr. 333. fl. 17. kr. 2. pf. über die bereits
39 850 669 898 behobene Schätzungs=Vorwissens=verordnung
35 890 669 929 untern 24 letzt=abgewichenen Monats Mar=
30 926 668 972 tit die weitere Verordnung (siat Schätzung
27 962 671 1008 nochmalen mit Vorwissen, wofern nichts
23 1002 674 1043 einkommen) ertheilet haben; Wiezumalen
22 1040 674 1084 aber derenselben Aufenthalt in der Unwissen=
23 1075 674 1114 heit beruhet. Als hat man denenselben die=
25 1113 674 1162 se Stadt=rähtliche Verordnung durch dieses
25 1150 672 1201 offene Edict hiemit kund und zu wissen ma=
24 1187 673 1234 chen wollen. Actum Wien den 2. April
22 1220 106 1267 1736.
249 1315 457 1355 EDICT.
64 1344 142 1395 Wir
137 1347 672 1394 Burgermeister Amts=verwalter und
23 1384 670 1434 Raht der Stadt Wien geben hiemit denen
33 1420 668 1466 Abwesenden (Titl.) Gräfl. Gollischen Haus=
31 1462 673 1514 eigentumern, und insonderheit der Frauen
37 1492 669 1554 Mariä Theresiä Freyin von Dominique zu
35 1532 666 1592 vernehmen: Es habe der arrestirt=gemeiner
39 1568 666 1631 Stadt=wien geweste Sequester Jgnaz Pas=
30 1606 672 1666 quetta angezeiget; was gestalten auf sein
34 1644 666 1704 Phorsamst beschehenes Anlangen zwar eine
27 1694 667 1747 Tagsatzung mit Ziehung seiner sammentlichen
33 1717 666 1779 Credttorn auf den 12. Monats elapsi, dann
22 1760 663 1819 wegen Ausbleibung ein= und anderen, auf
23 1799 668 1858 weiteres Anlangen eine superemtorische cum
26 1836 666 1890 clausula actualis Contumaciæ vinculir=
27 1867 667 1931 te Erforderung auf den 31. præfati anbe=
18 1907 656 1969 raumt worden seye, aber auch diese den ge=
22 1947 668 2011 wünschten Effect von darumen nicht errei=
723 52 1390 107 chei hätte, weilen erwehnte Tagsatzung de=
719 92 1386 138 nen Abwesenden (Titl.) Gräfl. Gollischen
721 131 1388 170 Hauses Eigentumern eben so wenig, als de=
719 174 1384 211 renselben unbekannten Mandatario hätte in=
719 210 1388 249 timiret werden können, und dahero um ein
715 252 1370 291 nochmalig=allendliche Tagsatzungs=anordnung
719 287 1378 325 und zugleich Affigirung eines in derley Fäl=
715 324 1379 361 len gewöhnlichen Valval=edicts, und zwar
717 362 1378 402 bey also gewisser Erscheinungs=auflag deren
719 403 1378 442 (Titl) Gräfl. Gollischen Haus=eigentumern
717 434 1378 474 und mentionirter Frauen Freyin von Domi=
711 471 1370 510 nique, vol per se, vel per Mandatari-
715 507 1379 548 um, wie in wiedrigen dieselbe (zumalen be=
713 547 1380 595 reits ein und andere Creditores in dessen
715 587 1376 627 Arrests=entlassung gewilliget, pro Consen-
711 622 1380 672 tientibus gehalten werden sollen, anzulan=
711 659 1380 704 gen sich bemüßiget ersehete. Wann nun
711 702 1375 746 untern 7. dieses zum Bescheid erfolget (stat
711 739 1380 777 in ein= und anderen aufzulegen, wie ge=
711 776 1375 826 betten) zu dem Ende auch von gemeiner
747 815 1374 850 tadt Syndico primario und Stadt=
717 844 1381 894 schreiber Hrn. Joseph Ferdinand Riedl U.
711 884 1375 930 J. D. und Hrn Reimund Ferdinand von
711 924 1376 970 Zahlheimb, des inneren Stadt=rahts, als
711 965 1375 1003 in Sachen ernannten Commissarien eine Tag=
713 1002 1370 1048 satzung auf dem 2ten künftigen Monats Ju=
707 1044 1371 1082 nii Nachmittag präcise um 3. Uhr in der
707 1075 1371 1121 aussern Rahts=stuben anberaumet worden.
751 1115 1372 1154 Als werden sie (Titl.) Gräfl. Gollische
709 1147 1370 1194 Hauß Eigentumere, und insonderheit sie
711 1197 1371 1234 Frau Freyin von Dominique bey ob anbe=
709 1230 1370 1274 raumten Tagsatzung entweders Persöhnlich,
709 1268 1376 1307 oder durch einem hi zu genugsam bevollmäch=
711 1306 1370 1346 tigten Mandatarium also gewiß zu erschei=
707 1340 1371 1379 nen haben, wie in widrigen die ausblei=
707 1372 1368 1418 bende pro Consentientibus gehalten, und
709 1414 1370 1458 nicht mehr angehöret werden sollen. So
709 1451 1370 1494 man denenselben durch dieses offene Edict
707 1491 1371 1532 hiemit verkünden, und zur behörigen Wis=
709 1531 1370 1578 senschaft bringen wollen Actum Wien den
706 1569 966 1618 10. April 1756.
755 1648 1370 1699 Es seynd alltäglich in der Leopoldstadt
703 1693 1368 1738 die zwey sogenannte Franzenauische Häuser,
703 1731 1368 1771 wovon das eine nebst einem kleinen Gärtl
703 1771 1364 1816 pur auf die Zins=ertragnuß gebauet, und
703 1804 1372 1850 rechter Hand gegen den schwarzen Bärn über
703 1846 1368 1894 zum roten Thor genannt, das andere aber
705 1883 1369 1926 in der Gassen ruckwärts neben denen drey
706 1925 1371 1963 Artitschocken gegen den Weberl=wirtshaus
703 1955 1368 2015 über ligend mit einem sauberen Garten, ei=
