1601 2141
62 73 719 122 deren getreuen Untertanen Eur. Majestät
62 121 718 164 ist, für Dero Vertheitigung zu wachen,
63 152 714 195 so, wie für die Erhaltung der Erb=folge in
62 199 714 240 Dero Durchleuchtigsten Familie, so hoffen
67 235 712 281 wir, durch unsre Handlungen darzuthun,
63 261 714 307 wie dankbar wir für die Ansehnliche Vor=
71 308 712 346 theile seynd, welche uns die Weisheit und
67 343 714 386 Billigkeit Dero Regierung verschaffet, und
67 379 712 422 wofür wir uns erbieten, eine vollständige
73 417 718 458 Compagnie leichte Reuterey zu werben, die
71 456 718 499 jederzeit bereit stehen soll, auf unsre Kosten
67 491 714 538 allenthalben hin zu marschiren, wo es Eur.
76 528 716 570 Majestät für gut befinden, unter dem Com=
66 563 714 615 mando erfahrner Officiers, wie Dieselbe
67 603 721 644 wählen werden; Und im Fall, gnädigster
71 649 720 690 König dieser Beweis unserer aufrichtigen
78 677 713 730 Zuneigung für Eur. Majestät, und Dero
71 720 716 762 Durchleuchtigsten Familie nicht Dero Bey=
81 754 716 801 fall erhalten sollte, so seynd wir bereit,
81 796 717 834 unser Leben und Vermögen auf alle Art auf=
84 828 720 875 zuopfern, wie es Eur. Majestät uns nur
84 867 719 915 befehlen werden. Da das Heil und Wol=
80 901 725 955 ergehen dieser Nation hauptsächlich auf die
74 940 719 995 Dauer des glückseeligen Standes gegründet
71 975 717 1032 ist, in welchem wir uns durch den Einfluß
70 1015 722 1073 der Weisheit und Gerechtigkeit Eur. Maje=
70 1054 722 1106 stät würklich befinden, so bitten wir den
71 1096 721 1142 grossen und höchsten Geber alles Guten, daß
73 1127 718 1178 Er Dero Königl. Person erhalte, daß Er
67 1160 718 1217 alle Maaß regeli, zu welchen Sie Dero Ey=
70 1201 718 1246 fer für das gemeine Wol verbindet, gelin=
70 1242 725 1293 gen lasse, und sie mit Ehre kröne, so, daß
70 1274 720 1330 die gegenwärtige Crisis, als eine dererjeni=
70 1321 716 1371 gen angesehen werden möge, welche die Ge=
70 1354 719 1402 schichte Groß=brittannens am besten ver=
79 1384 295 1435 herrlichen kann.
202 1475 579 1539 London 28. Mart.
118 1550 722 1619 Der König hat erkläret: Daß er gegen
86 1590 722 1657 die Mitte des künftigen Monats den Pal=
82 1631 723 1698 last St. James verlassen, und den Pallast
82 1669 716 1731 von Kensington beziehen wolle. Von Lisa=
79 1702 723 1770 von vernimt man: Daß auf die Vorstellun=
78 1748 722 1802 gen unsers Ministers der Engländischen Na=
78 1788 722 1846 tion der neue Zoll von 4. pro Cent erlassen
108 1828 723 1882 orden, und daß nunmehro die übrige Ge=
76 1855 717 1925 sandte und Ministers darauf dringen, für
70 1897 721 1962 die Schiffe ihrer Nationen gleiches Recht
74 1932 249 1986 zu geniessen.
926 73 1254 133 Aus Frankreich.
883 124 1288 170 Douvres 18. Mart.
795 162 1416 212 Man hat auf unserm Pacquet=boot das
751 211 1412 249 nach Calais gehet, einen verdächtigen Pas=
755 244 1419 290 sagier angehalten, und als seine Sachen
751 286 1422 322 durchsuchet worden, hat man in einem Beu=
751 323 1418 363 tel 130. Briefe gefunden, so an verschie=
750 364 1419 409 dene Particuliers zu Boulogne, Dünkirchen,
755 397 1424 449 Havre de Grace rc. addreßirt seynd. Diese Brie=
754 435 1422 483 fe hat man dem Staats=secretario überschicket,
750 475 1420 519 der Passagier aber wird hier annoch bis auf an=
751 516 1418 554 derweite Ordre gefangen gehalten. Mit einem
757 545 1421 593 Spanischen Schif, so gestern hier angelanget,
756 588 1421 634 vernimmt man, daß am Mittwoch Abends
761 627 1420 665 4. Fregatten, jede von 30. Canonen und 12.
757 658 1424 702 Transport=schiffen mit Truppen von Havre
751 703 1422 746 de Grace unter Segel gegangen wären, und
751 739 1406 778 ihren Weg gegen America gerichtet hätten.
910 785 1260 842 Lyon 20. Martii.
794 829 1422 890 Gestern langte der Marschall, Herzog von
755 869 1424 919 Richelieu, in hiesiger Stadt an, und zwar
750 913 1422 955 in Begleitung vieler Generals=personen. Die=
754 950 1424 995 sen Morgen reiseten sie sammentlich weiter
755 988 1422 1029 nach der Provence ab. Jhre Durchreise hat
757 1020 1421 1066 Anlaß zu allerhand G.spräche gegeben, wel=
755 1067 1429 1104 che grosse Unternehmungen, die der Hof be=
758 1100 1424 1152 schlossen haben soll, zum Grunde haben. Per=
755 1140 1426 1179 sonen, die mehr als andere von Staats=ge=
761 1176 1423 1219 heimnussen wissen wollen, sagen offentlich:
755 1219 1422 1258 daß die Touloner=flotte die Jnsel Minorca
754 1260 1422 1299 und Port Mahon, die Brester hingegen die
765 1292 1424 1338 Jnseln Jerfey und Gerasey angreiffen werde.
912 1331 1280 1387 Toulon 22. Mart.
801 1379 1428 1426 Von denen 15000. Mann, welche Be=
765 1419 1426 1466 fehl haben sich auf die Provencer=küste von
767 1462 1422 1498 Marseille an, bis Antibes zu begeben, tref=
767 1496 1426 1540 fen täglich einige in ihren angewiesenen
760 1544 1424 1588 Quartieren ein, wie man dann beständig
759 1583 1422 1626 von einer sehr grossen Einschiffung spricht.
759 1611 1428 1651 Ubrigens, vernimmt man die Nach=
759 1644 1426 1690 richt, daß das für den König gemietete
765 1685 1429 1729 Schif= die Königin Johanna, welches Por=
759 1727 1424 1769 cellan nach Brest bringen wollen, auf dem
763 1755 1427 1818 Cap St. Martin ungefähr 45. Meilen von
763 1797 1427 1851 Alicante unglücklicher Weise untergegangen,
762 1838 1422 1893 so daß das Schif und die ganze Ladung
758 1888 1423 1930 verloren, und der Capitan Mallard St.
767 1915 1432 1962 Clement von Bourdtaux mit 5. Personen
763 1956 1318 2002 von seiner Mannschaft ertrunken ist.
1337 1994 1413 2050 Pa=
