3392 4352
957 121 1700 203 rerree verenen gene arener
961 190 1801 252 vetande cm den förestäende döden, illu¬
951 238 1799 308 sioner om bättring, aftagandet af viljekraf¬
945 297 1795 367 ten, tilltagandet af den hänsynslösa egois¬
957 349 1756 395 men, till dess slutet ändtligen kommer.
994 364 1814 440 1898 utkom ett band noveller med titeln
961 427 1796 492 Den vises hustru, förträffliga, upp¬
954 485 1800 560 lefda berättelser, bland hvilka ett mä¬
955 541 1804 598 stervärk, den sista, med namnet De dö¬
963 571 1808 634 datiga, en med säker hand och säkert
965 622 1812 694 öga utförd dissekering af ett kvinnohjär¬
955 676 1821 733 ta, hvari det goda och sköna betyder mest,
954 718 1804 787 men sjalfbehällelsedriften svämmar öf¬
957 766 1820 841 ver sina bräddar och utan att hon själf
953 814 1817 885 vet därom ästadkommer det ovärdiga.
957 860 1822 947 Hon ür gift. Hon har en afton äkt ut ur
964 907 1813 980 staden för att med sin älskare kunna till¬
959 958 1814 1035 bringa en timme i fred under lugnt sam¬
963 1011 1819 1064 tal med honom, dä vagnen välter, hans
967 1063 1829 1127 hufvud krossas och hon efter att en stund
967 1099 1823 1173 hafva hällit vakt vid liket räddar sig pä
952 1152 1821 1232 flykten för att ej i onödan kompromette¬
967 1208 1823 1265 ras. Hon älskade honom fullkomligt upp¬
979 1250 1823 1323 riktigt. Under ängesten och upprördheten
975 1297 1820 1363 öfver hans död tränger tanken pä egen
963 1340 1829 1413 frälsning alla andra hänsyn tillbaka. Men
961 1397 1820 1478 knappt hemkommen, är hon ur ständ abt
957 1443 1841 1519 behärska sin rörelse och skriftar allt för
976 1506 1193 1559 sin man.
1057 1518 1831 1603 skädespelet Freiwild ('Villebräd
968 1600 1824 1679 för alla') och Ett testamente har
983 1618 1837 1701 oppositionsandan mot borgeliga samhälls¬
969 1694 1831 1743 fördomar, trotset mot den moraliska häf¬
977 1741 1824 1790 den ányo kommit till orda hos Schnitzier.
976 1761 1823 1848 Han svänger ju mellan de tvä polerna,
969 1829 1837 1900 den kritiska förständsmänniskan och den
967 1877 1822 1946 poetiska grubblaren. Här är det för¬
979 1928 1830 1992 ständsmänniskan som talar. Det första
987 1990 1826 2040 stycket vänder sig mot officersöfvermodet
981 2023 1817 2101 gent emot kvinnor, som icke tillhöra so¬
988 2084 1826 2145 cieteten, och innehäller ett angrepp pä
987 2126 1834 2191 duellens idiotism och orättfärdigheten i
994 2180 1302 2239 dess domslut.
1015 2231 1827 2275 Stycket har ungefär som i Frankrike
988 2265 1830 2334 Paul Hervieuns alltför starkt lagts till rät¬
980 2317 1839 2382 ta för tendensen, sä att de mindre värkar
995 2375 1836 2421 som lefvande lif än som ett, värknings¬
992 2411 1838 2480 fullt inlägg. Det andra stycket, som skil¬
992 2459 1836 2524 drar den svära, slutligen omöjliga ställ¬
989 2504 1852 2577 ning, hvari en ung kvinna, som lefvat
990 2554 1830 2612 samman med sonen i en borgerlig familj,
981 2613 1838 2676 kommer, dä hon efter hans död (pä grund
985 2651 1845 2732 af hans pä dödsbädden uttryckta vilja)
990 2704 1851 2769 blifvit upptagen i ett korrekt borgerligt
985 2754 1836 2813 hem, är med en bitterhet lik den Huys¬
979 2811 1846 2853 mans förr i tiden ädagalade, riktat mot
981 2850 1845 2912 det officiella samhällets trängsinthet och
993 2907 1220 2962 fariseism.
1028 2942 1845 3005 Sä fick fantasimänniskan i Schitzler
998 2995 1850 3055 anyo luft i de tre smä enaktare, som
999 3043 1845 3112 1899 utkommo under den gemensamma ti¬
1003 3090 1845 3151 teln Den gröna kakadun. I Pa¬
993 3145 1851 3203 raceisus, som uppförts i Köpenhamn,
1001 3190 1856 3264 är den trolldom denne utöfvar hela hans
999 3254 1852 3306 styrka och svaghet, en sinnebild pä för¬
991 3291 1844 3351 tattarens. Det andra, egendomliga stye¬
995 3348 1838 3409 ket, Lifsledsagarinnan, är ett ut¬
987 3383 1849 3461 brott af författarens bitterhet och kvin¬
998 3434 1858 3496 noförakt; det tredje, hvarefter samlingen
1001 3477 1857 3540 erhällit sitt namn, är det första uttrycket
999 3512 1851 3596 för den grundäskädning, som nu fätt sitt
1010 3589 1859 3649 genombrott i hans sista arbete, hvari
1016 3624 1860 3685 värklighet och blott sken barockt och
989 3674 1854 3737 hemlighetsfullt glida öfver i hvarandra.
1001 3727 1861 3795 Den gröna kakadun utspelas ome¬
997 3778 1860 3852 delbart före den stora franska revolutio¬
1007 3823 1861 3884 nen i Paris, där — efter författarens egen¬
1003 3865 1856 3952 domliga hugskott — pé en krog skäde¬
1016 3913 1861 3977 spelare, läjda af värden, uppförs upp¬
1013 3976 1861 4039 rorsscener för blaserade aristokrater, tills
1011 4006 1863 4081 skämtet blir allvar, redan innan man rätt
1018 4066 1870 4120 vel om det stycket illustrerar sä att
1012 4111 1862 4184 säga Kirkegaards aforism: Det hände
999 4151 1862 4218 pä en teater, att det tog eld i kulisserna.
