3344 4320
189 307 554 411 Photos
705 307 1159 400 box 40/5
645 1012 1729 1092 Uns erscheint dieses Bild heute schon kulturge¬
648 1089 1734 1144 schichtlich bedeutsam als ein Träger jener lust¬
646 1120 1739 1195 voll- melancholischen „Pierrot - mourant“ - Stim¬
646 1182 1743 1246 mung, wie, die Gedichte Schaukals, die Aphoris¬
649 1227 1739 1291 men Altenbergs, die Arbeiten Schnitzlers, sie auf
655 1268 1742 1339 anderer künstlerischer Ebene für das Wien der
651 1315 1737 1389 untergehenden Vorkriegszeit festgehalten haben.
655 1367 1743 1430 Ubrigens fesselt das Bild auch heute den Beschauer
653 1420 1662 1484 durch geistreiche Technik und Komposition.
648 1458 1739 1534 Gewiß hat Krausz als Maler der „Gesellschaft“
657 1514 1744 1580 manches seinem Publikum zu Gefallen getan. Aber
657 1564 1752 1620 wenn die große ernste Aufgabe an iim herantrat,
652 1609 1755 1692 dann fand sie immer den ehrlichen Künstler in
658 1660 1754 1739 ihm bereit! Das zeigte sich im Weltkriege bei sei¬
655 1707 1754 1781 nen Mappenwerken „Türker und „Bulgarien
666 1773 1753 1825 die eine Reihe packender und vor. üglich gearbei¬
665 1807 1765 1885 ter Porträts, Studien, Bleistiftskizzen von oft
661 1869 1244 1936 intuitiver Kraft enthalten.
673 1901 1758 1983 Von den Arbeiten der letzten Jahre, de Krausz
663 1957 1764 2029 vor ernsten Aufgaben zeigen, sei das Bild „Richard
661 2006 1767 2084 Strauß am Dirigentenpult“ hervorgehoben (19zo,
664 2068 1764 2122 vergl. Deckelseite dieses Heftes!). Es errang über¬
668 2104 1755 2171 all, insbesondere bei den Ausstellungen des Car¬
666 2165 1765 2228 negie Institutes in den bedeutenden Städten Ame¬
673 2198 1766 2279 rikas größte Erfolge; auch das Porträt von Ida
663 2259 1764 2320 Roland als „Hamlet, die Porträts von Arthur
669 2297 1781 2384 Schnitzler, Prof. Sauer, und aus allerletzter Zeit
818 3516 967 3602 —
1442 3718 1730 3806 Ortan
1565 3775 1662 3826 170
1479 3906 1904 3970 Arthur Schnirzler
714 3914 1115 4003 Wilh. V. Krausz
2077 208 2153 287 —
2741 2267 2996 2337 Zeichnung
2067 2280 2418 2347 Wilh. V. Krau¬
2178 2321 2887 2393 Arbeir des 1g jährigen Künstlers
1903 2657 3011 2722 von Werner Krauß (19zz) müssen zu W. V.
1914 2709 3010 2782 Krausz Meisterleistungen gezählt werden. Daneben
1901 2764 3003 2828 stehr natürlich noch eine Fülle anderer Porträts,
1906 2825 3004 2879 insbesondere die der Schauspieler des Burgtheaters,
1912 2862 2756 2928 die eben jetzt das Künstlerhaus zeigt.
1918 2901 3002 2980 Auch eine Reihe von Bildnissen führender Per¬
1920 2964 3005 3027 sönlichkeiten des Staatslebens, wie Unterrichts¬
1908 3015 3013 3066 minister Dr. K. v. Schuschnigg und andere zeigen
1920 3053 3001 3132 die Charakterisierungsgabe des bewährten Men¬
1925 3115 3012 3170 schengestalters. Die öffentlichen Sammlungen ha¬
1920 3162 3019 3221 ben mehrere Werke von W V. Krausz erworben:
1919 3199 3024 3276 die Städtischen Sammlungen besitzen interessante
1919 3243 3014 3313 Bildnisse von William Unger, Rumpler, Arthur
1921 3295 3024 3363 Schnitzler. Die Galeric des 20. Jahrhunderts gab
1924 3347 3019 3411 dem kein erfaßten Charakterkopf des Malers
1926 3402 2526 3470 Zetsche einer Ehrenplatz.
1930 3436 3015 3515 Aber mehr noch als die Offentlichkeit weiß,
1929 3507 3008 3563 spricht der Reichtum ernster Zeichnungen, Stu¬
1927 3546 3022 3615 dien, mächtiger Kompositionen (Olivenpresse,
1932 3590 3030 3662 Prozession von San Rocco u. a.), die neben den
1937 3639 3014 3714 Porträts eleganter Gesellschaftsmenschen das viel¬
1938 3691 3025 3767 räumige Atelier von W. V. Krausz füllen, davon.
1927 3736 3029 3812 daß hier Erfolg nicht zum Stillstand geführt hat,
1927 3799 3023 3858 daß vielmehr Schaffenstrieb und Fleiß eines wirk¬
1939 3855 3028 3908 lichen Künstlers auf der Höhe seines Könnens
1935 3891 2677 3979 neue Schöpfungen vorbereiten..
