3336 4219
143 203 458 309 1. Die
1426 188 1891 283 box 35/6
472 196 1158 302 Frau des Neis
1125 217 1301 308 en
720 252 817 316 417
442 250 587 314 —
498 765 2848 879 wurden, sind manche nur ganz hingeworfene, skizzenhafte) können sich an dieser Gabe in gleicher Weise erfreuen. —
1672 809 2852 899 Mehr für den Gaumen der Ersteren ist Karl Gjellerups
492 851 1668 925 Bilder; zumeist gefällt sich der junge Dichter in grausiger
1686 851 2859 950 „Das Briefcouvert. Studie eines Graphologen“
491 899 1673 981 Stimmungsmalerei, er kann gruseln machen wie Edgar
1684 908 2859 993 (Berlin, Fischer) bestimmt. Die schöne Wissenschaft der
495 940 1674 1037 Allan Poc. Man träumt mit ihm den „Traum vom Tode“
1695 956 2874 1041 Graphologie bildet den Anknüpfungspunkt eines ihrer Jünger
495 990 1674 1069 und sieht die Gehenkten, welche den nächtlichen Wanderer
1691 1013 2875 1089 mit einer lustigen Sängerin, die freilich von ihrer angeb¬
504 1053 1677 1134 unter dem Galgen umlagern. Er hat echte Töne mystischer,
1693 1048 2868 1137 lichen Wiener Heimath wenig verspüren läßt, sie soll auch
500 1102 1681 1180 zarter Stimmung; Anderes, so sein Anruf an die „Einsam¬
1692 1098 2865 1185 einen unbesonnenen Freier vom entscheidenden Schritte ab¬
503 1142 1690 1219 keit“, sein „Anschauen“ des eigenen Wesens, ist mehr traditio¬
1693 1164 2872 1234 halten; sie thut es zwar nicht, behält aber in der bald ge¬
496 1183 1695 1268 nelle Pose als wirkliche Empfindung. Vor allem hat der
1693 1196 2878 1274 trennten Ehe recht. Zu der lustigen Geschichte passen die
509 1233 1680 1321 Dichter noch sich selbst zu suchen. — Dasselbe ist der
1695 1242 2879 1328 kleinen Randzeichnungen, die einem im Traum erscheinen
505 1272 1699 1389 Fall mit Rosa Mayreder=Obermayer, die in ihren
1697 1276 2878 1368 könnten, recht wenig. — Das Publikum wieder wird sich
513 1327 1685 1421 „Uebergängen“ (Dresden, Pierson) eine Reihe kleiner,
1697 1336 2879 1423 an Otto v. Leixners zwei Erzählungen: „Der Frack
511 1350 1687 1456 überraschend scharf beobachteter Bilder bietet und eine für
1696 1385 2884 1471 Amors“, „Der Stipendiat des Freiherrn von
504 1424 1699 1509 Frauen seltene satirische Begabung offenbart. Besonders
1695 1435 2879 1517 Erck“ (Berlin, Jancke) gütlich thun. Sie sind ebenso un¬
516 1470 1694 1568 „Der Klub der Uebermenschen“ und „Ein Märtyrer“ zeigen
1701 1479 2882 1571 bedeutend als harmlos, aber flott erzählt und gemacht.
515 1518 1695 1601 volles Verständniß des modernen Lebens, daneben findet
1701 1525 2883 1621 Das ist die Dutzendwaare, die zu allen Zeiten blühte, nicht
518 1557 1699 1654 sich manches Unfertige, Schablonenmäßige und Angelernte.
1716 1574 2902 1666 schadet und nicht nützt und weder dem Leser, noch dem
1290 1620 1713 1682 Fannie Pröger
513 1630 1299 1701 Doch überwiegt das Eigenartige. —
1716 1637 2402 1733 Dichter Kopfzerbrechen verursacht.
512 1661 1702 1759 kommt diesmal ganz ernst mit „Thränen“ (Berlin, Fischer),
520 1723 1698 1809 und ihre helle Individualität kleiden die schwarzen Farben
515 1761 1714 1846 nicht so recht. Sie gibt abgeschlossene Genrebilder, oft von
1874 1777 2726 1884 Die heiligen Stätten in Palästina.
517 1814 1715 1894 starker malerischer Wirkung, sie zieht aus einem dankbaren
526 1864 1710 1948 Stoff in „Wie der Preßl das Arbeiten verlernt hat“ nahezu
1807 1839 2891 1946 In den widersprechendsten Formen hat sich der Zug
1718 1900 2893 1999 nach dem heiligen Lande am Jordan von jeher kund¬
524 1906 1712 1989 den tragischen Extrakt, überall wird man die sichere Kunst
1718 1945 2900 2026 gethan: neben dem einsamen Pilgrim, dem die Sehnsucht,
531 1962 1709 2038 bewundern; nur gelegentlich, wie in „Begegnung“, dem Zu¬
1730 1987 2897 2072 das Grab des Herrn mit leiblichen Augen zu schauen, in¬
538 2008 1708 2089 sammentreffen eines geachteten Mannes mit seiner Jugend¬
1720 2020 2907 2115 brünstig das Herz schwellte, zogen glänzende Ritterschaaren
538 2052 1718 2133 geliebten, die das Verhältniß zur Dirne gemacht, wird in
1737 2069 2898 2160 in klirrender Waffenrüstung oder golddurchwirkten Prunk¬
530 2090 1712 2173 den Anklagen stark mit leerer Rhetorik gearbeitet. Die Ver¬
1734 2113 2907 2206 gewändern übers Meer nach Osten. Nicht heiliger Sinn
532 2136 1726 2227 fasserin und wir mit ihr sind erst in den letzten Erzählungen,
1735 2157 2911 2239 durchglühte ihre Brust, nicht der Gedanke, den Staub zu
542 2192 1711 2296 „Von der Pfeife und dem Kaffee“, einer humorvollen Bauern¬
1731 2217 2903 2282 küssen, den einst des Heilandes Fuß betrat, hatte sie aus
542 2237 1724 2332 geschichte, und dem köstlichen „Stein der Weisen“, der meister¬
1729 2240 2912 2326 ihren Burgen und Höfen im Abendland in die Ferne ge¬
543 2290 1724 2376 haft den Briefstil des 16. Jahrhunderts nachbildet, ganz zu
1726 2271 2908 2384 trieben: der ritterliche Kampf mit den Heiden, der Traum
1728 2320 2915 2403 von einem Königreich Jerusalem hatte ihnen lockend vor¬
547 2341 1728 2428 Hause. — Durch die Novellensammlung Thomas Manns:
1732 2371 2913 2451 geschwebt, die blaue Blume der Romantik sahen sie an
546 2393 1732 2482 „Der kleine Herr Friedemann“ (Berlin, Fischer)
1739 2407 2915 2500 dem kleinasiatischen Gestade leuchtend erblühen. Und
547 2422 1734 2510 zieht als leitendes Motiv die dem Leben nicht gewachsene
1742 2452 2915 2536 wieder Andere sah die Geschichte nach jenem Lande ziehen,
542 2470 1725 2563 Innerlichkeit. Sei es, daß, wie in der ersten Geschichte,
1735 2483 2920 2586 die, jeder anderen Waffe bar, durch die Macht ihres
549 2518 1728 2612 der physische Defekt den Buckelhans von der Liebe ausstößt,
1743 2539 2921 2617 glühenden Glaubens allein das heilige Grab den Händen
550 2567 1732 2666 sei es, daß ein suchender Geist an den Gaben, die das
1742 2583 2924 2670 der Ungläubigen entreißen wollten: psalmodirende Kinder¬
557 2610 1734 2705 Leben bietet, keine Befriedigung findet, wie in „Enttäuschung“.
1746 2632 2918 2707 schaaren, die auf dem rauhen und weiten Wege elendiglich
547 2653 1733 2748 oder ein einsamer Beobachter das Gefallen an sich selbst
1752 2683 2925 2749 zugrunde gingen, langhin sich streckende Züge von hohläugig
559 2703 1738 2814 verliert, wie in dem psychologisch meisterhaft geführten
1737 2716 2921 2814 dreinschauenden die Geißel schwingenden Asketen strebten
1742 2751 2923 2848 vergeblich den heiligen Stätten zu. Neben ihnen wallte
561 2758 1743 2850 „Bajazzo“ — überall droht ein Fragezeichen am Ende des
1750 2803 2917 2885 mit gramdurchfurchten Zügen der Fluchbeladene, der nur
561 2802 1743 2895 Lebens, und Mancher sucht die Antwort im freiwilligen
1751 2837 2930 2924 durch mühselige Fahrt zu dem Geburtsort des Heilands
558 2863 1734 2954 Tode. Der Dichter weiß aber auch das Gegenbild zu geben:
1760 2886 2924 2971 von der Strafe für schwere Missethat sich loskaufen konnte
567 2914 1737 2997 mit einem an ein Hebbel'sches Wort anklingenden Satze:
1755 2932 2928 3022 oder zog mit glänzendem Troß der Templer oder Johan¬
564 2951 1750 3039 „Man stirbt nicht, bevor man einverstanden ist“, bejaht er
1756 2972 2940 3059 niter der Ordensniederlassung zu, die an der syrischen
563 3010 1747 3084 den „Willen zum Leben,“ der den Sieg energischer, ziel¬
1761 3030 2936 3104 Küste die Zugänge zum Jordanland beschützte. Durch
565 3043 1749 3141 bewußter Menschen feiert. Thomas Mann ist entschieden
1750 3056 2934 3145 das ganze Mittelalter hindurch bis in die Anfänge der
574 3094 1750 3197 die bedeutendste dichterische Begabung, die uns diesmal
1757 3100 2935 3185 neuen Zeit hinein winkt dieses Gebiet der heiligen Stätten
565 3140 1756 3232 unter den Neulingen begegnet. Dagegen verspricht die Be¬
1761 3156 2933 3232 der abendländischen Christenheit wie ein geheimnißvolles
1761 3194 2939 3273 Idol aus der Ferne herüber; die unerhörtesten An¬
581 3185 1754 3278 kanntschaft, mit G. v. Beaulieu wenig, dessen kleine Ge¬
1759 3228 2940 3314 strengungen werden gemacht, um es in dauerndem Besitz
583 3230 1753 3339 schichte „Sein Bruder“ (Berlin, Fischer) recht geziert
1772 3266 2937 3370 zu halten; eine ganze neue Kultur entspringt aus den
583 3279 1756 3371 und widerlich mit der Verkleidung einer Frau in einen
1769 3315 2947 3393 Zügen und Kämpfen, die um seinetwillen durch Jahr¬
581 3338 1754 3425 Mann nicht ohne frivole Pointen spielt. — Ein neuer Band
1765 3356 2935 3455 hunderte hindurch unternommen werden. Aber weder die
574 3380 1759 3472 O. E. Hartlebens, dessen ältere Sammlungen inzwischen
1778 3397 2939 3497 gläubige Inbrunst der Pilgerschaaren, noch die Kriege
575 3427 1754 3522 neun wohlverdiente Auflagen erlebt haben, wird immer mit
1767 3438 2948 3541 und politischen Bemühungen der Päpste, Fürsten und
594 3473 1761 3566 Freude begrüßt. Auch im „Römischen Maler“ (Berlin,
1775 3489 2951 3580 Ritterorden können das Kleinod für das Abendland retten;
594 3526 1764 3621 Fischer) lacht wieder der echte kernige deutsche Humor, leben
1771 3529 2940 3609 es blieb in den Händen der Ungläubigen, die es ent¬
583 3569 1768 3673 wieder die naiven Männergestalten, die er so plastisch zu
1774 3569 2944 3662 stellten und in Schmutz und Elend verkommen ließen,
1773 3620 2952 3708 unterstützt durch die Gleichgültigkeit Europa's, das im
595 3628 1767 3713 schaffen weiß. Wie ergötzlich sind die Figuren der Dichter
1782 3662 2951 3745 Beginn der neuen Zeit, nur allzusehr mit sich selbst be¬
598 3676 1773 3762 in „Das Kalbscotelette“ und „Der Romancier“, der schwer
1781 3693 2946 3786 schäftigt, oder auch von dem neuentdeckten glänzenderen
589 3714 1777 3821 unter der Forderung des Erlebten zu leiden hat, wie fein
1781 3746 2939 3835 Westen angezogen, Palästina sast vergessen zu haben schien.
593 3764 1769 3866 satirisch das Märchen „Der bunte Vogel“. Und feuriger
1868 3784 2960 3869 Erst in unserm Jahrhundert ist das Interesse für
606 3817 1773 3907 Geist des italienischen Weines braust in der Titelnovelle.
1781 3828 2957 3922 das Land der heiligen Stätten im Abendland wieder wach¬
599 3858 1772 3972 Einzelne Sentenzen sind geradezu in Metall geprägt, z. B.
1779 3878 2958 3958 geworden. Aber in welch ganz anderer Form thut doch
609 3910 1776 4003 wenn der Dichter von der Liebe sagt: „Mit zwanzig Jahren
1782 3916 2952 4013 heute der Zug dahin sich kund! Nicht mehr im ritter¬
600 3955 1772 4053 weiß man genau, was das ist, später wird's einem immer
1770 3975 2961 4069 lichen Wagen gilt es den Hort, das heilige Grab, zu
609 4005 1783 4124 schleierhafter.“ Künstlerische Feinschmecker wie Publikum
1683 4071 1878 4146 Nr. 221.
