<?xml version="1.0" encoding="UTF-8" standalone="yes"?>
<PcGts xmlns="http://schema.primaresearch.org/PAGE/gts/pagecontent/2013-07-15" xmlns:xsi="http://www.w3.org/2001/XMLSchema-instance" xsi:schemaLocation="http://schema.primaresearch.org/PAGE/gts/pagecontent/2013-07-15 http://schema.primaresearch.org/PAGE/gts/pagecontent/2013-07-15/pagecontent.xsd">
    <Metadata>
        <Creator>prov=University of Rostock/Institute of Mathematics/CITlab/Gundram Leifert/gundram.leifert@uni-rostock.de:name=ONB_Newseye_GT_M1+(htr_id=10810)::::v=2.4.2
prov=University of Rostock/Institute of Mathematics/CITlab/Tobias Gruening/tobias.gruening@uni-rostock.de:name=de.uros.citlab.module.baseline2polygon.B2PSeamMultiOriented:v=2.4.2
prov=University of Rostock/Institute of Mathematics/CITlab/Tobias Gruening/tobias.gruening@uni-rostock.de:name=/mnt/transkribus/LA/DEA/URO/LA_news_onb_att.pb:de.uros.citlab.segmentation.CITlab_LA_ML:v=2.4.2
Transkribus</Creator>
        <Created>2019-10-07T13:52:29.089+02:00</Created>
        <LastChange>2019-10-08T23:08:35.528+02:00</LastChange>
        <TranskribusMetadata docId="224099" pageId="9510783" pageNr="28" tsid="16614195" status="IN_PROGRESS" userId="40391" imgUrl="https://files.transkribus.eu/Get?id=FACADHDTZIHKGGDQXYCGNUGH&amp;fileType=view" xmlUrl="https://files.transkribus.eu/Get?id=JVFIHNXOXAFMKYHIELKZOOTQ" imageId="6199307"/>
    </Metadata>
    <Page imageFilename="224099_0028.jpeg" imageWidth="3444" imageHeight="4219">
        <ReadingOrder>
            <OrderedGroup id="ro_1711444190802" caption="Regions reading order">
                <RegionRefIndexed index="0" regionRef="r1"/>
                <RegionRefIndexed index="1" regionRef="r2"/>
                <RegionRefIndexed index="2" regionRef="r3"/>
                <RegionRefIndexed index="3" regionRef="r4"/>
            </OrderedGroup>
        </ReadingOrder>
        <TextRegion orientation="0.0" id="r1" custom="readingOrder {index:0;}">
            <Coords points="177,212 177,367 262,367 262,212"/>
            <TextLine id="r1l1" custom="readingOrder {index:0;}">
                <Coords points="167,326 188,330 197,322 205,322 220,336 270,333 271,279 246,280 224,274 216,267 212,271 201,258 179,247 170,247"/>
                <Baseline points="177,312 205,316 233,317 262,315"/>
                <TextEquiv>
                    <Unicode>1.</Unicode>
                </TextEquiv>
            </TextLine>
            <TextEquiv>
                <Unicode>1.</Unicode>
            </TextEquiv>
        </TextRegion>
        <TextRegion orientation="0.0" id="r2" custom="readingOrder {index:1;}">
            <Coords points="288,264 288,3984 2218,3984 2218,264"/>
            <TextLine id="r2l1" custom="readingOrder {index:0;}">
                <Coords points="1450,315 1531,306 1570,325 1663,287 1704,313 1892,302 1891,238 1859,233 1831,244 1811,228 1716,244 1694,234 1641,261 1610,244 1580,256 1556,236 1475,236 1450,252"/>
                <Baseline points="1458,293 1483,294 1508,294 1533,294 1558,294 1583,294 1608,294 1633,294 1658,294 1683,293 1708,293 1733,293 1758,293 1783,293 1808,293 1833,293 1858,293 1883,293"/>
                <TextEquiv>
                    <Unicode>box 35/6</Unicode>
                </TextEquiv>
            </TextLine>
            <TextLine id="r2l2" custom="readingOrder {index:1;}">
                <Coords points="958,306 999,309 1018,302 1052,307 1063,304 1077,290 1092,292 1093,246 1064,247 1055,253 1044,248 1037,253 1009,244 999,250 990,246 983,250 959,249"/>
                <Baseline points="966,294 995,296 1025,297 1054,297 1084,298"/>
                <TextEquiv>
                    <Unicode>Ne</Unicode>
                </TextEquiv>
            </TextLine>
            <TextLine id="r2l3" custom="readingOrder {index:2;}">
                <Coords points="280,348 1153,331 1229,356 1317,325 1252,254 1131,249 1036,305 807,247 744,288 578,244 477,275 279,262"/>
                <Baseline points="288,328 339,327 390,327 441,326 492,326 543,325 594,325 645,324 696,323 747,323 798,322 849,321 900,320 951,320 1002,318 1053,318 1104,316 1155,315 1206,314 1257,313 1308,312"/>
                <TextEquiv>
                    <Unicode>Die Frau des isen</Unicode>
                </TextEquiv>
            </TextLine>
            <TextLine id="r2l4" custom="readingOrder {index:3;}">
                <Coords points="1116,1663 1193,1636 1320,1665 1387,1638 1924,1655 1924,1595 1813,1562 1116,1589"/>
                <Baseline points="1125,1631 1164,1631 1204,1631 1243,1631 1283,1631 1322,1631 1362,1632 1401,1632 1441,1633 1480,1634 1520,1634 1560,1635 1599,1636 1639,1636 1678,1637 1718,1637 1757,1638 1797,1638 1836,1638 1876,1637 1916,1637"/>
                <TextEquiv>
                    <Unicode>DEUTSCHE BUCHER.</Unicode>
                </TextEquiv>
            </TextLine>
            <TextLine id="r2l5" custom="readingOrder {index:4;}">
                <Coords points="948,1802 2132,1806 1789,1742 1667,1775 948,1747"/>
                <Baseline points="957,1795 1015,1796 1073,1796 1131,1797 1190,1797 1248,1797 1306,1798 1365,1798 1423,1798 1481,1799 1540,1799 1598,1799 1656,1800 1714,1800 1773,1801 1831,1801 1889,1802 1948,1803 2006,1804 2064,1805 2123,1806"/>
                <TextEquiv>
                    <Unicode>Rubotr Lisbau: Fanar und Maysair. — Die Fran des W’eisen,</Unicode>
                </TextEquiv>
            </TextLine>
            <TextLine id="r2l6" custom="readingOrder {index:5;}">
                <Coords points="838,1839 2208,1875 2208,1815 2153,1801 838,1800"/>
                <Baseline points="847,1840 914,1841 982,1841 1049,1842 1117,1842 1185,1843 1252,1843 1320,1843 1387,1843 1455,1843 1523,1844 1590,1844 1658,1844 1725,1844 1793,1845 1860,1845 1928,1846 1996,1847 2063,1848 2131,1850 2199,1851"/>
                <TextEquiv>
                    <Unicode>Novelletten von Akrnun Schyirzukk. — Medeng. — WiLHELMINE voN</Unicode>
                </TextEquiv>
            </TextLine>
            <TextLine id="r2l7" custom="readingOrder {index:6;}">
                <Coords points="1282,1913 1352,1898 1387,1914 1450,1906 1469,1925 1576,1891 1638,1906 1696,1896 1739,1927 1772,1916 1797,1930 1798,1849 1654,1865 1616,1852 1573,1869 1532,1853 1282,1853"/>
                <Baseline points="1291,1887 1317,1888 1343,1888 1369,1888 1395,1889 1422,1889 1448,1890 1474,1890 1500,1891 1526,1891 1553,1891 1579,1892 1605,1892 1631,1892 1657,1892 1684,1892 1710,1892 1736,1892 1762,1891 1789,1890"/>
                <TextEquiv>
                    <Unicode>HILLERN: Ein aller Streit.</Unicode>
                </TextEquiv>
            </TextLine>
            <TextLine id="r2l8" custom="readingOrder {index:7;}">
                <Coords points="847,2084 2091,2104 2210,2093 2211,2019 848,2027"/>
                <Baseline points="855,2072 922,2072 989,2072 1056,2072 1124,2073 1191,2074 1258,2075 1326,2075 1393,2076 1460,2077 1528,2078 1595,2079 1662,2079 1729,2080 1797,2080 1864,2080 1931,2080 1999,2080 2066,2079 2133,2078 2201,2076"/>
                <TextEquiv>
                    <Unicode>WoLERwoGENk Wanderpläne bewahren den Reisenden nicht</Unicode>
                </TextEquiv>
            </TextLine>
            <TextLine id="r2l9" custom="readingOrder {index:8;}">
                <Coords points="836,2153 2213,2139 2199,2105 1942,2091 837,2093"/>
                <Baseline points="845,2130 913,2132 981,2135 1049,2136 1117,2138 1185,2139 1253,2139 1321,2140 1389,2140 1457,2140 1525,2139 1593,2139 1661,2139 1729,2139 1797,2139 1865,2139 1933,2139 2001,2140 2069,2141 2137,2142 2205,2144"/>
                <TextEquiv>
                    <Unicode>notwendiger Weise vor verdriesslichen Ueberraschungen, vor</Unicode>
                </TextEquiv>
            </TextLine>
            <TextLine id="r2l10" custom="readingOrder {index:9;}">
                <Coords points="842,2214 2221,2210 2221,2165 2128,2151 843,2180"/>
                <Baseline points="851,2199 919,2199 987,2199 1055,2199 1123,2199 1191,2199 1259,2200 1327,2200 1395,2201 1463,2201 1532,2202 1600,2203 1668,2203 1736,2204 1804,2204 1872,2204 1940,2204 2008,2204 2076,2203 2144,2203 2213,2202"/>
                <TextEquiv>
                    <Unicode>Langweile und Enttäuschung. Mitunter weiss ihn der Zufall</Unicode>
                </TextEquiv>
            </TextLine>
            <TextLine id="r2l11" custom="readingOrder {index:10;}">
                <Coords points="840,2257 2225,2274 2201,2224 1892,2212 840,2232"/>
                <Baseline points="849,2261 917,2262 985,2264 1054,2265 1122,2265 1191,2266 1259,2267 1327,2267 1396,2267 1464,2268 1533,2268 1601,2268 1669,2267 1738,2267 1806,2267 1875,2266 1943,2266 2011,2265 2080,2265 2148,2264 2217,2263"/>
                <TextEquiv>
                    <Unicode>besser zu beraten und zu unterhalten, so dass man sehr wol den</Unicode>
                </TextEquiv>
            </TextLine>
            <TextLine id="r2l12" custom="readingOrder {index:11;}">
                <Coords points="845,2329 2216,2330 2216,2278 845,2277"/>
                <Baseline points="853,2322 920,2323 988,2324 1056,2324 1124,2325 1191,2326 1259,2326 1327,2326 1395,2327 1462,2327 1530,2327 1598,2327 1666,2327 1733,2327 1801,2327 1869,2327 1937,2327 2004,2326 2072,2326 2140,2325 2208,2325"/>
                <TextEquiv>
                    <Unicode>Spassvogel begreifen kann, der am Eisenbahnschalter auf die</Unicode>
                </TextEquiv>
            </TextLine>
            <TextLine id="r2l13" custom="readingOrder {index:12;}">
                <Coords points="848,2412 2210,2406 2163,2344 849,2337"/>
                <Baseline points="857,2387 924,2386 991,2386 1058,2386 1125,2386 1193,2386 1260,2386 1327,2387 1394,2387 1461,2388 1529,2388 1596,2389 1663,2389 1730,2389 1797,2390 1865,2390 1932,2390 1999,2390 2066,2389 2133,2388 2201,2387"/>
                <TextEquiv>
                    <Unicode>Frage: Wohin? erwiderte: “ Ja, wenn ich Ihnen das sagen</Unicode>
                </TextEquiv>
            </TextLine>
            <TextLine id="r2l14" custom="readingOrder {index:13;}">
                <Coords points="833,2472 2184,2472 2213,2415 833,2421"/>
                <Baseline points="842,2449 910,2448 978,2448 1046,2448 1114,2448 1182,2448 1250,2448 1318,2449 1386,2449 1454,2449 1523,2450 1591,2450 1659,2450 1727,2450 1795,2450 1863,2450 1931,2450 1999,2450 2067,2449 2135,2448 2204,2447"/>
                <TextEquiv>
                    <Unicode>könnte. Ich will eine Lustreise machen. Also, wohin Sie</Unicode>
                </TextEquiv>
            </TextLine>
            <TextLine id="r2l15" custom="readingOrder {index:14;}">
                <Coords points="845,2526 2211,2506 2211,2471 2024,2462 1136,2455 1039,2494 845,2459"/>
                <Baseline points="854,2508 921,2507 988,2507 1056,2507 1123,2507 1191,2508 1258,2508 1325,2509 1393,2510 1460,2511 1528,2512 1595,2512 1662,2513 1730,2513 1797,2513 1865,2513 1932,2513 1999,2512 2067,2510 2134,2509 2202,2506"/>
                <TextEquiv>
                    <Unicode>meinen. Halten wir es nicht anders mit unserer Sommer¬</Unicode>
                </TextEquiv>
            </TextLine>
            <TextLine id="r2l16" custom="readingOrder {index:15;}">
                <Coords points="830,2575 1466,2570 1728,2616 1959,2567 2222,2581 2142,2522 830,2547"/>
                <Baseline points="839,2568 907,2568 976,2568 1045,2569 1113,2569 1182,2570 1251,2571 1319,2572 1388,2572 1457,2573 1526,2574 1594,2575 1663,2575 1732,2576 1800,2576 1869,2577 1938,2577 2006,2577 2075,2577 2144,2577 2213,2577"/>
                <TextEquiv>
                    <Unicode>Bücher-Reise. Folgen wir der Ansicht-Sendung. Vertrauen</Unicode>
                </TextEquiv>
            </TextLine>
            <TextLine id="r2l17" custom="readingOrder {index:16;}">
                <Coords points="840,2629 914,2648 1050,2655 1110,2636 1187,2657 1246,2638 1323,2657 1395,2647 1396,2597 1284,2587 1188,2605 1121,2579 1066,2598 1052,2584 840,2598"/>
                <Baseline points="849,2627 875,2628 902,2629 929,2629 956,2629 983,2630 1010,2630 1036,2630 1063,2630 1090,2630 1117,2630 1144,2630 1171,2630 1198,2630 1224,2630 1251,2630 1278,2630 1305,2630 1332,2630 1359,2630 1386,2629"/>
                <TextEquiv>
                    <Unicode>wir dem Büchereinlauf.</Unicode>
                </TextEquiv>
            </TextLine>
            <TextLine id="r2l18" custom="readingOrder {index:17;}">
                <Coords points="885,2686 991,2721 2062,2721 2211,2700 2212,2647 885,2653"/>
                <Baseline points="893,2688 958,2689 1024,2690 1089,2691 1155,2693 1220,2693 1286,2694 1351,2695 1417,2695 1482,2696 1548,2696 1613,2696 1679,2696 1744,2697 1810,2697 1875,2696 1941,2696 2006,2696 2072,2696 2137,2696 2203,2695"/>
                <TextEquiv>
                    <Unicode>Obenauf in unserem Päckchen liegt diesmal Fanar und</Unicode>
                </TextEquiv>
            </TextLine>
            <TextLine id="r2l19" custom="readingOrder {index:18;}">
                <Coords points="841,2764 2207,2770 2151,2711 841,2738"/>
                <Baseline points="849,2755 916,2755 984,2755 1051,2756 1119,2756 1186,2757 1254,2757 1321,2757 1389,2758 1456,2758 1524,2758 1591,2759 1659,2759 1726,2759 1794,2759 1861,2760 1929,2760 1996,2760 2064,2760 2131,2760 2199,2760"/>
                <TextEquiv>
                    <Unicode>Maysair, Koman von Rudolf Lindau (Berlin, Fontane, 1808).</Unicode>
                </TextEquiv>
            </TextLine>
            <TextLine id="r2l20" custom="readingOrder {index:19;}">
                <Coords points="839,2826 2220,2826 2148,2773 839,2788"/>
                <Baseline points="847,2818 915,2818 983,2819 1051,2819 1120,2820 1188,2820 1256,2820 1324,2821 1393,2821 1461,2821 1529,2821 1597,2821 1666,2821 1734,2821 1802,2821 1870,2821 1939,2821 2007,2821 2075,2821 2143,2821 2212,2821"/>
                <TextEquiv>
                    <Unicode>Die fremdländischen Eigennamen des Titels bezeichnen die</Unicode>
                </TextEquiv>
            </TextLine>
            <TextLine id="r2l21" custom="readingOrder {index:20;}">
                <Coords points="840,2880 2218,2910 2218,2864 2070,2841 840,2845"/>
                <Baseline points="849,2880 917,2881 985,2881 1053,2881 1121,2881 1189,2881 1257,2881 1325,2881 1393,2881 1461,2881 1529,2881 1597,2881 1665,2881 1733,2881 1801,2881 1869,2881 1937,2881 2005,2882 2073,2882 2141,2882 2210,2883"/>
                <TextEquiv>
                    <Unicode>Schauplätze der Geschichte.“ Wenn Sie einen Türken fragen,</Unicode>
                </TextEquiv>
            </TextLine>
            <TextLine id="r2l22" custom="readingOrder {index:21;}">
                <Coords points="837,2942 2226,2955 2185,2905 2002,2893 837,2910"/>
                <Baseline points="845,2944 913,2943 982,2942 1050,2942 1119,2942 1188,2942 1256,2942 1325,2942 1394,2943 1462,2943 1531,2944 1600,2944 1668,2945 1737,2945 1806,2945 1874,2945 1943,2945 2012,2945 2080,2944 2149,2943 2218,2941"/>
                <TextEquiv>
                    <Unicode>weshalb man dieses Viertel von Stambul Fanar nennt, so wird</Unicode>
                </TextEquiv>
            </TextLine>
            <TextLine id="r2l23" custom="readingOrder {index:22;}">
                <Coords points="842,3011 2215,3033 2216,2974 842,2973"/>
                <Baseline points="851,3005 918,3005 986,3004 1054,3004 1122,3004 1190,3004 1257,3005 1325,3005 1393,3006 1461,3006 1529,3007 1596,3008 1664,3008 1732,3009 1800,3009 1868,3010 1935,3010 2003,3010 2071,3010 2139,3010 2207,3010"/>
                <TextEquiv>
                    <Unicode>er Ihnen antworten, weil es ein schlechter, ungesunder Ort ist:</Unicode>
                </TextEquiv>
            </TextLine>
            <TextLine id="r2l24" custom="readingOrder {index:23;}">
                <Coords points="842,3071 2222,3086 2191,3027 842,3034"/>
                <Baseline points="850,3072 918,3070 986,3068 1054,3067 1122,3066 1191,3066 1259,3065 1327,3066 1395,3066 1463,3066 1532,3067 1600,3068 1668,3069 1736,3070 1804,3070 1873,3071 1941,3072 2009,3072 2077,3072 2145,3072 2214,3072"/>
                <TextEquiv>
                    <Unicode>Fena-per. (Die Etymologie ist fragwürdig; ein andermal</Unicode>
                </TextEquiv>
            </TextLine>
            <TextLine id="r2l25" custom="readingOrder {index:24;}">
                <Coords points="841,3134 2221,3158 2221,3103 2161,3089 841,3089"/>
                <Baseline points="849,3130 917,3130 985,3129 1053,3129 1121,3129 1190,3129 1258,3129 1326,3129 1394,3129 1462,3129 1531,3129 1599,3129 1667,3129 1735,3130 1803,3130 1872,3130 1940,3130 2008,3130 2076,3130 2144,3129 2213,3129"/>
                <TextEquiv>
                    <Unicode>deutet unser Auter auf die Leuchttürme, die am Eingang in</Unicode>
                </TextEquiv>
            </TextLine>
            <TextLine id="r2l26" custom="readingOrder {index:25;}">
                <Coords points="844,3184 1140,3223 2226,3199 2202,3154 1996,3142 844,3152"/>
                <Baseline points="853,3191 921,3190 989,3190 1057,3190 1125,3190 1194,3190 1262,3190 1330,3190 1398,3191 1466,3191 1535,3191 1603,3192 1671,3192 1739,3192 1807,3192 1876,3192 1944,3192 2012,3192 2080,3192 2148,3191 2217,3190"/>
                <TextEquiv>
                    <Unicode>den Bosporus errichtet sind und denen der Stadtteil Fanar und</Unicode>
                </TextEquiv>
            </TextLine>
            <TextLine id="r2l27" custom="readingOrder {index:26;}">
                <Coords points="841,3268 1984,3283 2181,3266 2214,3216 841,3230"/>
                <Baseline points="849,3252 916,3251 984,3251 1052,3251 1120,3250 1188,3250 1255,3250 1323,3251 1391,3251 1459,3251 1527,3251 1594,3252 1662,3252 1730,3252 1798,3252 1866,3252 1933,3252 2001,3252 2069,3252 2137,3251 2205,3251"/>
                <TextEquiv>
                    <Unicode>die denselben bewohnenden Fanarioten ihren Namen ver¬</Unicode>
                </TextEquiv>
            </TextLine>
            <TextLine id="r2l28" custom="readingOrder {index:27;}">
                <Coords points="838,3315 2213,3328 2155,3269 838,3284"/>
                <Baseline points="847,3312 914,3312 982,3312 1050,3313 1118,3313 1186,3313 1254,3314 1321,3315 1389,3315 1457,3316 1525,3316 1593,3317 1661,3317 1729,3317 1796,3317 1864,3317 1932,3316 2000,3315 2068,3314 2136,3312 2204,3310"/>
                <TextEquiv>
                    <Unicode>danken.) Von diesem ehemaligen Stammquartier altgriechi¬</Unicode>
                </TextEquiv>
            </TextLine>
            <TextLine id="r2l29" custom="readingOrder {index:28;}">
                <Coords points="848,3380 2211,3384 2211,3348 2097,3328 848,3339"/>
                <Baseline points="856,3377 923,3375 990,3375 1058,3374 1125,3374 1192,3375 1260,3375 1327,3376 1394,3377 1462,3378 1529,3379 1596,3380 1664,3381 1731,3381 1798,3382 1866,3381 1933,3380 2000,3379 2068,3377 2135,3374 2203,3371"/>
                <TextEquiv>
                    <Unicode>scher Fürstengeschlechter ziehen sich in unserem Roman feine</Unicode>
                </TextEquiv>
            </TextLine>
            <TextLine id="r2l30" custom="readingOrder {index:29;}">
                <Coords points="838,3464 2221,3460 2142,3391 838,3404"/>
                <Baseline points="847,3436 915,3436 983,3437 1051,3437 1120,3438 1188,3439 1256,3439 1324,3440 1393,3441 1461,3441 1529,3442 1597,3442 1666,3442 1734,3443 1802,3443 1870,3442 1939,3442 2007,3441 2075,3440 2143,3439 2212,3437"/>
                <TextEquiv>
                    <Unicode>und feste, lichte und dunkle Fäden nach Herrensitzen des</Unicode>
                </TextEquiv>
            </TextLine>
            <TextLine id="r2l31" custom="readingOrder {index:30;}">
                <Coords points="840,3497 2143,3523 2213,3460 974,3444 840,3482"/>
                <Baseline points="849,3495 916,3497 984,3498 1052,3499 1120,3500 1188,3501 1255,3502 1323,3503 1391,3504 1459,3505 1527,3505 1594,3506 1662,3506 1730,3505 1798,3505 1866,3504 1933,3503 2001,3501 2069,3499 2137,3497 2205,3494"/>
                <TextEquiv>
                    <Unicode>englischen Hochadels. Ein britischer Gentleman heiratet die</Unicode>
                </TextEquiv>
            </TextLine>
            <TextLine id="r2l32" custom="readingOrder {index:31;}">
                <Coords points="848,3567 979,3605 1276,3562 1859,3598 2218,3564 2165,3518 1496,3549 848,3512"/>
                <Baseline points="857,3556 924,3558 992,3560 1059,3561 1127,3562 1195,3563 1262,3564 1330,3564 1397,3564 1465,3564 1533,3564 1600,3564 1668,3564 1735,3564 1803,3564 1870,3563 1938,3563 2006,3563 2073,3562 2141,3562 2209,3562"/>
                <TextEquiv>
                    <Unicode>engelhafte Hypatia aus dem erlauchten Hospodarenhaus der</Unicode>
                </TextEquiv>
            </TextLine>
            <TextLine id="r2l33" custom="readingOrder {index:32;}">
                <Coords points="768,3856 778,3854 792,3859 795,3855 797,3857 801,3854 805,3859 819,3855 831,3857 834,3809 822,3808 817,3803 811,3806 798,3795 793,3795 779,3805 770,3804"/>
                <Baseline points="778,3838 824,3840"/>
                <TextEquiv>
                    <Unicode></Unicode>
                </TextEquiv>
            </TextLine>
            <TextLine id="r2l34" custom="readingOrder {index:33;}">
                <Coords points="1485,3957 1494,3957 1497,3953 1506,3953 1511,3958 1521,3957 1526,3953 1533,3957 1545,3948 1564,3951 1564,3907 1542,3908 1514,3924 1509,3919 1500,3919 1497,3922 1485,3920"/>
                <Baseline points="1493,3935 1524,3935 1555,3935"/>
                <TextEquiv>
                    <Unicode></Unicode>
                </TextEquiv>
            </TextLine>
            <TextLine id="r2l35" custom="readingOrder {index:34;}">
                <Coords points="1294,3991 1313,3987 1329,3999 1351,3984 1393,4002 1413,3996 1451,4005 1468,3998 1465,3890 1438,3894 1425,3886 1361,3913 1349,3905 1335,3916 1292,3919"/>
                <Baseline points="1302,3970 1328,3969 1354,3968 1380,3966 1406,3965 1432,3965 1458,3968"/>
                <TextEquiv>
                    <Unicode> u.  </Unicode>
                </TextEquiv>
            </TextLine>
            <TextEquiv>
                <Unicode>box 35/6
Ne
Die Frau des isen
DEUTSCHE BUCHER.
Rubotr Lisbau: Fanar und Maysair. — Die Fran des W’eisen,
Novelletten von Akrnun Schyirzukk. — Medeng. — WiLHELMINE voN
HILLERN: Ein aller Streit.
WoLERwoGENk Wanderpläne bewahren den Reisenden nicht
notwendiger Weise vor verdriesslichen Ueberraschungen, vor
Langweile und Enttäuschung. Mitunter weiss ihn der Zufall
besser zu beraten und zu unterhalten, so dass man sehr wol den
Spassvogel begreifen kann, der am Eisenbahnschalter auf die
Frage: Wohin? erwiderte: “ Ja, wenn ich Ihnen das sagen
könnte. Ich will eine Lustreise machen. Also, wohin Sie
meinen. Halten wir es nicht anders mit unserer Sommer¬
Bücher-Reise. Folgen wir der Ansicht-Sendung. Vertrauen
wir dem Büchereinlauf.
Obenauf in unserem Päckchen liegt diesmal Fanar und
Maysair, Koman von Rudolf Lindau (Berlin, Fontane, 1808).
Die fremdländischen Eigennamen des Titels bezeichnen die
Schauplätze der Geschichte.“ Wenn Sie einen Türken fragen,
weshalb man dieses Viertel von Stambul Fanar nennt, so wird
er Ihnen antworten, weil es ein schlechter, ungesunder Ort ist:
Fena-per. (Die Etymologie ist fragwürdig; ein andermal
deutet unser Auter auf die Leuchttürme, die am Eingang in
den Bosporus errichtet sind und denen der Stadtteil Fanar und
die denselben bewohnenden Fanarioten ihren Namen ver¬
danken.) Von diesem ehemaligen Stammquartier altgriechi¬
scher Fürstengeschlechter ziehen sich in unserem Roman feine
und feste, lichte und dunkle Fäden nach Herrensitzen des
englischen Hochadels. Ein britischer Gentleman heiratet die
engelhafte Hypatia aus dem erlauchten Hospodarenhaus der


 u.  </Unicode>
            </TextEquiv>
        </TextRegion>
        <TextRegion orientation="0.0" id="r3" custom="readingOrder {index:2;}">
            <Coords points="2096,97 2096,254 2295,254 2295,97"/>
            <TextLine id="r3l1" custom="readingOrder {index:0;}">
                <Coords points="2090,246 2136,230 2167,239 2190,221 2201,230 2235,218 2276,220 2287,228 2304,221 2302,155 2284,154 2213,179 2161,173 2143,185 2130,180 2088,187"/>
                <Baseline points="2096,204 2124,203 2152,202 2181,201 2209,200 2238,199 2266,198 2295,197"/>
                <TextEquiv>
                    <Unicode></Unicode>
                </TextEquiv>
            </TextLine>
            <TextEquiv>
                <Unicode></Unicode>
            </TextEquiv>
        </TextRegion>
        <TextRegion orientation="0.0" id="r4" custom="readingOrder {index:3;}">
            <Coords points="2698,1834 2698,2361 2937,2361 2937,1834"/>
            <TextLine id="r4l1" custom="readingOrder {index:0;}">
                <Coords points="2896,1863 2918,1857 2927,1865 2937,1864 2931,1799 2923,1800 2920,1803 2909,1799 2901,1804 2890,1804"/>
                <Baseline points="2904,1856 2928,1854"/>
                <TextEquiv>
                    <Unicode>34</Unicode>
                </TextEquiv>
            </TextLine>
            <TextLine id="r4l2" custom="readingOrder {index:1;}">
                <Coords points="2743,1977 2762,1972 2785,1993 2803,1997 2813,2008 2821,2003 2847,2005 2857,2012 2871,2009 2873,1939 2845,1938 2835,1943 2806,1916 2789,1921 2765,1905 2745,1905"/>
                <Baseline points="2751,1992 2779,1991 2807,1992 2835,1993 2863,1994"/>
                <TextEquiv>
                    <Unicode></Unicode>
                </TextEquiv>
            </TextLine>
            <TextLine id="r4l3" custom="readingOrder {index:2;}">
                <Coords points="2740,2065 2788,2074 2799,2068 2807,2070 2814,2064 2819,2069 2829,2068 2835,2007 2824,2004 2812,2007 2775,1978 2748,1974"/>
                <Baseline points="2752,2025 2788,2031 2824,2031"/>
                <TextEquiv>
                    <Unicode>200</Unicode>
                </TextEquiv>
            </TextLine>
            <TextLine id="r4l4" custom="readingOrder {index:3;}">
                <Coords points="2714,2117 2756,2112 2766,2118 2775,2111 2804,2118 2825,2095 2855,2094 2873,2078 2885,2085 2927,2082 2922,2027 2898,2030 2875,2022 2850,2029 2829,2053 2763,2083 2746,2070 2725,2085 2709,2080"/>
                <Baseline points="2720,2104 2745,2098 2770,2092 2795,2088 2820,2083 2845,2081 2870,2079 2895,2079 2920,2080"/>
                <TextEquiv>
                    <Unicode>ee</Unicode>
                </TextEquiv>
            </TextLine>
            <TextLine id="r4l5" custom="readingOrder {index:4;}">
                <Coords points="2816,2146 2829,2140 2839,2143 2858,2134 2867,2137 2889,2114 2906,2111 2914,2104 2919,2108 2945,2105 2943,2086 2928,2085 2915,2078 2900,2079 2887,2087 2872,2079 2851,2098 2841,2092 2832,2097 2812,2097"/>
                <Baseline points="2823,2129 2851,2126 2880,2123 2908,2122 2937,2119"/>
                <TextEquiv>
                    <Unicode>S</Unicode>
                </TextEquiv>
            </TextLine>
            <TextLine id="r4l6" custom="readingOrder {index:5;}">
                <Coords points="2704,2142 2716,2145 2720,2151 2723,2152 2729,2147 2735,2153 2751,2153 2755,2118 2747,2117 2729,2107 2709,2103"/>
                <Baseline points="2712,2141 2744,2145"/>
                <TextEquiv>
                    <Unicode></Unicode>
                </TextEquiv>
            </TextLine>
            <TextLine id="r4l7" custom="readingOrder {index:6;}">
                <Coords points="2756,2177 2765,2177 2771,2170 2785,2164 2794,2168 2807,2164 2813,2169 2817,2165 2828,2166 2824,2105 2816,2105 2804,2118 2799,2118 2792,2112 2778,2114 2775,2111 2765,2118 2761,2115 2753,2116"/>
                <Baseline points="2764,2166 2791,2164 2819,2163"/>
                <TextEquiv>
                    <Unicode>0</Unicode>
                </TextEquiv>
            </TextLine>
            <TextLine id="r4l8" custom="readingOrder {index:7;}">
                <Coords points="2748,2196 2762,2194 2777,2207 2804,2189 2817,2190 2824,2197 2843,2184 2848,2190 2864,2189 2866,2136 2838,2143 2812,2167 2763,2169 2758,2163 2750,2163"/>
                <Baseline points="2757,2192 2789,2194 2822,2196 2855,2196"/>
                <TextEquiv>
                    <Unicode></Unicode>
                </TextEquiv>
            </TextLine>
            <TextLine id="r4l9" custom="readingOrder {index:8;}">
                <Coords points="2690,2231 2710,2222 2717,2227 2739,2220 2745,2225 2765,2223 2779,2235 2803,2226 2826,2225 2825,2191 2806,2188 2792,2195 2772,2185 2762,2195 2755,2195 2729,2180 2722,2186 2713,2179 2689,2181"/>
                <Baseline points="2698,2215 2727,2218 2757,2218 2786,2216 2816,2215"/>
                <TextEquiv>
                    <Unicode></Unicode>
                </TextEquiv>
            </TextLine>
            <TextLine id="r4l10" custom="readingOrder {index:9;}">
                <Coords points="2720,2265 2741,2260 2763,2270 2779,2264 2796,2272 2814,2262 2828,2263 2842,2256 2853,2268 2863,2269 2868,2230 2851,2224 2837,2226 2828,2215 2813,2227 2802,2226 2784,2234 2741,2220 2725,2222"/>
                <Baseline points="2730,2259 2755,2258 2780,2258 2805,2262 2830,2267 2855,2272"/>
                <TextEquiv>
                    <Unicode></Unicode>
                </TextEquiv>
            </TextLine>
            <TextLine id="r4l11" custom="readingOrder {index:10;}">
                <Coords points="2723,2289 2736,2295 2742,2290 2754,2294 2772,2286 2794,2315 2812,2307 2820,2312 2852,2296 2864,2297 2868,2270 2853,2268 2842,2256 2806,2268 2796,2263 2782,2265 2774,2258 2761,2256 2749,2262 2727,2260"/>
                <Baseline points="2732,2283 2763,2284 2794,2289 2825,2296 2856,2297"/>
                <TextEquiv>
                    <Unicode></Unicode>
                </TextEquiv>
            </TextLine>
            <TextLine id="r4l12" custom="readingOrder {index:11;}">
                <Coords points="2702,2304 2712,2305 2716,2302 2728,2313 2736,2309 2742,2315 2753,2307 2767,2320 2778,2321 2782,2287 2770,2284 2763,2277 2754,2276 2736,2281 2717,2256 2708,2255"/>
                <Baseline points="2711,2304 2741,2308 2771,2312"/>
                <TextEquiv>
                    <Unicode>P..</Unicode>
                </TextEquiv>
            </TextLine>
            <TextLine id="r4l13" custom="readingOrder {index:12;}">
                <Coords points="2692,2347 2707,2351 2732,2338 2755,2355 2769,2345 2779,2345 2786,2350 2800,2347 2810,2361 2819,2356 2831,2359 2840,2309 2828,2307 2818,2312 2805,2308 2791,2318 2780,2310 2766,2315 2755,2308 2738,2312 2726,2310 2720,2303 2699,2305"/>
                <Baseline points="2704,2329 2734,2334 2764,2338 2794,2344 2824,2351"/>
                <TextEquiv>
                    <Unicode>SR</Unicode>
                </TextEquiv>
            </TextLine>
            <TextEquiv>
                <Unicode>34

200
ee
S

0




P..
SR</Unicode>
            </TextEquiv>
        </TextRegion>
    </Page>
</PcGts>
