3336 4252
540 280 1136 356 rau des Neis
683 294 1264 390 —
116 298 631 397 1. Die Fie
207 639 1303 729 So ergeht sich Arthur Schnitzler, der Ver¬
204 718 1316 781 fasser des Dramas „Liebelei“ in einigen Novelletten
203 762 1305 812 seines Buches „Die Frau des Weisen“ (2. Auflage
200 806 1315 861 Berlin 1898, S. Fischer) in endlosen Gedankenreihen,
209 844 1312 911 die eigentlich sehr nebensächlich sind, weil sie von unter¬
200 886 1041 951 geordneten Geistern gedacht werden.
1084 897 1309 962 In der
205 939 1314 998 ersten Erzählung ist es eine Ich Person, die in
199 976 1312 1041 einem dänischen Badeort, bald in einem Kahn,
203 1027 1304 1075 bald unter Buchen faulenzt und ihre unbedeuten¬
209 1068 1305 1126 den Eindrücke aufschreibt, bis langsam die Begegnung
204 1112 1310 1187 mit der Frau des Lehrers, bei dem jener
212 1162 1096 1218 „Ich“ als Primaner in Pension war,
1203 1165 1303 1223 die
1093 1162 1208 1215 in
210 1209 1313 1267 Aufzeichnung hineintröpfelt, dazu einzelne Erinnerungen,
205 1245 1299 1306 aber man verliert fast die Geduld, ehe man endlich dar¬
217 1286 1305 1348 über unterrichtet wird, daß zwischen dieser Frau und
208 1333 1305 1384 dem Schüler beim Scheiden ein Liebesgeständnis stattge¬
207 1378 1301 1441 funden hat und von dem Lehrer belauscht ist. Seitdem
205 1426 1299 1478 sind sieben Jahre vergangen, die Frau hält sich mit
209 1466 1308 1529 ihrem vierjährigen Knaben allein in dem Seebad auf, um
218 1510 1290 1568 später ihren Mann zu treffen und knüpft von neuem Be¬
200 1564 1301 1595 ziehungen mit dem ehemaligen Pensionär an, der sie aber
205 1604 1299 1655 verläßt, als ei erfährt, daß ihr Gatte ihr kein Wort
207 1640 1307 1707 von der damaligen Entdeckung gesagt hat, daß sie all
208 1690 1300 1755 die Jahre, ohne es zu fühlen, unter einer großen Ver¬
212 1736 1301 1797 zeihung dahin gelebt hat. Das seelische Problem ist
207 1782 1301 1834 überaus fein, die Skizzierung sehr zart hingehaucht, aber
203 1821 1299 1894 statt der beabsichtigten träumerischen Stimmung weht
197 1862 1296 1921 aus dem Zuviel von gleichgiltigen Anmerkungen eine ge¬
198 1915 1299 1968 wisse Langeweile. Noch mehr ist das der Fall in der
198 1949 1304 1996 Skizze „Ein Abschied“. Ein ungenannter „Er“ vermißt
200 1990 1296 2061 den gewohnten Besuch der heimlich Geliebten, er schleicht
199 2046 1298 2090 vor ihr Haus, ungewiß ob sie krank ist, endlich erfährt
199 2085 1306 2151 er, sie ist krank, sie ist sehr krank, sie liegt im Sterben,
199 2121 1304 2195 sie ist tot, dann dringt er in das Trauerhaus, durch die
199 2174 1291 2240 Leidtragenden, zum Totenbett, vor dem der Gatte in
208 2220 1290 2277 Schmerz zusammengebrochen ist, hier endlich ist das
205 2265 1288 2309 Problem. „Er“ wagt nicht, dem trauernden Gatten das
202 2302 1297 2358 Recht zu bestreiten, an dem Bett zu knieen und fühlt
203 2358 1291 2418 ein verächtliches Lächeln der Toten. Aber bis wir end¬
202 2398 1301 2451 lich dahin kommen, müssen wir jeden Gedanken, den der
197 2441 1295 2505 Liebhaber denkt, während er tagelang im Regen vor dem
193 2484 1285 2534 Sterbehaus auf der Straße steht in qualvoller Unge¬
201 2529 1291 2581 duld anhören, ohne eigentlich imstande zu sein, die
185 2578 1279 2644 Qualen des trauernden Liebhabers anders als närrisch
192 2600 1361 2693 und langweilig zu finden. Der Liebhaber erscheint uns
182 2666 1281 2732 als ein recht banaler Durchschnittsmensch, nur noch
192 2703 1295 2748 etwas nervöser als andere Normalmenschen, und wenn
193 2747 1302 2815 er nach der Nervenerregung der letzten Tage auf dem
186 2796 1284 2866 starren Gesicht der Toten ein Lächeln zu sehen glaubt,
190 2841 1289 2890 und dem aus seinem schlechten Gewissen eine Deutung
190 2887 1280 2946 unterlegt, so ist das noch lange kein Problem, dem man
189 2927 1288 3006 Interesse abgewinnen kann. Das breite Vorführen von
185 2972 1282 3023 nebensächlichen Dingen ist auch das Unglück der Ge¬
184 3017 1287 3078 schichte „Blumen“. Ein Liebhaber bekommt regelmäßig
180 3063 1288 3132 von seinem geliebten Mädchen Blumen, auch nach ihrem
181 3097 1298 3169 Tode trifft zum gleichen Tag der Blumenstrauß ein und
172 3149 1286 3200 er steht unter einer Art Suggestion, die von diesen Blumen
181 3195 1284 3255 ausgeht, bis eine neue Liebe die alten welken Blumen
174 3232 1288 3308 fortwirft und frische hinsetzt. Die bedeutendste Novellette
174 3283 1281 3347 des Buches ist die letzte „Die Toten schweigen“. Eine
172 3326 1277 3378 junge Frau macht mit dem heimlich Geliebten eine
172 3363 1287 3427 abendliche Spazierfahrt, der betrunkene Kutscher wirft
170 3408 1277 3477 den Wagen än einem Steinhaufen um, die Insassen
183 3461 1281 3512 stürzen heraus; die Frau ist wenig verletzt, der Mann
167 3486 297 3553 tot.
300 3510 1277 3562 Während der Kutscher Hilfe herbeiholen will,
178 3537 1292 3607 flieht sie unter großen Seelenqualen in die Stadt zurück,
168 3584 1292 3655 fortwährend für das Zugeständnis, das sie der
164 3627 1273 3701 Konvention machte, als sie den toten Geliebten verließ,
174 3677 1270 3744 nach Entschuldigungen ringend. Sie glaubt sich im
168 3722 1276 3789 Hause geborgen bei Mann und Kind, sie sucht sich zu
174 3765 1279 3828 bezwingen, aber die Anklage des Toten schweigt nicht in
169 3799 1272 3866 fihrem fiebernden Empfinden und sie verrät sich. Hier
178 3857 1265 3920 ist ein Problem durch Seelenzeichnung gelöst und jedes
181 3903 1277 3948 Empfindungsmoment ist bedeutsam. Immerhin steckt
216 3952 1265 4002 ber auch in den anderen Novelletten des Wiener Ver¬
169 3979 1257 4055 hältnisse behandelnden Dichters ein schönes Stück
165 4034 1166 4112 künstlerischer Arbeit und bildungsfähiger Eigenart¬
1395 271 1867 362 box 35/6
1736 1160 2055 1253 e
2225 1280 2598 1367 Telefon 12801.
1752 1271 1843 1425 2
1952 1375 2866 1443 Unternehmen für Zeitungs-Ausschnitte
2920 1408 3135 1476 Ausschnitt
2686 1469 2752 1534 4
2867 1458 3127 1575 Nr. 41
2045 1478 2718 1579 „OBSENVER
1676 1566 3133 1644 I. österr. behördl. concess. Bureau für Zeitungsberichte und Personalnachrichten
1984 1634 2850 1722 Wien, IX/1 Türkenstrasse 17.
1880 1719 2902 1799 — Filiale in Budapest: „Figyelö“, VIII. Josefsring 31 a. —
2227 1828 2943 1926 S
1654 1872 2223 1961 Ausschnitt aus: —
2204 1941 2987 2050 G
1662 1995 2232 2107 vom JUN 1898
2057 2161 2633 2233 Eingegangene Bücher.
1848 2216 2893 2272 Die Fran des Weisen. Noveletten von A. Schnihler¬
1769 2257 2892 2313 (Berlin, S. Fischer.) Der Verfasser des über alle nam¬
1779 2298 2883 2347 haften Bühnen mit viel Erfolg gebenden Schauspiels „Lie¬
2659 2327 2893 2386 enthaltenden
1774 2335 2539 2390 belei“ legt uns einen neuen fünf Novell
2676 2372 2892 2426 gisch seiner
1785 2378 2514 2430 Band vor. Alle fünf sind Meisterstücke
2705 2407 2860 2466 alle au
1785 2415 2503 2464 Erzähl= und Darstellerkunst. Diese N
2708 2446 2838 2493 um d
1786 2457 2520 2503 Moll gesimmt, lassen den verhaltener
2687 2481 2896 2539 Zeilen her¬
1770 2484 2564 2549 Lebens vergebens erjagtes Glück zwische
2768 2523 2899 2575 Leben,
1782 2523 2631 2589 ausfühlen, ein Glück, das kein Glück ist, wi
2810 2563 2887 2608 hes,
1773 2567 2651 2637 aus dem diese Geschehnisse bervorgingen, kei
1776 2608 2638 2662 thätigendes, eroberndes Leben ist, sondern ei
1778 2644 2638 2705 suchendes Dämmerleben. In zarten, zerfli
2807 2679 2870 2725 die
1787 2681 2583 2739 doch deutlich wahrnehmbaren Uebergäng
2803 2713 2887 2763 en
1782 2724 2566 2772 gebeimen Wege der Psyche aufaedeckt un
2813 2760 2888 2802 gen
1788 2767 2558 2819 Fabeln durch eine Darlegung der leiseste
2792 2794 2861 2841 Sge
1787 2806 2552 2857 zu feinen, klar gestalteten, begreifbare
2793 2829 2880 2884 eues
1782 2838 2573 2903 staltet. Wir zweifeln nicht, daß diese Nov
2708 2870 2865 2927 J.46.
1789 2884 2652 2950 Ruhmesblatt für den Verfasser bilden werden
1863 2918 2881 2968 Doktor Ix. Roman von Karl Larsen, übrsetzt
1760 2944 2890 3028 Inon E. Brausewetter, (Berlin, Schuster u. Lofser.)
2238 2992 2849 3060 kame herühmten norwegire
2018 3302 2720 3386 Bezugs-Bedingungen.
2610 3359 2849 3443 fl. 7.50
1632 3372 2613 3449 Für 50 Zeitungsausschnitte (Artikel oder Notizen)
2862 3399 3059 3459 inclusive
2720 3411 2832 3469 14.—
1729 3418 1839 3472 100
2663 3429 2711 3472 „
2896 3445 3033 3479 Porto.
2718 3456 2837 3502 25.—
1733 3457 1849 3505 200
2880 3473 3040 3511 Zahlbar
1673 3477 1736 3518 „
2713 3481 3066 3563 55.— im Voraus
1728 3498 1849 3545 500
2673 3506 2721 3550 „
2233 3507 2275 3550 „
1688 3515 1724 3561 „
2673 3530 2832 3583 „ 100.—
1681 3535 1850 3594 " 1000
1776 3554 3104 3627 Im Gegensatze zu anderen Bureaux für Zeitungsausschnitte ist das
2736 3613 3109 3679 auch steht es den
1650 3629 2681 3677 Abonnement durch keine bestimmte Zeitdauer begrenzt;
1646 3676 3001 3726 Abonnenten frei die aufgegebenen Themen zu ergänzen oder zu ändern.
