3392 4384
139 276 1281 381 1. Die Frau des Veisen
624 1007 1114 1066 Litteratur und Kunst.
354 1047 1352 1116 Arthur Schnitzler: Die Frau des Weisen.
469 1112 1304 1161 Novelletten. Berlin 1898. Verlag S. Fischer.
418 1150 1349 1204 Schnitzler hat sich als Dramatiker litterarischen Ruf
376 1191 1352 1247 erworben; seine Novelle „Sterben“ verrät zu sehr den
366 1232 1344 1283 Anfänger und würde kaum gelesen worden sein, wenn
374 1277 1345 1320 der Oesterreicher nicht „Liebelei“ geschrieben hätte. Kürz¬
375 1321 1347 1367 lich ist im Verlage von S. Fischer eine Novellensamm¬
378 1368 1344 1433 lung von ihm erschienen, die gewiß die Aufmerksamkeit des
387 1423 1359 1484 Publikums verdient, denn es sind talentvolle Arbeiten
388 1469 1361 1530 und zeigen eine stark ausgeprägte Individualität, die
385 1513 1357 1574 weiß, was sie zu sagen hat und vorsichtig genug ist, sich
384 1575 1357 1620 nicht auf Gebiete zu wagen, die ein bedeutenderes Talent
382 1595 1354 1668 erfordern. Schnitzler zeichnet mit Vorliebe jene jungen
395 1642 1362 1699 Lebeleute, denen sorgende Eltern ein hübsches Vermögen
396 1685 1354 1740 hinterlassen, und nun fröhlich leben, glücklich in der
401 1714 1360 1789 Freundschaft „fescher“ Ladenmädchen, kluger Theater¬
395 1773 1361 1825 Damen oder schöner Ehefrauen, die in ungestillter Liebe
386 1819 1353 1890 sehnend einen Freund erwarten. Schnitzler hat die seltene
392 1859 1360 1921 Gabe, in wenig Worten eine Welt zu sagen, und manch¬
389 1904 1359 1976 mal vergessen wir ganz, daß wir lesen, wir erleben
388 1942 1363 2004 gleichsam das Gelesene, z. B. die Perle in der ersten
398 1989 1359 2047 Novelle, die den Titel des Buches trägt: — „und alle
404 2028 1359 2097 Nichtigkeiten ergreifen mich so tief, als wenn sie meine
396 2076 1363 2139 ganze Jugend zu bedeuten hätten.“ Gewiß haben schon
402 2107 1361 2183 früher viele ähnliches gesagt, doch es nicht in so glück¬
395 2160 1358 2231 lichen Worten wie hier ausgedrückt. In „Abschied“ wer¬
398 2219 1355 2271 den die seelischen Leiden eines jungen Mannes geschil¬
1376 2238 1412 2289 7.
265 2243 360 2319 Für
382 2249 1368 2322 dert, dem seine Geliebte, eine verheiratete Frau, nach
1357 2277 1431 2322 4.
363 2292 1416 2365 1 kurzer Krankheit entrissen wird. Die letzte Novelle „Die ##
354 2336 400 2383 24
399 2340 1425 2404 Toten schweigen“ ist die bedeutendste. Wieder ist es eine 55
396 2384 1432 2449 Ehefrau, die mit ihrem Geliebten beschrieben wird. Bei 90.
292 2418 392 2477 „ 10
411 2426 1440 2485 einer Spazierfahrt, die beide unternehmen, stürzt der ##s
407 2465 1439 2530 Wagen um, und während sie unverletzt bleibt, wird ihr au
278 2500 403 2556 Abon
265 2513 1449 2602 Ahom Geliebter durch den Sturz getötet. Indem nun der  z
394 2557 1368 2628 Kutscher im nächsten Dorfe um Hilfe sucht, kommt ihr der
400 2585 1380 2658 Gedanke, daß sie kompromittiert wäre, wenn man sie hier
391 2640 1374 2705 finden würde und — sie stürzt nach Hause. Als sie beim
394 2686 1371 2763 Abendessen mit ihrem Gemahl beisammensitzt, denkt sie
393 2749 1368 2792 an ihren toten Geliebten. „Er wird es niemandem sagen,
399 2780 1378 2846 wird sich nie rächen, nie .. . er ist tot ... er ist ganz
394 2828 1197 2904 gewiß tot .. . und die Toten schweigen.“
459 2895 1390 2944 „Warum sagst Du das?!“ hörte sie plötzlich die
407 2939 1146 2987 Stimme ihres Mannes. Sie erschrickt tief.
460 2969 1375 3042 „Was hab' ich denn gesagt?“ Und es ist ihr, als
405 3022 1389 3082 habe sie plötzlich alles ganz laut erzählt .. als habe
408 3060 1387 3134 sie die ganze Geschichte dieses Abends hier bei Tische
403 3099 1379 3171 mitgeteilt . . . und noch einmal fragt sie, während sie
401 3151 1383 3210 vor seinem entsetzten Blick zusammenbricht: „Was hab
406 3202 743 3258 ich denn gesagt?“
461 3221 1385 3302 „Die Toten schweigen“, wiederholte ihr Mann sehr
393 3287 624 3353 langsam.
460 3329 976 3391 „Ja ...“ sagte sie, „ja ..
455 3378 1382 3422 Und in seinen Augen liest sie, daß sie ihm nichts
404 3405 1370 3481 mehr verbergen kann, und lange sehen die beiden ein¬
404 3463 1386 3512 ander an. „Bring den Buben zu Bett“, sagte er dann
400 3491 1378 3570 zu ihr, „ich glaube, Du hast mir notwendig etwas zu
394 3549 610 3617 erzählen
469 3584 1019 3647 „Ja ...“ sagte sie, „ja ...“
453 3620 1381 3686 Und sie weiß, daß sie diesem Manne, den sie durch
403 3683 1384 3742 Jahre betrogen hat, im nächsten Augenbick die ganze
407 3721 805 3780 Wahrheit sagen wird.
459 3764 1388 3808 Und während sie mit ihrem Jungen langsam durch
403 3792 1393 3855 die Thür schreitet, immer die Augen ihres Gatten auf
411 3856 1392 3909 sich gerichtet fühlend, kommt eine große Ruhe über sie,
400 3889 1102 3971 als würde vieles wieder gut ......
1426 256 1894 349 box 35/6
1637 552 2307 618 Die Frau des Weisen. Novelletten
1582 606 2324 691 von Arthur Schnitzler. (Berlin, S.)
1592 650 1763 713 Fischer.)
2286 687 2349 756 *
1678 743 2334 809 Schnitzler hat sein Buch nach der ein¬
1615 795 2330 861 leitenden Novellette getauft, aber unwill¬
1622 839 2324 901 kürlich fragt man sich nach deren Lektüre —
1626 886 2331 950 warum gerade dieser Titel? Der Stoff
1622 935 2328 994 ist etwas romantischer Art, wie ihn Paul
1626 985 2336 1035 Heyse liebt, und das Ganze hat auch viel
1625 1028 2333 1088 von dessen Art. Man fürchtet immer das
1622 1079 2338 1129 schlimmste, aber es geschieht nichts! Nur
1628 1119 2344 1184 ist Heyse kühler und vornehmer. Es liegt
1622 1167 2328 1217 eine gewisse Sentimentalität in der Er¬
1628 1213 2334 1270 zählung, die allerdings nichts mit jener
1634 1272 2343 1317 faustdicken der Gartenlaubenlitteratur zu
1623 1308 2342 1371 thun hat, sondern die eines feinfühligen
1619 1351 2340 1411 nervösen Menschen ist. Die Tagebuchform,
1629 1399 2337 1457 in der sie geschrieben, ist eine gefährliche
1630 1453 2338 1505 Klippe, um die nicht jeder glücklich herum¬
1625 1494 2343 1544 kommt. Wenn nicht sehr feine Fäden von
1630 1539 2347 1604 Blatt zu Blatt gehen, so wirkt sie leicht
1626 1589 2348 1644 abgerissen und unharmonisch und läßt keine
1632 1629 2354 1683 feste Stimmung aufkommen. Und hier
1639 1677 2344 1738 fehlen auch manchmal diese feinen Fäden.
1637 1725 2345 1783 Die Sprache ist außerdem nicht gleichmäßig
1637 1784 2346 1838 und zuweilen undeutsch — oder — was
1634 1824 2350 1876 aber keine Entschuldigung ist — Wiener
1627 1877 2344 1930 Deutsch. Z. B.: Wir sind spät Abends
1636 1912 2344 1983 am Strand gesessen. Dagegen finden
1641 1960 2350 2026 sich wieder köstliche Stellen, wie: „Sind
1638 2010 2339 2066 wir denn noch dieselben, die wir damals
1631 2057 2340 2115 waren? Wir sind so leicht, so froh, die
1642 2103 2343 2162 Erinnerungen flattern hoch über uns, wie
1635 2151 2010 2214 ferne Sommervögel.“
1684 2198 2346 2257 Die Novelle ist trotz ihres prunkenden
1645 2244 2342 2304 Titels unstreitig die schwächste der Samm¬
1633 2291 2345 2348 lung, die anderen stehen sämtlich auf einem
1636 2339 2352 2394 viel höheren künstlerischen Niveau und
1644 2383 2356 2447 geben völlig die Eigenart, die feine lässige
1645 2436 2356 2499 sehnsuchtsmüde Manier des hochbegabten
1643 2476 2362 2540 Verfassers wieder. Nervös sind sie alle!
1642 2528 2359 2587 Das liegt wohl in der Wiener Luft, gerade
1639 2573 2361 2632 wie das Hauptthema Schnitzlers, „Der
1632 2621 2353 2669 Roman der verheirateten Frau“. Die
1645 2664 2350 2733 zweite Novelle: „Ein Abschied“ ein feines
1633 2711 2354 2779 psychologisches Meisterstück, behandelt dieses
1637 2760 2357 2815 Thema, ebenso „Die Toten schweigen“.
1638 2804 2354 2868 Man erinnert sich wohl auch noch des
1645 2846 2353 2918 Dramas „Liebelei“, dessen Konflikt gleich¬
1645 2906 1973 2970 falls darin beruht.
1705 2945 2351 3011 Für Schnitzler scheinen derartige „Ver¬
2489 569 2891 715 rees
2347 744 3081 798 hältnisse“ etwas Selbstverständliches, ja die
2354 788 3061 841 Norm zu sein, er weiß stets so für die Frau
2347 835 2913 893 und ihren Geliebten einzunehm
2349 883 2748 937 man nach dem Mann
2352 926 2638 988 trogenen Mant
2348 976 2629 1033 ja nicht einmal
2355 1024 2607 1081 wo selbst das
2358 1070 2622 1127 liebten feige in
2355 1117 2608 1175 aus Gewissens
2353 1164 2641 1220 ihrem Gatten ve
2356 1211 2635 1271 wachruft. Ein
2361 1257 2683 1315 der Novelle: „Ein
2354 1300 2721 1361 Das Ende eines kl
2357 1347 2761 1411 der seiner Meinung nad
2358 1396 2796 1458 bedeutenden Rollen, versch
2356 1441 3008 1501 trauisch sein Leben am Theater dahinfrist
2355 1499 3038 1547 und dem aus einer eifersüchtigen Regun
2367 1534 3082 1597 eines von der jeunesse dorée heraus, an
2368 1576 3067 1628 einem Abend ein stürmischer Erfolg mit
2372 1637 3059 1685 Lorbeerkranz und mehrfachen Hervorrufen
2355 1657 3083 1730 in einer winzigen Bedientenrolle zu Teil
2361 1719 3077 1780 wird. Es sollte nur ein Spaß sein, das
2364 1768 3082 1827 begriff das Publikum bald und lachte und
2362 1808 3093 1865 klatschte mit. Aber auch der arme Teufel
2373 1858 3089 1928 fühlt es heraus, er hätte das erbarmungs¬
2375 1905 3078 1964 lose Ungeheuer da unten auf den Knieen
2371 1955 3074 2010 um Gnade anbetteln mögen, er war wie
2371 2003 3041 2058 gebrochen. Nach beendeter Rolle ziehte
2370 2047 3084 2110 sich scheu in seine Garderobe zurück und
2368 2100 2961 2156 verschließt sie hinter sich. Sie abe
2372 2148 2670 2208 gefeierte Sängerin
2367 2191 2700 2253 das geschehen, wei
2874 2242 2983 2293 einmal
2368 2244 2628 2302 gegenüber in
2752 2283 2841 2342 Kolle
2373 2284 2654 2343 interessanten Kox
2377 2338 2681 2392 fühlt tiefes Mitlei
3006 2372 3058 2431 icht
2370 2381 2653 2440 Theater will sie
2373 2427 2658 2487 in seiner Wohnu
2382 2472 2770 2536 ihres Liebhabers in St
2688 2526 2730 2571 der
2374 2523 2656 2582 den Kneipen, vor
3008 2566 3063 2618 ihn
2370 2568 2776 2627 Kollege dort verkehrt.
3014 2613 3054 2658 Si
2371 2611 2824 2665 nirgends. Nun ahnt sie ei
3012 2657 3078 2707 um
2371 2670 2881 2718 fertigt ihren Galan, der zornig
2990 2693 3095 2755 inem
2371 2708 2972 2766 sie zu holen, schroff ab und fährt in
2384 2750 3098 2812 Wagen nach dem Theater — er mit. Sie
2384 2807 3095 2859 schlägt ihm die Pforte vor der Nase zu
2375 2851 3095 2907 und eilt mit dem bestürzten Portier, der
2377 2895 3097 2949 den Künstler fortgehen gesehen haben will,
2374 2944 3089 2999 nach den verschlossenen Garderoben. Sie
2370 2994 3111 3080 versucht angstvoll ihren eigenen Schlüssel,
2393 3070 3096 3126 er paßt. Sie findet nur noch einen Leich¬
2395 3118 3113 3174 nam. Der Armselige hat sich erhängt.
2401 3156 3115 3216 Eine wilde Wut bemächtigt sich ihrer, sie
2397 3208 3105 3264 schickt den Pförtner fort, um Leute zu holen
2398 3253 3104 3316 und er solle dem Herrn da unten sagen,
2391 3309 3100 3354 er solle schnell fortgehen, sie wolle ihn
2389 3342 3114 3404 nimmer sehen, und wenn ich ihn noch unten
2389 3389 3108 3440 treffen würde, sagen Sie ihm, so spuck' ich
2402 3439 3111 3488 ihm ins Gesicht! Diese Worte schreit sie
2386 3495 3104 3539 wie ein Tier heraus. — In dieser Er¬
2392 3509 3113 3585 zählung spürt man auf Schritt und Tritt
2394 3577 2809 3628 den Dramatiker heraus.
2435 3617 3094 3682 Ein zarter lyrischer Duft lagert über
2384 3672 3108 3715 dem Stimmungsbild „Blumen“, das der
2389 3714 3095 3774 Titel Novellette beinahe erdrückt. Die
2390 3758 3094 3824 einfache Bezeichnung „Skizzen“ hätte über¬
2392 3812 3096 3860 haupt besser für die ganze Sammlung ge¬
2390 3832 3109 3917 paßt. Es sind alles mehr oder weniger
2398 3904 3106 3961 feine Stimmungsbilder, ja darin liegt sogar
2386 3941 3111 4008 ihr hauptsächlicher Wert; ihr eigentümlicher
2390 4000 3099 4057 Reiz, mit dem sie uns unwillkürlich fest in
2383 4044 3079 4101 ihren Bann zwingen. Kurt Holm.
2384 4134 2494 4193 —
