3336 4219
1470 149 1923 250 box 35/6
658 161 1180 234 iu des Neis
1158 173 1322 269 en
894 216 1023 275 —
230 167 874 276 Die Fre
1573 1480 1664 1570 —
1005 1560 2029 1622 handell, läßt sich entnehmen, wie er über die Ehe denkt.
2041 1566 3070 1646 wie die Anderen, als hätte ihn seine todte Geliebte davon¬
232 1566 738 1666 Wiener Autoren.
2033 1605 2582 1680 gejagt, weil er sie verleugnet.
1018 1597 2027 1667 Sie erscheint ihm als eine durchaus unliebsame, durch den
187 1624 999 1706 Maupassant sagte einmal: „Mich zwingen
2115 1628 3061 1720 Sein Schmek, geht uns indes nicht sonderlich zu
1011 1652 2032 1706 Ehebruch gemilderte Institution, bei der immer der „Dritte“
2030 1698 3070 1750 Herzen. Wir wissen ja, daß dieser junge Lebemann recht
185 1703 990 1755 stände, jahraus, jahrein Novellen und Romane
1006 1703 2023 1763 Recht hat. Auf diesen fällt denn auch alles Licht; seine stillen
1011 1754 2020 1809 Seelenfreuden und seine Kümmernisse werden mit herz¬
2034 1749 3055 1796 bald gesunden und in einer neuen Liebelei Tröstung und
194 1761 1001 1816 Wäre dies nicht der Fall, so würde ich mein
1009 1785 2024 1851 beweglichen Worten geschildert. Das tritt so recht in der
2033 1795 3063 1867 erquickliche Beruhigung finden werde. Schnitzler geht, wie
197 1800 997 1871 hindurch an einem einzigen Buche arbeiten
189 1838 547 1908 nablässig bosseln.“
1006 1840 2013 1900 zweiten Geschichte des Buches hervor. Ein junger Mann,
2039 1851 3061 1905 man sieht, der Tragik aus dem Wege, so traurig auch zu¬
1010 1893 2027 1954 der zwar Alfred heißt, in dem wir aber unseren alten Be¬
2029 1885 3064 1958 weilen seine Stoffe sind. Seine Psychologie hat denn auch
199 1879 1001 1947 Ausspruch, so paradox er auch erscheint, ent¬
1014 1940 2014 1990 kannten Anatol wieder erkennen, erwartet seine Geliebte,
2036 1924 3072 1997 mehr Raffinement als Tiefe. Er überredet mehr, als er
192 1935 998 1998 ien Kern tiefer Wahrheit. Wie bedeutend ist
1010 1982 2022 2057 die natürlich eine verheiratete Frau ist. Sie kommt nicht.
2027 1983 3069 2052 überzeugt. Aber seine stille, saufte Art hat doch einen
184 1991 998 2049 ch das literarische Gepäck der meisten modernen
1016 2033 2017 2092 Aus einem gewichtigen Grunde: sie ist krank. Anatol
2027 2033 3050 2086 liebenswürdigen Zauber, dem man sich nicht leicht ent¬
190 2032 990 2094 und besonders Derjenigen, denen es gelungen,
2030 2073 3053 2138 windet. Auf die Dauer freilich geht uns die Gleichförmig¬
1018 2077 2023 2136 kennt nicht den Gatten seiner Geliebten. Er hat sie auch
180 2060 997 2137 an sich zu locken. Aber wenn man näher zu¬
2030 2125 3053 2168 keit des Grundtones in der Darstellung sowohl, als auch
193 2131 1000 2192 et man, daß Jeder eigentlich nur ein einziges
1017 2125 2025 2182 nie in ihrem Heim besucht. Er muß also draußen vor dem
2029 2169 3056 2222 in den Motiven doch auf die Nerven. Und so wäre denn
1003 2174 2029 2226 Hause warten, um bald beim Stubenmädchen, so oft es
192 2179 995 2250 fieben, in dem seine Eigenart sich erschöpfte.
2032 2220 3062 2285 zu wünschen, daß der Dichter über sein erstes Buch hin¬
1014 2230 2015 2284 auf der Straße erscheint, bald beim Arzt, wenn er den
212 2224 1004 2282 foldt, sind gemeiniglich Variationen des
2034 2277 3060 2329 auswachse und daß in seine Lebensauffassung etwas Humor
1004 2264 2018 2317 Wagen besteigt, Nachfrage über den Zustand der Kranken
190 2266 1002 2334 n Themas. Die Wahrheit dieses Satzes
2029 2314 2276 2385 hineinklinge.
1013 2320 2025 2371 zu halten. So verstreichen einige qualvolle Tage. Da er¬
201 2309 1002 2383 aus Arthur Schnitzber's jüngstem Buche
1006 2367 2023 2419 fährt er eines Morgens, daß die junge Frau gestorren sei.
197 2366 1000 2432 Sämmlung von Novellen, die er nach der
2110 2387 3056 2465 Was hier als Wunsch erscheint, hat in Alexander
1016 2411 2025 2464 Es drängt ihn, sie noch einmal zu sehen. Er belritt die
189 2414 1003 2470 hie „Die Frau des Weisen"*) betitelt
1012 2453 2019 2510 Wohnung und schreitet in das Schlafgemach, wo die Todte
187 2461 989 2519 n, den Schnitzler in seinem Erstlingswerk, im
2026 2440 3058 2517 Engel's Begabung erfreuliche Erfüllung gefunden.
191 2514 998 2562 nschlug und der in seinen späteren Arbeiten
2026 2492 3063 2558 Engel besitzt Humor. Das bekundet in viel höherem Maße
1005 2505 2020 2570 liegt. Er ist nicht allein drin. Der Gatte liegt auf
2024 2549 3061 2590 als seine früheren Arbeiten sein jüngstes Buch „Die
196 2552 996 2607 er erklang, er hallt uns auch hier entgegen.
1007 2548 2019 2611 den Knien zu Füßen des Bettes, darin die Todte, deren
2033 2589 3054 2648 Liebe kommt“,*) das eine Reihe kleiner Geschichten
1005 2607 2010 2658 Hand er hält. Er hebt ein wenig den Kopf, als der
198 2598 1001 2658 hn auch in diesem Buche, den jungen, ein wenig
2025 2641 3062 2689 enthält, von denen uns jede, bald durch eine feine Beob¬
1004 2645 2018 2709 „Andere“ eintritt, ergreift dessen rechte Hand und flüstert
196 2636 1003 2709 wenig trübsinnigen Lebemann, dessen Daseins¬
1013 2697 2023 2745 mit thränenerstickter Stimme: „Dank, Dank!“ Und nun
2026 2675 3056 2744 achtung, bald durch eine geistreiche Pointirung des Stoffes
194 2691 997 2746 ließlich darin gipfelt, zu liebeln. Die große,
2024 2728 3063 2792 anspricht. Engel's Humor quillt aber nicht aus der selbst¬
1006 2741 2018 2793 glaubt der „Andere“ plötzlich, als ob um die Lippen der
192 2735 999 2798 idenschaft kennt dieser Lebemann nicht. Für ihn
1003 2788 2022 2845 Todten ein fremdes, verächtliches Lächeln spiele. Und dieses
2035 2785 3058 2842 genügsamen, absichtslosen Freude bei der Betrachtung der
204 2784 986 2851 ein bald heiteres, bald wehmüthiges Spiel,
2025 2827 3060 2893 Schwächen und Verkehrtheiten der Menschen. Sein Humor
1005 2833 2026 2897 Lächeln sagt: „Ich habe Dich geliebt und nun stehst Du
191 2832 992 2899 egt, aufregt, ohne ihn je in der Tiefe der
2024 2868 3054 2940 hat gemeiniglich auch einen satirischen Stachel, den er mit
1000 2877 2009 2934 da wie ein Fremder und verleugnest mich. Sag' ihm doch,
196 2882 989 2939 hüttern. Es sind diesmal allerdings nicht
2025 2914 3055 2984 besonderem Nachdruck gegen jene trockene, geschäftsmäßige
1015 2927 2015 2977 daß ich die Deine war, daßes Dein Recht ist, vor diesem
212 2924 1001 2994 “sondern verheiratete Frauen, die ihm eine
2024 2968 3061 3034 Auffassung der Liebe und der Ehe kehrt, wie sie in bürger¬
1001 2973 2018 3027 Bette niederzuknien und meine Hände zu küssen. Sag' es
187 2964 992 3033 gangenehmer Sensationen verschaffen. Aus der
1006 3013 2022 3069 ihm! Warum sagst Du's ihm denn nicht?“ Aber er wagt
2028 3017 3056 3092 lichen Kreisen vorwaltet. Seine Satire ist kurz und
203 3022 998 3087 ise, wie hiebei Schnitzler seine Stoffe be¬
1001 3065 2026 3127 es nicht. Er schleicht sich hinaus und eilt tief beschämt
982 3095 2821 3180 durch die Straßen, denn ihm ist, als dürfe er nicht trauern *) Berlin 1898, Hugo Steinitz' Verlag.
199 3088 716 3197 in, Verlag S. Fischei, 1898.
