3392 4155
1415 199 1892 288 box 35/6
903 201 1149 278 Neis
711 205 812 278 d
239 222 1281 307 Die Fran des bensen
160 386 299 462 Mee
174 426 1031 501 has been intich el m..m Merest. „
174 469 1397 545 the old naturalism, although it ersdled in failure, was quite as
172 538 1383 592 interesting as if it had succcelled. The novel, on the other hand,
172 565 1403 642 has fallen below the level of mang geurs past; nothing has
174 624 1404 687 appeared that has a very pressing claim upon the attention ofa
167 669 1394 721 non-German publie. But if one book rather than another is to
174 714 1401 775 be singled out as the best novel of the gear, it will probably be
166 768 1400 814 Frau Helene Böhlau's“ Halbtier, while in the domain of the
173 797 1396 871 short story nothing better has recently been publishedl than the
177 853 1400 906 collection bearing the title“ Die Fran des Weisen, hy the
180 886 1399 958 Viennese author. Arthur Schnitzler. The irrie shows, on the
179 944 1398 1003 vhole, more freshness and originality; hardlg a season jasses
188 986 1430 1053 ut lyrie poctry in Germany seems to pass through some .
478 1078 851 1220 Ales
2712 1611 2909 1696 esrere
1400 1727 3295 1792 aber wohnt sein Gegensatz. Daher die stille, hohe Traurigkeit,Herkommen diese Menschen auch ph
273 1643 1054 1871 1en (20, Feuilleton.
1394 1775 3286 1844 die sie zuletzt aus allem Süßen ihres Daseins ziehen, die letrennen und ihr Liebesverhältniß zehr
1403 1813 2138 1889 seltsame Melancholie der Verfeinerten.
2550 1816 3289 1884 erschweren. Und kommt die Geliebte ei
460 1839 1152 1932 „Die Frau des Weisen.“
2554 1863 3281 1933 Stunde nicht, so sieht sich der
1484 1858 2561 1927 Unsere Wiener Cultur hat noch zu wenig Kraft, zu
2538 1892 3342 1972 Qual des nervenzerstörenden, vergeblich
1397 1910 2551 1980 wenig sichere Ruhe, um viele solcher Künstler hervorbringen
221 1916 1385 1984 (Novelletten von Arthur Schnitzler. Berlin, bei S. Fischer.)
2552 1937 3348 2021 über; und dahinter lauern die vi
1398 1959 2544 2020 zu iinen. Wir haben heute nur zwei von dieser Art; und
309 1967 1397 2025 Es ist schade um das Wort Lebemann. Enge Moral
2551 1982 3336 2057 die das Nichtkommen verursachen konnte
1395 1989 2552 2062 nur einer davon ist dem großen Publicum bekannt: Arthur
226 2001 1391 2063 hat es in gehässiger Absicht geprägt und aus dem Begriff,
2551 2039 3343 2113 und inneren Hindernisse die sich oft um
1386 2042 2574 2096 Schnitzler. Er ist der künstlerische Schöpfer und Ausge¬
230 2042 1388 2112 der eine freie und stolze Deutung haben könnte, wurde eine
2553 2070 3338 2144 zwei Menschen stellen. Schließlich wird
1391 2096 2548 2146 stalter des Wiener Viveurs, des beruflosen freien Mannes,
233 2105 1394 2163 Vogelscheuche kleinburgerlicher Pädagogik, schlotternd und
2543 2126 3339 2191 merklich stiller und stiller; was dieser Ma
1398 2138 2555 2191 der sich pur von seiner Freude am schönen Genießen durch
221 2137 1394 2211 drohend und mit den grellen Farben aller Götzen bemalt,
2546 2164 3338 2229 ist nur mehr das brennende Verlangen n
1390 2172 2555 2236 das Leben führen läßt. (Es fehlt hier wieder die anständige
229 2186 1389 2236 zu denen das heimliche Heidenthum der Niederen betet. So
2542 2213 3341 2283 schreiende Warum?, das nicht zu beruhige
1396 2217 2550 2270 Bedeutung des Wortes Lebemann.) Von diesem Gipfel culti¬
227 2211 1400 2286 haben wir kein rechtes Wort für die schwebenden Heimat¬
2536 2258 3339 2317 darauf wirkt im ersten Moment wohl
1399 2269 2545 2323 virter Männlichkeit aus übersieht er seine Welt. Und diese
218 2252 1402 2341 losen, die, lächelnde Prüfer und Erkenner, über das Leben
2552 2312 3348 2365 traurigen Inhaltes. Sie ist krank. Um
1396 2311 2545 2372 Welt der Herren des freien Genusses, ungestört und unbe¬
226 2314 1402 2382 gleiten, wir haben keinen Ausdruck für die Männer der
2555 2339 3355 2413 behutsam, muß er sich nach dem Befinden
1397 2343 2554 2420 fragt von den Mühen und Sorgen der Daseinskämpfe, sie
225 2361 1393 2419 schwerlosen Erlebnisse. Darum vielleicht hat sich auch der
2552 2376 3348 2452 erkundigen, er darf sie nicht sehen, er da#
1392 2391 2553 2464 muß vor Allem eine Welt der Liebe sein. Wo sich der reife
232 2409 1401 2470 Sinn des Erlebnisses bei den Meisten getrübt und ver¬
2548 2426 3344 2495 er darf nicht einmal in ihre Nähe kom
1395 2441 2553 2502 gesunde Mann zwanglos regen kann, führt ihn das Leben —
230 2448 1395 2521 schoben; es wird zu sehr vom Persönlichen losgelöst, und
2548 2471 3340 2537 fortwährend auf neue Mittel bedacht, Ge
1394 2476 2551 2550 auf welchen Umwegen immer — zur Liebe. So sehen wir
232 2494 1400 2555 nur das Ereiguiß gilt. Aber die Perspectiven alles Ge¬
2559 2527 3351 2596 Genaueres zu erfahren, prüft seine Einfäl
1388 2513 2549 2598 jedesmal Frauen um den Mann der Schnitzler'schen Dich¬
233 2541 1394 2598 schehens liegen in der menschlichen Seele, und jede Indi¬
2556 2568 3344 2630 ist mit sich zufrieden; seine Phantasiel
1388 2578 2557 2635 tung: Damen seiner Welt, elegant und nervös, mit allem
241 2567 1002 2645 vidualität schafft sich ihre Erlebnisse.
1395 2616 2548 2675 inneren Reichthum und aller Müdigkeit hoher Cultur; oder
313 2619 1389 2684 Das Ereigniß in Erlebniß umschaffen, ist die erste
2549 2571 3341 2724 Gnlen der. linh iste Der dersae
1402 2653 2559 2730 die großen Künstlerinnen der Liebe, deren gefährliche Kunst
222 2653 1402 2734 Aufgabe der Kunst. Und eine feine und dichte Cultur muß
2555 2689 3312 2769 Gewissen, doch auf jede Gefahr
1397 2704 2550 2769 darin besteht, niemals zu lieben; und kann die lieben,
229 2704 1394 2774 Künstler bringen, die jede leifeste Schwingung eines äußeren
2871 2740 3344 2810 die angebetete Fra#
2540 2741 2894 2811 gehen, doch
1391 2751 2552 2820 frischen Kinder, die aus ihren engen Kreisen mit großen
229 2759 1390 2820 Vorganges als Erlebniß erkennen und zu ihren inneren
2559 2787 3347 2846 zu lassen, ohne sie wiedergesehen zu ha
1395 2789 2548 2847 staunenden Augen da hinauf kommen in diese neue Welt,
242 2789 1395 2866 Tonsequenzen führen können. Vornehme, stille Menschen
2554 2823 3350 2897 zögernd, wie von seinem Schicksale gezwun
1388 2827 2557 2891 deren Schönheit und Fremdheit sie gleich stark empfinden.
233 2833 1402 2914 sind es, die das Leben leben, weil es schön ist, und
2547 2878 3346 2943 näher und näher, und mit einem letzte
1399 2865 2560 2939 Was diese Menschen beweat, kann Schnitzler bis auf die feinsten
238 2886 641 2965 es lieben, solange
624 2892 1401 2949 es schön ist. Sie lassen sich gerne
2548 2916 3340 2987 er die Thür ihrer Wohnung. Aber da
1388 2909 2553 2984 Nuancen fühlen und deutlich machen. Die Gesetze, nach denen
234 2942 1391 2996 und leicht von ihm führen; die glatten, geraden
2557 2947 3341 3020 gerade gestorben sei. Nun kann er
1385 2946 2546 3027 ihre Seelen gehen müssen, weiß er genau. Und immer tiefer
225 2967 1394 3043 Wege, die unsere Cultur vorschreibt, gehen sie langsam
2557 2994 3341 3075 Leichnam Abschied nehmen. Der aber scha
1394 3014 2547 3070 dringt sein Blick in die psychischen Geheimnisse seiner Welt.
228 3023 1400 3089 und nachdenklich mit, alle Blumen grüßend, alle Düfte
2547 3046 3323 3113 schem Lächeln von sich zu weisen, den
1400 3040 2549 3115 Er hat sie zuerst für uns Wiener greifbar deutli“ geschaffen,
234 3060 1398 3124 saugend, mit denen ihr Wandeln beglückt ist. Sie spähen
2559 3080 3335 3145 all' den Gedanken und Ueberlegungen d
1387 3094 2552 3159 und nun geht er langsam und seiner Ziele bewußt ihre ganze
234 3099 1391 3168 wohl auch neugierig in dunkle Seitenpfade, sehen die weiten
2552 3133 3348 3194 hatte, ihr Geliebter zu sein. Das enthält
1388 3130 2549 3218 Psychologie durch, bis auf die letzten, unerkannten Wahr¬
225 3151 1402 3224 Ebenen rechts und links und die schroffen, zerklüfteten Berge
2558 3162 3346 3239 Feinheiten des psychologischen Details, m
1401 3186 1580 3258 heiten.
229 3182 1402 3248 am Horizont. Aber nur auf ihrer eigenen Straße können sie
2558 3207 3350 3277 Kunst auf= und absteigender Stimmun
232 3242 1393 3300 in Freude gehen; was Schönes und Süßes über das Leben
1470 3224 2554 3301 In den Novellen seines letzten Buches „Die Frau
2548 3249 3355 3325 schönste dieser Erzählungen: „Ein Abschien
229 3278 1405 3351 gestreut ist, kosten sie andächtig, in tiefem Verstehen. Die
1389 3279 2546 3336 des Weisen“ hat Schnitzler sein Thema bedeutend ver¬
2544 3307 3355 3376 geübter Hand sind die Fäden vom Wirklick
1161 3331 1396 3393 — es gäbe
225 3318 1186 3386 Nahrung ihrer Seele ist der Genuß. Lebemänner
1393 3322 2550 3380 tieft und es stellenweise direct in Ewigkeitsperspectiven aus¬
2539 3358 3350 3423 gesponnen. Stunde und Ort und Gegenst
234 3369 1395 3439 keinen besseren Namen für sie, wenn man das Wort heil den
1401 3377 2550 3432 geführt. Hier fühlt man eine Lebensauffassung zur Welt¬
2555 3387 3351 3463 Gedanke und Wort, Alles ist imme
238 3398 1395 3483 Zähnen der Spießbürger entreißen könnte. Ihre schönste
1392 3417 2549 3478 anschauung werden. Das thatsächliche Geschehniß ist nur mehr
2548 3429 3352 3498 sicher zu einer Stimmung verbunden
1395 3448 2548 3525 die Grundlage eines kunstvollen Aufbaues complicirter und
233 3447 1394 3517 Kunst besteht im Erleben ihres eigenen, höchst verfeinerten
2545 3484 3349 3538 mung wieder so klar und so sorgsam
237 3510 1394 3563 Lebens; das theilen sie sorgsam ein, sehen es klug und
1400 3493 2542 3554 ganz intim gegebener Seelenvorgänge. Auch die Liebe —
2553 3534 3356 3593 vermittelt, daß alle die seltenen und kostb
1391 3543 2548 3616 die Liebe seiner Menschen — wird bereits als ein Ge¬
224 3548 1400 3613 empfindlich nach allen bedeutsamen Linien an. Und jeder
2546 3570 3353 3631 Dichter aus der Seele seines Menschen zu
1402 3594 2556 3660 gebenes und durchaus Bekanntes vorausgesetzt, das nicht
2543 3620 3347 3690 selbstverständlich aus der Erzählung spring
1389 3633 2546 3705 weiter zu analysiren ist. Sie erscheint hier sozusagen nur
233 3608 1398 3705 üis sch uest seger auls sälbssandiger Thel in eiganer Ve¬
2547 3661 3093 3726 leglicher Wahrheit dastehen.
1390 3671 2547 3741 als das stärkste und empfindlichste Medium, durch welches
226 3672 1395 3740 deutung vom Ganzen; jedes Rendezvous kann ihnen zu
2623 3704 3354 3793 Das Thema vom Tode zieht Schn
1398 3711 2555 3784 zwei Menschenseelen aufeinander wirken können. Und diese
239 3712 1396 3785 einer ganzen Erkenntniß, jede Blume zu einer lebendigen
2543 3750 3362 3818 mächtig an. Auch in dieser Novellensamn
1391 3778 2548 3835 von Cultur gesättigten, in sich geschlossenen und vielbe¬
228 3773 1401 3828 Seele, jede Biegung einer Straße zu einer eelischen Wendung
2547 3809 3343 3881 mehrfach. Die seltsam schauerliche Macht
1403 3811 2549 3872 schäftigten Seelen, sie können einander auch in diesem besten
236 3795 1390 3868 werden. In kurzen Stunden sehen sie Schicksale verlaufen; so
2538 3854 3361 3916 Lebende stellt er in zwei außerordentlich
1391 3855 2548 3907 Medium nie ganz nahekommen und ##tschließen. Dazu
229 3839 1405 3932 sind sie die geborenen Novellisten. Sie spüren diese Erlebnisse
242 3909 3351 3972 durch bis auf den innersten Kern. Im Inneren jedes Dinges! kommt, daß tausend Rücksichten auf Gesellschaft, guten Ruf, zählungen dar. Und wieder zeigt er da da
