3392 4252
1489 225 1929 311 box 35/6
994 228 1152 300 Wei
318 247 1319 320 Die Frauen
2307 532 2458 594 380 —
939 543 1070 609 379
1709 571 3031 643 Höhe — sie fühlte sich fortgeschleudert — wollte sich an etwas klammern,
340 595 1669 675 aber wenn er dann auf der Bühne stand, dann war er feige. Dann glaubte
2017 632 3039 674 und plötzlich fühlte sie sich auf dem Boden liegen und eine
1717 638 2021 695 griff ins Leere —
340 647 1631 712 er nicht mehr an seine Fähigkeiten, dann sprach er mechanisch seine Rolle —
1716 681 3044 735 ungeheure schwere Stille brach herein, als wenn sie fern von aller Welt und
585 703 906 761 Er war zu feig!
338 712 575 767 und ging. —
1726 719 2079 779 röllig einsam wäre.“
431 738 1307 786 Sein Ehrentag! Der hatte ihm den Rest gegeben!
1801 743 3034 805 Der Wagen war gestürzt, sie lag am Boden und neben ihr der Geliebte
433 753 1667 840 Einige junge Leute hatten sich eines Abends den Spaß gemacht,
1772 796 1941 850 blutig —
1391 804 1679 854 — durch eine
888 807 1392 865 den Schmierenkomödianten
505 815 827 881 Friedrich Roland
1804 800 3040 881 Und während der Kutscher Leute herbeiholt, da steigt es in ihr auf:
349 816 442 885 ihn
2996 858 3028 891 —
341 837 1675 903 große Clique immer wieder hervorrufen zu lassen. Sie schrien und
1732 866 2996 922 „Wenn man mich hier sieht, mich, die verheiratete Frau, dann bin ich fertig
1529 878 1672 933 ja ein
1303 882 1443 937 Hoch
1050 886 1224 949 großartig
341 898 969 965 klatschten und brüllten: Bravo
1995 881 3043 955 und sie springt auf, laßt den Mann, an dessen Herzen sie
1730 917 1939 968 für immer
343 917 1673 1004 Lorbeerkranz fehlte nicht, mit einer großen Schleife: „Dem genialen
1729 933 3039 1003 noch eben geruht — dessen Küsse sie noch eben getrunken — läßt ihn liegen —
355 953 1679 1033 Friedrich Roland die dankbare Mitwelt“ stand darauf. Zuerst hatte
2779 976 3042 1025 . nach Haus.
1720 975 2736 1034 allein — auf der kalten — schmutzigen Erde — und flieht.
347 1002 1676 1074 das Publikum die Sache nicht verstanden und unwillig gezischt, dann
1726 1017 3048 1084 Doch als sie daheim ist — bei ihrem Mann, da fährt ihr der Gedanke durch
345 1033 1682 1112 aber war ihnen allen ein Licht aufgegangen. Köstlich — ganz großartig der
2516 1054 3048 1098 — und er wachte auf — allein,
1726 1074 2518 1116 den Kopf: Wenn er nicht tot wäre, nur betäubt¬
355 1078 1684 1148 Spaß — unbezahlbar — Friedrich Roland, der große Mime wurde dekorirt —
1730 1104 2931 1150 dann würde er ihre feige Untreue erkennen, dann hätte sie ihn verloren.
352 1141 1684 1191 ein großartiger Fastnachtsscherz, dieser „Ehrentag.“ Und das Publikum klatschte
1736 1123 3051 1199 für immer. Und dieser Gedanke peinigt sie, nagt und frißt in ihr — macht
353 1140 1686 1221 und heulte wie verrückt. Die Bestien befanden sich wohl sie zerfleischten
1733 1166 3032 1229 sie ohnmächtig bewußtlos. Sie vergißt, daß neben ihr der Gatte steht —
351 1204 1690 1271 Jemand. Und oben, auf der Bühne, stand der arme Narr mit dem Kranze,
1725 1214 3046 1279 ihr Mann, den sie betrogen — sie denkt nur an den andern, wenn er auf¬
354 1247 1679 1310 und sein Herz blutete und es war ihm so weh, daß er hätte lant weinen
1952 1248 3048 1299 Nein, das durfte nicht sein, und sie spricht vor sich hin, was sie
1726 1267 1874 1319 wachte
1551 1276 1692 1326 — gar
2594 1282 3042 1344 und die Toten schweigen.“
363 1280 1552 1350 mögen. Immer wieder verbeugte er sich — er hörte nichts mehr
2165 1295 2533 1351 er ist ganz gewiß tot -
1735 1300 2073 1353 denkt „Er ist tot —
360 1314 1679 1385 nichts — es war ihm, als müßte er sterben vor Scham — seine schönen
1814 1327 3050 1390 Sie sitzt da mit gläsernem Blick, hat nicht gehört, daß sie ge¬
1397 1353 1688 1408 Aber er wußte,
353 1361 1354 1413 Sätze fielen ihm ein „Ihr Menschen! Gnade! Gnade! ..
1730 1358 3059 1424 sprochen, bis ihr Mann sie anblickt und langsam fragt: „Warum sagst
360 1395 1535 1472 da unten war keine Gnade! . . . . Er hatte auch jetzt keinen Mut.
1743 1403 3048 1473 du das?“ Sie fühlt seinen furchtbaren Blick, und es blitzt in ihr auf, daß
450 1425 1690 1505 In der Nacht hatte er sich in seiner Garderobe aufgehängt — an
1805 1466 3062 1508 sich verraten habe — daß sie jetzt für ihre Feigheit gestraft werde, daß
356 1486 1689 1547 seinem Taschentuch — der arme Teufel war gestorben an seiner ewigen Feig¬
1748 1472 3065 1553 sie jetzt blutig büßen müsse dafür, daß sie den Geliebten hatte draußen liegen
510 1522 1684 1577 er hatte sich selbst nicht glauben wollen — sonst hätte er gewußt,
2476 1524 3052 1578 „„Und sie weiß, daß sie diesem
370 1540 458 1588 heit
1740 1536 2280 1591 lassen — allein in der Nacht.
1197 1552 1700 1611 aber einmal hatte er nun
357 1563 1195 1621 daß die da unten viel weniger waren als er —
1743 1559 3056 1632 Manne, den sie durch Jahre betrogen hat, im nächsten Augenblick die ganze
366 1607 1491 1680 doch Mut gehabt — den Mut, die „größte Feigheit“ zu begehen.
1745 1600 3059 1664 Wahrheit sagen wird. Und während sie durch die Thür schreitet, kommt
1734 1645 2713 1707 eine große Ruhe über sie, als würde vieles wieder gut.““
437 1661 1701 1732 Auch in der dritten Erzählung Schnitzlers: „Die Toten schweigen“ geht
363 1709 1691 1781 die Frau zu Grunde, weil sie zu feige ist, die Folgen ihrer Handlungsweise
1804 1703 3065 1772 Mit diesen Novellen beweist Schnitzler wieder, daß er einer der wenigen
1313 1745 1699 1804 fast ohne Gewissens¬
1151 1757 1316 1807 leicht —
368 1762 1156 1824 zu tragen. Sie hat ihren Mann betrogen —
1738 1754 3063 1826 Dichter ist, daß er nicht zu denen gehört, die durch ein Tendenzstuck,
519 1785 1701 1854 sie hat ja das Recht an sich selbst — schon seit langem hat sie alles
1747 1797 3020 1876 durch eine einmalige glückliche Idee sich einen Namen gemacht haben.
362 1813 524 1864 bisse —
1287 1826 1704 1879 Und wieder treffen sie
369 1836 1291 1898 ihrem Geliebten gegeben. — Und er war ihr treu. —
1830 1826 3060 1909 Jede der Erzählungen ist ein großartiges Seelengemälde — jede gleicht
363 1862 1691 1927 sich — wie schon so oft — wie so oft nehmen sie sich einen Wagen und
2136 1868 3067 1934 in dem viel Schönes enthalten ist — das Schönste
1743 1893 2088 1951 einem klugen Buch
1333 1904 1690 1962 und die Straße ist
1025 1908 1305 1971 — Es ist Abend
372 1916 968 1974 fahren hinaus — vor die Stadt. -
1752 1922 3001 1992 und Feinste, das Jnnerlichste und Tiefste aber steht zwischen den Zeilen.
1247 1947 1707 1999 alles vergessen — sie ist
2543 1955 2995 2010 Walther W. Blum.
546 1955 1217 2006 sie hat ihn umschlungen — und alles
378 1969 516 2021 schlecht
377 1991 1693 2063 sein mit Leib und Seele. — Da plötzlich ist ihr, „„als flöge der Wagen in die
553 2115 1518 2185 Indemnasskalten Klima Deutschlands
1892 2112 2927 2200 Willlam Lasson S Hair-EIIxir
566 2151 1539 2224 billiger und bekömmlicher als Bierl
2236 2172 3019 2230 nimmt unter allen gegen das Ausfallen der Haare,
2238 2212 3016 2261 sowie zur Stärkung und Kräftigung des Haar¬
2232 2228 3031 2292 wuchses empfohlenen Mitteln unstreitig den ersten
614 2195 1514 2302 Oswald Nier's Ungegypste!
2235 2283 2417 2332 Rang ein.
553 2288 1565 2343 Kein Gemisch, kein Malz, keine sog. schwer. Weine etc., sondern
2296 2265 3029 2346 Es besitzt zwar nicht die Eigenschaft, an
2008 2215 2134 2364 90
554 2318 1553 2374 seit 1876 laut Fürst v. Bismarok’s Worten: „Nationalgetränk“
2232 2325 3023 2372 Stellen, wo überhaupt keine Haarwurzeln vor¬
575 2348 1539 2410 Angenehme, leicht trinkbare und dabei so sohr stärkende
2228 2349 3034 2414 handen sind, Haare zu erzengen — (denn ein solches
2233 2386 3017 2443 Mittei glebt es nicht, wennschon dies von manchen
494 2386 1614 2454 Naturweine aus Weintrauben
2233 2400 3026 2467 anderen Tinkturen in den Zeitungen fälschlich be¬
509 2431 1604 2494 v. 10 Pf. pro 1/0 L. an, sow. in m. plomb. Orig.-Flaschen v. ¼, ½ u. ½ L.
2239 2445 3030 2496 hauptet wird) — wohl aber stärkt es die Kopfhaut
2244 2478 3021 2524 und die Hanen derartig, dass das Ausfallen
497 2461 1632 2545 f. Festlichkeit., Vereine, Krankenhäuser bew. hoh. Rabatt!
2534 2505 3019 2545 er Zeit aufhört und sich aus
2243 2515 2454 2555 des Haares
517 2518 1599 2583 57 Centralgesch. (41 in Berlin) und über 1000 Filialen in Deutschland!
2548 2532 3021 2572 ige diese eben noch nicht ab¬
2234 2541 2463 2590 den Wurzel:
2533 2561 3028 2602 es Haar entwickelt, wie dies
555 2567 1575 2615 Ausf. Preiscourant nebst Broschüre gratis und franoo.
2232 2574 2435 2618 gestorben
2520 2593 3029 2645 iche praktische Versuche erprobt
2243 2605 2427 2643 bereits dur
592 2604 938 2645 Fauptgeschäft und
2587 2616 3045 2666 Auf die Farbe des Haares
597 2598 1527 2679 Versandabthei ung BERLIN N., Linienstr. 130.
2237 2631 2438 2679 und festges
2242 2650 3032 2696 hat dieses M. keinen Einfluss, auch enthält es
651 2676 764 2730 No. 17
2225 2688 3023 2733 keinerlei der Gesundheit irgendwie schädliche Stoffe.
757 2664 1334 2737 OSWALD NIER
2334 2716 2947 2775 Preis per Flacon: 4 M. 50 Pf.
2120 2722 2204 2790 918
2269 2760 2997 2833 Niederlagen in allen grösseren Städten.
2500 2815 2780 2866 Generaldepot bei
2238 2833 3031 2894 0. Burchardt in Berlin, Friedrichstr. 190.
1944 2982 2886 3076 Acatène Métropole.
738 3149 861 3245 1
589 3243 1553 3315 dass jede Dame, die auf dem
576 3318 1182 3411 FIRMUS-SATTEL
811 3383 973 3466 sitzt
1275 3354 1402 3457 *
743 3682 900 3770 #
527 3785 639 3863 am
2040 3786 2811 3870 Das einzige, technisch richtig konstruierte
661 3791 947 3916 besten
1826 3844 3026 3962 kettenlose Fahrrad.
802 3891 1029 3989 fährt.
2124 3953 2729 4031 Alleiniger Generalvertreter:
1829 4002 3024 4086 A. Raasch, Leipzigerstrasse 9.
1026 4042 1129 4119 1
677 4038 884 4105 Ei
690 4075 926 4178 EDAEN
988 4080 1611 4182 WAATDNS TEÖ
