3336 4155
1451 119 1896 204 box 35/6
959 140 1010 201 W
596 139 929 205 au des
893 138 1340 236 isen
767 176 826 237 11
143 142 690 250 1. Die Fre.
773 858 868 933 10
1304 863 1623 935 COSMOPOLIS.
776 955 2150 1023 ihren. Sie weiss: überstcht sie diese letzte Prüfung nicht, so ist alles
779 1015 2148 1071 verloren. Und sie fühlt, wic sie wieder stark wird, sie hat ihre Züge, ihre
781 1061 2145 1109 Glieder in der Gewalt; sie kann in diesem Augenblick mit ihnen anfan¬
772 1108 2143 1163 gen, was sie will; aber sie muss ihn benützen, sonst ist es vorbei. Und
781 1153 2147 1201 sie greift mit ihren beiden Händen nach denen ihres Gatten, die noch auf
777 1190 2146 1256 ihren Schultern liegen, zicht ihn zu sich; sicht ihn heiter und zärtlich an.
781 1245 2143 1293 Und während sie die Lippen ihres Mannes auf ihrer Stirn fühlt, denkt sie:
773 1290 2135 1339 freilich.,, ein böser Traum. Er wird es niemandem sagen, wird sich nie
768 1339 2135 1394 rächen, nie. er ist tot.,, er ist ganz gewiss tot.,, und die Toten schwei¬
781 1395 2149 1443 gen." Warum sagst du das?“ hörte sie plötzlich die Stimme ihres
776 1425 2156 1490 Mannes. Sie erschrickt tief." Was hab’ ich denn gesagt?“ Und es ist
772 1480 2146 1536 ihr, als habe sie plötzlich alles ganz laut erzählt. Und sie weiss, dass sie
780 1521 2149 1581 diesem Mann, den sie durch Jahre betrogen hat, im nächsten Augenblick
782 1565 1382 1639 dlie ganze Wahrheit sagen wird.
822 1634 2138 1708 In diesem unwillkürlichen, vom Erzähler in leisen Zügen
785 1705 2135 1775 vorbereiteten, zum erstaunlichen Gipfel der Novellette em¬
780 1762 2150 1845 porgeführten Geständnis steckt eine gewaltige Theater-Scene,
785 1834 2139 1897 wie in der kleinen Geschichte ein ganzes, grosses Theater¬
780 1886 2131 1949 stück steckt, gleich oder just weil nichts theatralisch zuge¬
771 1948 2144 2034 richtet ist in dieser Meisterschöpfung. Schritt für Schritt, in
781 2007 2148 2082 unmerklichen Uebergängen verketten sich Schauplätze und
777 2077 2138 2140 Ereignisse. Der Wechsel des Ortes, die Wandiung der
770 2138 2136 2203 Empfindungen, Grosses und Kleines verschlingt sich zu
778 2201 2134 2273 Stimmungsbildern, die — nicht nur nach der Diplomaten¬
768 2261 2134 2335 Prosa in Fanar und Mayfair — Ohr und Auge und Herz
780 2322 2127 2385 zugleich gefangen nehmen. So z. B. im Gang, im Ab¬
776 2388 2139 2441 schiedsgang der Beiden beim Stelldichein auf der Reichsstrasse
775 2447 2136 2525 der Blick auf die grosse Donau, der über die Reichsbrücke
784 2508 1208 2589 rollende Bahnzug.
811 2592 2149 2657 Sie spazirten vorwärts. So lang die Brücke allmählich anstieg, sprachen
780 2644 2127 2696 sie nichts, und als sie Beide das Wasser unter sich rauschen hörten, blic¬
775 2685 2146 2742 ben sie eine Weile stehen. Tiefes Dunkel war um sie. Der breite Strom
780 2729 2142 2787 dehnte sich grau und in unbestimmten Grenzen hin, in der Ferne sahen
782 2780 2149 2830 sie rote Lichter, die über dem Wasser zu schweben schienen und sich
771 2835 2143 2890 darin spiegelten. Von dem Ufer her, das die beiden eben verlassen
775 2869 2140 2936 hatten, senkten sich zitternde Lichtstreifen ins Wasser; jenseits war cs,
770 2928 2150 2976 als verlöre sich der Strom in die schwarzen Auen. Jetzt schien ein fer¬
777 2964 2136 3008 neres Donnern zu ertönen, das immer näher kam; unwillkürlich sahen sie
778 3008 2144 3060 beide nach der Stelle, wo die roten Lichter schimmerten; Bahnzüge mit
778 3059 2135 3100 hellen Fenstern rollten zwischen eisernen Bogen hin, die plötzlich aus der
772 3100 2138 3153 Nacht hervorzuwachsen und gleich wieder zu versinken schienen. Der
777 3147 2145 3205 Donner verlor sich allmählich; es wurde still; nur der Wind kam in
769 3188 1177 3266 plötzlichen Stössen.
822 3267 2154 3347 Das wundersamste Blatt im Cyclus dieses Totentanzes ist die
768 3330 2147 3392 Novellette Blumen. Ein junger Mensch hat ein leichtes Blut
3270 2458 3335 2537 der
3189 2538 3342 2604 arme
3102 2591 3333 2674 que, spött
2972 2653 3329 2728 des Theaterpöbe
2769 2655 2919 2726 elächte
2728 2711 3330 2796 gelingt. Nur zu gut, denn
2720 2769 3339 2859 auf. Und die empörte Diva
2714 2834 3342 2917 Fass. Für wie lange? —
2726 2890 3334 2980 wiederum zu zahm sein. Im
2708 2954 3343 3038 mit dem Mannequin d’Osier
2717 3015 3336 3100 Groteske des französischen
2711 3078 3330 3169 geworden. Der Kostknabe
2728 3139 3335 3219 wüchsiger Milchbart, rührt
2725 3206 3330 3288 wird Augenzeuge der verrät
2717 3262 3333 3345 armung. Der Jüngling sieht
2986 3727 3176 3838 S
3153 3860 3190 3904 4100
2904 3965 2956 4006 00
2911 3988 3179 4068 P
3250 827 3318 905 TS
