3392 4316
174 651 343 714 itungsau
285 746 342 781 „
173 826 353 912 Gegensat
174 895 342 951 t durch
201 931 348 1000 frei die
352 185 1045 242 lungen zu suchen. Er findet sie
355 236 1053 285 in nächster Nähe, eng mit unserem
348 290 1052 345 socialen und moralischen Zustande
350 341 1053 387 verbunden, gewiss von sehr vielen
354 375 1059 436 schon empfunden und durchlebt,
351 424 1056 491 aber noch von keinem dargestellt
349 471 1050 524 und dichterisch gestaltet. Die No¬
362 519 1061 572 velletten dieser Sammlung sind nicht
354 566 1047 623 gleichwertig. Doch trägt jede den
364 616 1172 686 Stempel des Verfassers. Schnitzler 7.50)
1179 664 1362 720 inclusive
353 662 1167 744 sucht nicht lange nach psycholo- 14.—
1265 704 1328 738 rto.
363 710 1146 772 gischen Problemen. Er sucht aber 25.—
1188 732 1360 769 Zanlbar
1154 757 1381 804 im Voraus
365 746 1154 814 auch nicht lange nach Menschen, 55.—
369 791 1169 864 die darin verwickelt werden. Nicht 100.—
355 828 1428 907 Prachtexemplare, in denen sich ein dusschnitte ist das
1054 875 1443 929 auch steht es den
367 900 1319 958 derartiger Process mit typischer, zu ändern.
368 955 1053 1004 Reinheit vollzicht, bietet er uns.
366 988 1067 1059 Er gräbt nicht nach Gold, um uns
359 1044 1064 1111 endlich einen grossen Würfel zu
363 1091 1071 1149 zeigen. Seine Arbeit ist die des
365 1137 1071 1198 Goldwäschers, der aus sehr viel
371 1184 1068 1248 Wasser Sandkörner des Edelmetalls
373 1249 1070 1297 gewinnt. Wie der moderne Maler
361 1295 1063 1346 dem Pittoresken, Mächtigen in der
367 1334 1069 1389 Natur gerne ausweicht, um dem un¬
373 1391 1071 1445 scheinbaren Objecte seine Poesie
375 1432 1070 1475 abzulauschen, so trachtet Schnitzler
377 1473 1073 1523 in jene Tiefen des Alltagsmenschen
364 1520 1070 1582 hinabzuleuchten, aus denen auch
372 1575 1058 1630 von ihm ein, wenigstens ephemerer,
372 1614 1074 1680 dichterischer Glanz ausstrahlt. Als
361 1661 1061 1729 die vollendetste unter diesen Er¬
362 1717 1064 1780 zählungen erschien uns die letzte:
367 1767 1065 1826 „Die Todten schweigens. Hier ist
353 1816 1057 1874 ein äusserlich sehr wahrscheinliches
361 1868 1061 1928 Ereignis und wie es mit zwingender
358 1911 1052 1977 Kraft umbildend auf eine Frauen¬
362 1955 1064 2017 seele wirkt, mit ungewöhnlicher
358 2007 1061 2070 dichterischer Feinheit und Kraft
356 2058 1063 2115 überzeugend und eindrucksvoll dar¬
367 2109 1069 2158 gestellt. Im Ehrentage wird eine
357 2157 1057 2198 tragikomische Episode aus dem
355 2200 1063 2257 Milieu des Bühnenvölkchens in sehr
358 2242 1070 2298 charakteristischer Art erzählt. Ab¬
365 2292 1069 2356 schiede bedeutet die sinnreiche
358 2346 1061 2409 Aufstellung einer psychologischen
357 2391 1059 2442 Zwickmühle. In der Frau des
356 2435 1064 2503 Weiseng stcht die Ausgestaltung
368 2488 1060 2548 des Frauencharakters nicht im rich¬
356 2533 1071 2591 tigen Verhältnis zur glücklichen
358 2581 1055 2639 Erfindung und mit bildhafter Deut¬
357 2627 1056 2690 lichkeit vermittelten, die Voraus¬
365 2678 1067 2728 setzung der Erzählung bildenden
358 2728 1063 2788 Situation. Arthur Schnitzler ist
351 2773 1053 2836 kein Revolutionär, wie Peter Alten¬
351 2815 1066 2880 berg. Er wirft unserer in falschen
352 2865 1052 2927 Moralbegriffen und deren heuch¬
354 2916 1067 2973 lerischer Bewährung befangenen
356 2963 1053 3014 Gesellschaft keinen Fehdehand¬
365 3016 1062 3080 schuh hin. Dazu fehlt ihm das
363 3054 1049 3112 starke Temperament und stets ge¬
354 3103 1065 3167 reizte Nervensystem des Dichters
348 3154 1052 3212 von : Wie ich es scher. Aber er be¬
357 3207 1048 3262 sitzt einen klaren Blick für Seelen¬
359 3251 1059 3309 vorgänge, die aus den gegebenen
357 3295 1054 3351 Zuständen sich entwickeln und ist
363 3344 1060 3409 soweit empfindlich für die Anti¬
350 3393 1059 3454 nomien der letzteren, um von ihnen
359 3439 1056 3488 die Anregung zu dichterischen Ge¬
354 3488 1054 3552 stalten zu empfangen. Als berufener
354 3537 1053 3589 Dichter hat er auch seine eigene
354 3584 1056 3636 Sprache, deren Besonderheit sich
348 3633 1059 3693 freilich nicht aufdringlich geberdet.
345 3680 1048 3740 Sie fliesst mit anmuthiger Leichtig¬
353 3728 1062 3788 keit und rhythmisch discret dahin,
347 3773 1058 3830 ohne diese Eigenschaften einem
365 3829 1056 3881 sprachwidrigen Feuilletonisieren zu
358 3854 1067 3937 verdanken. Schnitzler prägt nicht
366 3917 1063 3980 Worte, aber das luftige Gefüge
366 3974 1068 4037 seiner Satzbildung erinnert an die
367 4028 1068 4073 Meister der modernen Medaille, die
370 4070 1063 4133 einer leichten Reliefierung echte
371 4112 1058 4185 Wirkungen abzugewinnen ver¬
368 4164 527 4221 stehen.
893 4162 1054 4220 C. S.
1963 1196 2504 1285 Hier und dort.
2388 1255 2761 1319 hur Schnitzler
1760 1258 2364 1324 Das neue Novellenbuch von Ar
2366 1294 2447 1336 12
1702 1286 2753 1367 „Die Frau des Weisen“ (S. Fischer, Berlin)
1707 1344 2757 1395 enthalt eine Reihe von geschickt gemachten, kleinen
1705 1397 2766 1442 Erzählungen. Keine fordert zu besonderem Lob
1706 1432 2751 1481 heraus. Aber so ein Band liest sich angenehm. Es
1712 1470 2754 1530 sind ein paar gut beobachtete Züge, ein paar feine
1710 1513 2758 1557 Worte und einige Herzlichkeiten darin. Schnitzler ist
1707 1550 2763 1622 sicher kein „kommender Mann“ aber ein geschickter,
1714 1601 2171 1653 angenehmer Mitmensch.
1762 1640 2760 1690 Es steckt viel mehr Salon in diesen talentvollen
1702 1670 2764 1728 Wienern, als für die große Kunst recht ist. Was sie
1710 1723 2758 1769 leisten, ist darum, äußerlich betrachtet, grazieuser und
1708 1762 2760 1815 liebenswürdiger als die oft formlosen Versuche der jungen
1701 1806 2753 1859 Norddeutschen. Aber man hat der Wiener Dramatik
1700 1842 2757 1897 ebenso wie ihren Erzählungen gegenüber nur zu schnell
1706 1892 2745 1940 die Empfindung, — Galanteriewaare. Das Wort be¬
1708 1930 2752 1989 zeichnet ja im Leben etwas Anderes. Es paßt aber
1703 1984 2626 2021 auch vortrefflich auf einen Theil der Literatur.
1763 2007 2750 2062 Etwas Hübscheres als die „Anatol"=Einacter,
1713 2045 2753 2100 die schon in dritter Auflage vorliegen, ist Schnitzler
1704 2091 2752 2144 bisher nicht gelungen. Es ist kein Zufall, daß sich
1714 2139 2758 2184 einzelne Acte wie Uebersetzungen aus dem Französischen
1709 2175 2755 2228 lesen. Es steckt in allen ein kleiner echter Empfin¬
1704 2215 2755 2257 dungskern. Die vielen Plaudereien sind ebenso ange¬
1706 2246 2843 2318 nehm für den Leser wie für den Zuschauer. Nur — 50)
2224 2293 2756 2354 näher hinsehen darf man
1631 2295 2159 2359 gedas ist Vorbedingung
1715 2335 2759 2388 nicht. Dann merkt man zu leicht, daß die Sprache
1667 2363 1712 2402 „
1669 2385 2754 2436 „doch nicht ganz echt, daß die Empfindung ein Bischen
1717 2413 2750 2474 conventionell und daß das Ganze eine geschickte
2758 2442 2886 2498 schni
1676 2470 2739 2515 „Salon=Comödie ist. Damit soll Niemand die Freude
2763 2488 2891 2538 u.  8
1705 2503 2744 2549 verdorben werden. Wer nicht gewohnt ist, näher hin¬
1652 2533 2892 2598 Akzusehen, kann Schnitzler's „Freiwild“ für ein echtes zu an
1662 2591 2749 2649 AlDrama und die amusanten „Anatol“=Plaudereien für
1687 2634 2189 2699 wirkliches Leben halten.
1771 2662 2756 2718 Von den neuen Novellen sind wieder zwei oder
1703 2698 2763 2764 ldrei, die besonders gefallen werden. Sie stehen nicht
1710 2752 2758 2818 höher als die anderen; aber ihr Thema ist dankbarer.
1721 2783 2752 2843 „Die Frau des Weisen“ zeigt das großmüthige Ver¬
1708 2825 2750 2894 zichten eines jungen Mannes, als er merkt, daß der
1713 2880 2746 2923 Gatte der Frau, die seine Geliebte werden will, ein
1701 2912 2755 2969 vornehmer Charakter ist. „Der Ehrentag“ schildert
1716 2955 2753 2998 die Leiden eines Schauspielers dritten oder sechsten
1706 2987 2759 3049 Ranges, dem einige Anatols eine ironische Ovation im
1713 3034 2748 3085 Theater darbringen lassen. „Ein Abschied“ und „Die
1705 3077 2751 3135 Todten schweigen“ geben das tragische Ende zweier Liebes¬
1721 3125 2752 3179 episoden; einmal stirbt die verheirathete Geliebte, das
1722 3169 2757 3214 andere Mal der Liebhaber. Schon diese, ganz un¬
1707 3195 2749 3263 zureichenden Angaben beweisen, daß die Sujets etwas
1712 3240 2745 3298 einförmig sind. Aber Schnitzler kennt sein Publikum.
1708 3286 2747 3349 Es giebt eben für den Salon nichts, das der Er¬
1705 3326 2749 3376 zählung und des heimlichen Neides würdiger wäre
1701 3372 2764 3420 fals eine junge, begehrenswerthe Frau. In Schnitzler's
1714 3406 2753 3458 Novellen sind alle Frauen jung und begehrenswerth.
1714 3449 2753 3512 Es ist eine Freude, wie viel glückliche, schöne, elegante
1709 3493 2086 3552 Menschen es giebt.
1766 3514 2756 3588 Dabei muß allerdings gesagt werden; der Himmel
1699 3541 2748 3633 bleibt nicht unbewölkt, das Schicksal naht, der
1706 3610 2756 3670 treunende Tod reitet schnell — und so fort. Denn
1722 3656 2252 3711 sonst gäbe es keine Novelle.
1775 3687 2750 3743 Arthur Schnitzler's persönliches Verdienst in dieser
1717 3734 2773 3788 Salonkunst sind einige echte, herzliche, gewinnende
1703 3765 2750 3822 Töne, die einem den Autor lieb machen. Es passirt
1702 3821 2750 3868 in irgend einer Gesellschaft ja auch, daß einer der
1716 3857 2752 3916 Gäste ganz unbewußt ein paar Worte sagt, es kann
1711 3892 2745 3941 irgend etwas selbstverständliches sein, die einem den
1716 3939 2768 4008 Menschen lieb machen. Schnitzler findet zuweilen
1704 3983 1982 4060 solche Worte.
2795 4185 2842 4210 .—
