3336 4026
930 261 1070 332 Ne
1068 261 1152 331 S
1428 256 1880 345 box 35/6
147 261 1271 348 1. Die Frau des an
1249 1094 1577 1180 COSMOPOLis.
721 1194 2096 1272 Mérimée stellt er reine und strenge Form höher als Schönred¬
722 1270 2090 1329 nerei. Noch mehr. Dem klugen Deutschen ist es nicht ent¬
720 1314 2102 1387 gangen, welche ausserordentlichen Wirkungen der ironische
727 1382 2095 1462 Franzose durch den Zusammenstoss fremdartiger Kulturen,
727 1445 2100 1537 durch das Widerspiel grundverschiedener Sitten hervorbringt.
733 1502 2100 1584 Leuten von den sogenannten besten Manieren stellt er ganz
733 1564 2109 1643 manierlose Originale vor. Die Zierpuppen des Julikönigtums
732 1638 2103 1709 und des Kaiserhofes neckt er mit der Bluträcherin Colomba
736 1706 2100 1774 und der liederlichen Carmen. Die Hoffart moderner Kultur¬
744 1764 2114 1836 menschen dämpft sein harmloser Hinweis auf die Barbarei
731 1834 2105 1895 naher Blutsverwandter, die Negersecle Tamangos, die besti¬
737 1885 2104 1962 alischen Instinkte des Tiermenschen Lokis. Bescheidene
743 1937 2099 2019 Anläufe in dieser Richtung finden sich auch in Fanar und
732 2015 2114 2087 Mayair. Umständlich beschrcibt Rudolf Lindau die Verlobung
738 2073 1821 2171 Hypatias in Konstantinopel mit Harry Midford:
778 2138 2108 2215 Gegen Ende des Mahles wurde auch der Gross-Logothet still und als
740 2208 2112 2262 die Früchte aufgetragen worden waren, bedeutete er die Diener den Saal
740 2241 2108 2311 zu verlassen. Darauf trat eine feierliche Pause ein. Dann spruch der
741 2278 2113 2362 Gross-Logothet mit bewegter Stimme: “ Golt segne die Stunde, in der
749 2331 2115 2402 wir Harry Midford, unseren Gastfreund, als ein Mitglied unserer Familie
743 2371 2112 2438 begrüssen.““ Gott segne die Stunde,“ wiederholten ganz leise der Fürst
743 2425 2112 2493 und die Domna. Midford hatte sich sehnell erhoben und stand jetzt vor
747 2461 2116 2538 der Domna. Als er sich tief beugte, um ihr die Hand zu küssen, berührte
741 2511 2106 2576 sie seine Stirn mit ihren Lippen. Zwei grosse Thränen glitten über ihre
749 2566 2111 2626 zarten Wangen. Der Fürst stand auf, als Miclford sich ihm näherte. Er
750 2608 2112 2698 egte beide Hände auf dessen Schultern, und seine Augen richteten sich
745 2675 2114 2721 ernst und gütig zugleich auf Midford: “Ich begrüsse dich als meinen
749 2697 2122 2763 Sohn,“ sagte er feierlich.“ Hypatia, reiche ihm vor deinen Eltern als
757 2748 2108 2814 seine verlobte Braut die Hand.“ Hypatia konnte sich nicht erheben.
753 2779 2120 2854 Sie versuchte es, aber sie sank segleich wieder zitternd auf ihren Stuhl
750 2836 2113 2904 zurück. Als Midford dies sah, trat er auf sie zu und ergriff ihre Rechte,
748 2890 2112 2963 die sie ihm willenlos überlicss. Erhebe dich, gelicbte Tochter,“ sagte
752 2933 2127 3017 dlie Domna, und auf Midfords Hand gestützt, konnte Hypatia tun, wie ihr
755 3002 2122 3052 geheissen war. Als die beiden schönen Menschenkinder nun Hand in
746 3024 2121 3086 Hand vor dem Vater standen, erhob der alte Fürst beide Hände und
751 3068 2116 3142 sagte feierlich: “ Empfangt den elterlichen SegenI... Möge der allgütige
752 3137 2117 3177 Gott Euch gnädig sein!“ Midford war so ergriffen, dass ihm das Ausser¬
760 3174 2129 3236 ordentliche des feierlichen Auftritts, auf den er in keiner Weise vorbereitet
753 3207 2127 3274 gewesen war, nicht auffiel. Er führte die bleiche Braut zurück auf ihren
751 3263 2128 3333 Sitz und fanc es ganz in Ordnung, was ium in England unmöglich erschienen
761 3302 2125 3366 wäre, dass der Gross-Logothet ihn mit väterlicher Zärtlichkeit in seine
763 3346 1748 3432 Arme schloss. — Darauf wurde die Tafel aufgehoben.
794 3419 2124 3511 Hundertundzwanzig Seiten später werden wir zur Ver¬
755 3486 2138 3564 lobung von Maud und Panayotti auf englischem Boden zu
758 3570 1138 3654 Gaste geladen:
3266 1942 3321 2023 #e
3187 2018 3334 2092 im Ga
3212 2065 3343 2142 Erlä
3205 2127 3343 2206 iren
3209 2194 3330 2274 gleic
3149 2270 3315 2336 ondern
3139 2317 3327 2395 werk im
3144 2361 3331 2446 erden au
3108 2441 3341 2509 Gunsten
3108 2498 3331 2581 endig sei
3053 2560 3332 2646 leblos sind
3046 2615 3330 2718 eiwerk behand
3029 2681 3343 2759 sache. Saube
2900 2739 3342 2838 zehntausend launige
2740 2812 3342 2895 aller Welt bekannte Londo
2737 2869 3331 2955 sicher schildert er das nicht
2723 2922 3340 3018 gemutende Familienleben
2731 2989 3331 3081 träger und griechische Klei
2729 3043 3343 3135 virtuos beschriebenen Kaik
2725 3116 3342 3196 tungen nicht minder virtuo
2731 3173 3331 3256 Wir werden Zeugen mod
2733 3239 3332 3320 und halbverschollener byz
2737 3292 3342 3396 lenen auch dem britischen
2730 3346 3343 3449 Haupt gedrückt wird. Al
2722 3422 3334 3499 reichen, rasch wechselnden
2739 3482 3343 3575 neuer oder auch nur indi
2737 3546 3331 3642 Londoner Salons und Walds
