3336 4219
2106 81 2178 150 —
1471 144 1921 246 box 35/6
977 166 1105 234 We
738 174 940 238 des
914 166 1311 277 sen
155 170 778 275 1. Die Fran
1584 917 2078 1005 DEUTSCHE BUCHER.
215 997 541 1096 nicht lehrhaft,
1184 1032 2516 1098 Er hätte sie nicht erkannt, wenn er nicht gewusst hätte, wer es war.
1144 1069 2518 1142 Erst allmählich ging ihm die Achnlichkeit auf — erst allmählich wurde es
200 1083 542 1152 schlich so über¬
1148 1131 2516 1176 Anna, seine Anna, die da lag, und das erste Mal seit dem Beginne dieser
299 1134 549 1215 wie weltalt
1148 1173 2517 1235 entsetzlichen Tage fühlte er Thränen in seine Augen kommen. Ein heisser,
301 1201 535 1279 r und all¬
1143 1227 2516 1292 brennender Schmerz lag ihm auf der Brust, er hätte aufschreien mögen,
1147 1273 2527 1325 vor sie hinsinken, ihre Hände küssen.,, jetzt erst merkte er, dass er nicht
297 1260 532 1334 tin maass¬
1149 1313 2516 1377 allein mit ihr war. Jemand kniete zu Füssen des Bettes und hielt die
293 1331 535 1397 lus solchen
1146 1359 2524 1413 eine Hand der Toten in seinen breiten Händen fest. In dem Momente,
356 1390 548 1460 istliches
1142 1410 2517 1468 da Albert eben einen Schritt näher zu treten versucht war, hob jener den
1142 1455 2514 1515 Kopf: was werde ich ihm denn sagen! — Aber schon fühlte er von dem
357 1448 548 1530 lebens-
1149 1499 2508 1556 Knicenden seine rechte Hand ergriffen und gedrückt, und hörte ihn mi
363 1517 553 1594 inmitten
1150 1537 2520 1611 thränenerstickter Stimme flüstern: Dank, dank. — Und dann wandte sich
405 1575 515 1654 iven
1153 1593 2507 1636 der Weinende wieder weg, liess den Kopf niedersinken, und schluchzte
1152 1630 2512 1702 leise in die Decke. Albert blicb auch eine Weile stehen und betrachtete
1156 1686 2520 1751 das Gesicht der Toten mit einer Art von kalter Aufmerksamkeit. Die
1153 1719 2516 1773 Thränen waren ihm ganz ausgeblieben. Sein Schmerz wurde plötzlich dürr
452 1769 547 1824 uon
1142 1777 2512 1830 und wesenlos. Er wusste, dass ihm diese Begegnung später einmal
474 1812 522 1869 uis
1149 1822 2512 1871 schauerlich und komisch zugleich vorkommen würde. Er wärc sich sehr
1147 1863 2223 1935 lächerlich erschienen, hätte er mit diesem da geschluchzt.
1201 1915 2505 1984 Und er wendet sich zum Gehen. Noch immer schaut er
1144 1991 2497 2049 zurück, und er glaubt auf Annas Lippen ein Lächeln zu sehen.
1155 2035 2521 2129 Ein Lächeln, das ihn höhnt und richtet. Tief beschämt eilt
1146 2107 2518 2173 er durch die Strassen: “denn ihm war, als dürfe er nicht
1149 2178 2514 2249 trauern, wie die Anderen, als hätte ihn seine tote Geliebte
1157 2238 1945 2308 davongejagt, weil er sie verleugnet.“
1201 2285 2507 2365 Schneidender noch ist das zuerst in Cosworozis (Oktober
1146 2351 2505 2420 1807) gedruckte Nachtstück Die Toten schweigen. Eine treu¬
1148 2414 2504 2476 lose Frau bestellt sich mit ihrem Geliebten zu einer Wagen¬
1158 2487 2512 2556 fahrt auf die Reichsstrasse. Der trunkene Kutscher wirft den
1150 2552 2513 2619 Fiaker um. Der Galan stürzt unglücklich und bleibt sofort
1159 2619 2508 2672 mausetot. Im ersten Schreck hält die Dame ratlos bei der
1147 2665 2522 2728 Leiche aus. Im nächsten Augenblick lässt sie den Toten im
1149 2724 2520 2810 Stich, eilt auf Umwegen heim, gelangt unbemerkt in die
1165 2788 2505 2854 Wohnung, und verwischt jede Spur des furchtbaren Aben¬
1150 2847 2509 2909 teuers. Arglos kommt nun auch der Gatte nach Hause. Sie
1149 2912 2512 2997 bewahrt eine Weile Fassung. Erst da sie einschlummmert,
484 2950 534 3008 eS
1147 2978 2520 3045 verlässt sie ihre Spannkraft. Im Traum stösst sie einen Schrei
408 3004 534 3071 ihm,
1154 3034 2149 3114 aus. Auf den Anruf des Gatten erwidert sie:
292 3060 542 3138 treibt ihn
1183 3102 2516 3171 Ich weiss nichts, Ich weiss gar nichts. Und sich selbst gegenüber im
242 3118 548 3203 ode nahe ist.
1165 3160 2512 3207 Wandspiegel sicht sic ein Gesicht, das lächelt, grausam und mit verzerrten
233 3180 545 3258 haus. In der
1160 3204 2525 3258 Zügen. Sie weiss, dass es ihr eigenes ist und doch schauert sie davor.
1156 3252 2529 3300 Und sic merkt, dass es starr wird. Und sie versucht zu schreien. Da
191 3238 540 3327 ndringling Nie¬
1155 3296 2521 3358 fühlt sie, wie sich zwei Hände auf ihre Schultern legen und sie sicht, wie
315 3309 555 3388 die Hand.
1161 3344 2520 3402 sich zwischen ihr eigenes Gesicht und das im Spiegel das Antlitz ihres
1139 3397 2535 3456 Gatten drängt; seine Augen, fragend und drohend, senken sich in die
2569 3928 2651 4007 100
3072 4016 3268 4104 In &. R
