3336 4320
193 101 717 207 11. Reigen
761 3100 838 3198 2
770 3219 840 3281 0
764 3272 839 3329 00
842 3221 899 3293 55
891 112 1296 197 box 18/1
1255 587 1852 695 7#e Aen
1130 700 1800 842 Ge
1392 819 1822 954 Gh
1216 962 2197 1074 LIFE, LETTERS, AND THE ARTS
1771 1117 2515 1190 He also says, I am astonished that
1105 1139 1495 1210 THE NEW DICKENS
1731 1176 2518 1239 neither I nor any other commentator
959 1211 1684 1273 Punen keeps a sharp eye upon the
1733 1234 2508 1297 or editor of the poet — not even Pro¬
916 1261 1684 1337 provincial press, with the laudable pur¬
1735 1278 2513 1346 fessor de Sélincourt — should have
914 1319 1678 1385 pose of collecting any blunders that
1729 1331 2151 1407 thought of it before.
915 1366 1693 1438 may help to make the British Isles a
917 1412 1679 1473 more cheerful place. Punch usually
910 1464 1680 1531 succeeds. This is one of the most recent
1737 1502 2399 1597 4 IN THE GERMAN THEATRE
915 1520 1359 1593 bits of treasure-trove:
959 1587 1535 1642 From a cinema advertisement:
1773 1574 2507 1646 Arrnovon a gulf separates the Ger¬
955 1638 1680 1691 Mas. Wiccs or rnz Caßßade Paren.
1729 1644 2513 1696 man stage of 1914 from that of to-day,
960 1680 1672 1745 A Great Screen Version of Charles Dickens
1735 1690 2514 1745 the effects of the war, which are as
925 1720 1407 1797 Famous Story. — Scots Paper.
1741 1733 2524 1807 plainlg discernible in the theatre as in
913 1779 1684 1836 To be followed, we presume, by a film of
1738 1785 2529 1849 any other department of life, have not
915 1831 1687 1886 Martin Chuzzlewit, the well-known Amer¬
1749 1834 2525 1896 been altogether disastrous. Some of
917 1879 1510 1948 ican novel by Alice Hegan Rice.
1751 1878 2519 1947 the older writers seem to have changed
1745 1939 2529 1998 little, but a new spirit is abroad among
1296 1970 1329 2021 *
1741 1987 2531 2048 many of the younger dramatists and
1753 2033 2531 2111 poets. The natural reaction from
935 2041 1680 2119 AN UNCGHRECTED MISPRINT IN KFATS
1746 2083 2526 2146 militarism has pröduced a horror of
965 2115 1699 2177 A CORRESPONDENT of the London
1754 2138 2521 2195 brute force — a change of which symp¬
920 2167 1705 2236 Times poin#r but a probable misprint
1759 2183 2520 2247 toms existed before 1914, but which is
935 2219 1703 2279 which has gone uncorrected in all the
1745 2243 2525 2298 in the main due to the horrors of four
916 2269 1702 2339 editions of Keats that he has been able
1750 2292 2097 2355 years of conflict.
924 2318 1703 2387 to examine. The error occurs in line 75
1788 2325 2532 2396 Dramatists, producers, actors, all
930 2380 1698 2436 of the poem Teignmouth, an epistle to
1751 2384 2532 2445 show the differences that the war has
919 2421 1459 2493 John Hamilton Reynolds:
1754 2441 2531 2497 made; but in some, respects these dif¬
982 2482 1649 2548 High reason, and the love of good and ill.
1752 2486 2523 2552 ferences actually favor artistic develop¬
1753 2541 2535 2598 ment. The financial stringency that
925 2535 1707 2618 The suggested reading is 'lore' for
1760 2596 2533 2648 affects all Germany has forced the
944 2601 1709 2663 love. Keats probably never saw the
1767 2636 2536 2702 lirectors of most theatres to seek for
937 2646 1704 2719 poem in print, and although usually his
1761 2685 2534 2747 beauty through a severe simplicity of
940 2696 1703 2779 handwriting is extraordinarily clear,
1762 2750 2527 2802 staging rather than in lavish costuming
936 2753 1708 2818 such a printer’s blunder is very prob¬
1760 2786 2527 2852 and elaborate scenery; and the diffi¬
939 2808 1708 2867 able. The proposed emendation has in
1763 2848 2542 2902 culties under which the artists work
929 2862 1709 2921 its favor Keat’s well-known partiality
1756 2896 2540 2953 have — as is common enough in any
931 2907 1297 2968 for the word lore.
1759 2953 2535 2998 branch of artistic endeavor — become
977 2951 1707 3018 Sir Sidney Colvin, undoubtedly the
1761 2997 2544 3057 spurs to success with new methods that
946 3005 1717 3068 most eminent living autherity upon
1766 3038 2537 3105 might otherwise never have been tried.
942 3053 1712 3123 Keats, says that the new reading is
1811 3088 2533 3154 This is particularly true of the de¬
941 3103 1718 3165 not only sense in itself, but corresponds
1767 3131 2541 3204 signing of stage settings, in which
944 3160 1709 3215 Strictlyto Keats’s usage inanother place,
1764 3190 2543 3260 Emil Pirchan, one of the younger men,
961 3205 1673 3285 iz., Lamia, Part I, lines 189 and 190:
1768 3245 2545 3310 stand, as the representative of the
977 3267 1601 3334 A virgin purest lipp’d, yet in the lore
1757 3288 2549 3370 newest ideas, in contrast with the
1072 3315 1675 3370 deep learned to the red heart’s core
