3336 4416
1305 46 1664 102 r
834 81 1680 138 viegender Art nicht vorbereitet war. Die
826 117 1356 187 Folgen waren zunächst
1429 125 1671 183 Lärmszenen,
822 163 1668 226 dann stürmische Auftritte, schließlich
819 208 1670 286 Keilereien und Prügeleien mit
822 254 1392 321 Ordnungsrufen ohne Zahl.
863 296 1664 373 Der Streitfall ist kurz gefaßt folgender
812 342 1670 414 Minister Dr. Glanz, die Regierung
818 394 1664 461 und die christlichsoziale Partei stehen au
819 442 1671 513 dem Standpunkt, daß die weiteren Auf¬
822 490 1665 559 führungen des „Reigen“ aus sittlichen
818 542 1662 600 Gründen untunlich seien, so daß aus
816 582 1673 652 ethischen Motiven mit dem Verbot
802 631 1661 704 vorgegangen werden mußte. Die Sozial¬
816 681 1672 749 demokraten sehen dagegen von dem
809 722 1676 801 Theaterstück vollkommen ab und nehmen
817 778 1666 844 nur Stellung dagegen, daß sich der
805 831 1659 887 Bundesminister des Innern über die
816 876 1660 945 nieue Verfassung hinweggesetzt und über
806 912 1666 991 den Landeshauptmann von Wien hinweg
815 963 1468 1029 eine Verfügung getroffen habe.
887 1011 1666 1087 Der Führer der Sozialdemokraten,
821 1047 1663 1122 Präsident Seitz, der heute zum ersten¬
815 1103 1669 1170 mal seit langem wieder die Redner¬
812 1149 1663 1211 tribüne bestieg, kennzeichnete in scharfen
817 1198 1664 1269 Worten die in der sozialdemokratischen
807 1242 1652 1300 Partei gegen Minister Dr. Glanz herr
823 1294 1655 1364 chende Mißstimmung und drohte, unter
822 1337 1669 1404 tützt von seinen Klubkollegen, mit den
817 1379 1657 1449 schärfsten Repressalien für den Fall, als
809 1433 1653 1497 es der Bundesminister auf einen Ver¬
805 1472 1660 1545 fassungskampf ankommen lassen würde.
809 1525 1659 1593 Er teilte hiebei mit, daß der Landes¬
801 1554 1644 1634 hauptmann das Verbot des „Reigen
814 1614 1663 1677 üiberhaupt nicht zur Kenntnis nehme, so
802 1661 1657 1733 daß jetzt abzuwarten sei, was Dr. Glanz
803 1712 1240 1769 nun verfügen werde.
871 1736 1653 1822 Die Ursache des Krawalls im Hause
802 1799 1649 1866 bildete der Schluß der Rede des Ministers
799 1849 1652 1907 Dr. Glanz, welcher erklärte, er überlasse
808 1889 1661 1968 das Urteil über sein Wirken getrost
802 1952 1649 2012 allen anständigen Menschen
810 1990 1655 2060 Darüber entstand ungeheure Erregung
808 2032 1648 2109 in den sozialdemokratischen Bänken
809 2082 1654 2151 Einige der größten Schreier wollten auf
802 2134 1662 2204 den Minister losgehen, wurden dabei, von
807 2176 1649 2250 den Christlichsozialen daran gehindert
802 2227 1648 2285 Dadurch entstand das übliche Ge¬
799 2273 1653 2338 dränge vor der Ministerbank, das
797 2328 1658 2385 wieder zu Keilereien führte, in deren
799 2367 1655 2439 Verlauf der gewesene Landeshauptmann
812 2419 1655 2481 Sever von dem christlichsozialen Ab¬
803 2471 1659 2518 geordneten Pischitz einen Stoßins
803 2517 1654 2577 Gesicht erhielt. Es wurden natürlich
809 2568 1652 2621 noch mehrfach Püffe und Stöße aus¬
1460 2614 1490 2641 4
804 2603 1654 2678 geteilt, doch war es in dem Gedränge
807 2663 1657 2730 und dem hereschenden Durcheinander
802 2702 1647 2776 nicht möglich, in verläßlicher Weise Ur¬
796 2750 1524 2820 heber und Empfänger festzustellen.
869 2791 1655 2859 Die unmittelbare politische Folge des
804 2840 1647 2911 Zwischenfalles ist jedenfalls die arge Ver¬
799 2894 1652 2955 stimmung auf beiden Seiten des Hauses,
808 2933 1650 3000 die darin ihren Ausdruck fand, dat die
812 2986 1647 3046 Sozialdemokraten für alle dem Hause
801 3027 1654 3088 vorliegenden Gesetzesvorlagen sofort die
802 3075 1655 3139 Durchführung der ersten Lesung ver¬
800 3119 1646 3201 langten, was natürlich eine Hinaus¬
809 3169 1646 3246 schiebung der Ausschußberatungen auf
794 3213 1276 3284 mehrere Tage bedingt.
868 3256 1651 3334 Nach Schluß der Haussitzung er¬
801 3306 1651 3377 warteten einige sozialdemo¬
797 3354 1648 3421 kratische Abgeordneten unter
790 3398 1655 3455 Führung des Abg. Zelenka
800 3451 1657 3506 Dr. Glanz beim Ausgang aus
802 3493 1653 3549 dem Sitzungssaal und wollten die
815 3535 1655 3593 Szene aus dem Nationalrat dort fort¬
802 3583 1646 3650 setzen. Nur dem Dazwischentreten einiger
801 3637 1652 3700 Christlichsozialer ist es zu danken, daß
804 3678 1668 3758 neue Zusammenstöße vermieden blieben.
1702 50 2558 132 Frlaß über das Verbot der Auftührung des
1710 99 2486 171 „Reigen“ sofort zurückziehen wolle.
1790 162 2558 228 In Begründung der Dringlichkeit führte
1706 201 2558 269 Abg. Leuthner aus, er wolle sich durchaus
1705 251 2553 311 nicht in eine Diskussion über ästhetische oder
1706 291 2558 352 ethische Fragen einlassen und gar nicht fragen,
1708 330 2547 383 was der „Reigen“ künstlerisch und ethisch be¬
1710 370 2560 435 deute. Wollte man die Frage beurteilen, was
1711 416 2545 476 der „Reigen“ künstlerisch, ethisch bedeutet, so
1705 456 2548 511 würde sich herausstellen, daß Stücke wie der
1704 493 2560 557 „Reigen“ in zahlreichen Fauen aufgeführt
1710 541 2548 601 wurden, ohne irgendeinen Anstoß bei frommen
1716 573 2547 643 Hemütern zu erregen wie beispielsweise im
1701 611 2551 688 Josefstädter Theater. Es handelt sich hier um
1701 657 2550 734 die rein gesetzliche Seite der An¬
1703 695 2008 754 gelegenheit
1777 737 2558 814 Nach dem Bundesverfassungsgesetz steht
1705 784 2548 852 dem Landeshauptmann, in diesem Falle dem
1709 828 2544 896 Bürgermeister von Wien, die Entscheidung zu
1701 875 2541 935 gegen die, wenn sie einmal im bejahenden
1707 909 2541 980 Falle erfolgt ist, eine Entscheidung der Re¬
1700 953 2549 1013 gierung nicht angerusen werden kann. Nur in
1699 991 2550 1058 dem Falle, wenn sie verneimnend aus¬
1696 1041 2542 1101 gefallen ist, ist eine Berufung an die Regierung
1697 1068 1846 1127 möglich.
1766 1102 2556 1184 Bundesminister Dr. Glanz: In
1694 1150 2544 1219 Beantwortung der soeben gestellten Anfrage
1699 1204 2549 1264 nöchte ich dem hohen Hause mitteilen: Schon
1696 1240 2543 1306 vor der Zulassung der Aufführung des
1710 1281 2543 1342 Reigen“ die durch den Magistrat in seiner
1709 1321 2541 1383 Eigenschaft als politische Lanoesstelle erfolgt
1705 1361 2552 1426 st, hatte der Herr Polizeipräsident von Wien
1691 1403 2541 1468 auf die schweren Bedenken gegen die
1698 1441 2541 1522 Aufführung dieses Bühnenwerkes aufmerksam
1696 1482 1831 1539 gemacht
1762 1520 2549 1594 Die Aufführung des Stückes gab alsbald
1691 1550 2548 1633 zu lebhaften Erörterungen in der
1694 1615 2547 1675 Oeffentlichkeit Anlaß. (Gegenrufe bei den So¬
1697 1657 2543 1716 zialdemokraten: In der „Reichspost“. Lär¬
1699 1682 2540 1754 nende Zwischenrufe auf den sozialdemokrati¬
1695 1736 2539 1802 schen Banken. Gegenrufe bei den Christlich¬
1706 1783 2545 1834 ozialen.) Hirbei sprach sich die über¬
1697 1821 2557 1872 viegende Mehrzahl der öffent¬
1690 1857 2546 1910 lichen Stimmen gegen die Auffüh¬
1690 1897 2549 1953 rung aus. (Abgeordneter Seitz, wo haben Sie
1685 1939 2221 1999 das gezählt? Großer Lärm.)
1770 1983 2549 2044 Der Gesamteindruck war, daß die Auf¬
1700 2026 2549 2093 ührung eine arge Verletzung, der
1692 2070 2553 2127 öffentlichen Sittlichkeit bedeute und
1696 2114 2546 2173 daß sie mit dem sittlichen Empfinden weiter
1688 2154 2549 2216 Kreise der Wiener Bevölkerung in scharfem
1700 2193 2550 2256 Gegensatz stehe. (Lebhafter Beifall und Hände¬
1691 2234 2533 2299 klatschen bei den Christlichsozialen, großer
1685 2274 2552 2331 Lärm bei den Sozialdemokraten. Abg. Seitz:
1689 2314 2544 2380 Woher wissen Sie das? Aba. Pick: Sie
1685 2359 2548 2419 bringen hier nur ästhetische Meinungen vor,
1695 2402 2549 2459 ber kein einziges Argument. Abg. Doktor
1690 2442 2546 2505 Mataja: Der Präsident als Krawallmacher.
1695 2484 2554 2555 Abg. Dr. Bauer: Ein solcher Schreier wie
1688 2524 2260 2588 der Mataja wagt das zu sagen.)
1756 2565 2548 2644 Minister Dr. Glanz (der Mühe hat, sich
1688 2611 2544 2681 verständlich zu machen): Aus Rücksichten der
1696 2657 2535 2721 öffentlichen Sicherheit habe sich das Bundes¬
1698 2699 2538 2767 ninisterium entschlossen, die weitere Auf¬
1691 2742 2541 2801 führung des „Reigen“ zu verbieten.
1693 2783 2537 2843 Stürmischer Beifall bei den Christlichsozialen.)
1696 2819 2541 2884 Die Vorgänge in dem Stücke sind durchaus
1699 2868 2125 2920 indeutiger Art.
2128 2872 2546 2930 Die deutsche
1688 2904 2534 2963 Kultur in Oesterreich wird gewiß keinen
1701 2947 2544 3010 Schaden erleiden, wenn Schaustellungen solchen
1686 2982 2533 3054 Vorgänge auf öffentlicher Bühne unter¬
1697 3024 1825 3077 leiben.
1831 3042 2543 3096 (Stürmischer Beifall und
1695 3064 2546 3134 Händeklatschen. Gegeneuf bei den
1691 3113 2544 3174 Sozialdemokraten. Dr. Bauer: Es handelt
1692 3152 2528 3209 sich hier um eine Verfassungsfrage
1693 3193 2531 3257 Das, was Sie sagen, hat mit der Verfassung
1684 3239 2541 3289 nichts zu tun.) Ich glaube auch nicht, daß die
1688 3274 2532 3344 breiten Massen der Wiener Bevölkerung es
1687 3322 2531 3375 als besonderen Verlust betrachten werden
1691 3357 2531 3414 wvenn einer kleinen Zahl frivole:
1690 3397 2528 3465 Genießer diese dem sittlichem Empfinder
1686 3438 2517 3507 und dem Ernst dieser Zeit widersprechenden
1690 3479 2292 3544 Vergnügungen entzogen werden.
1757 3527 2528 3593 Mehrere Sozialdemokraten dringen ar
1682 3569 2526 3635 den Platz des Ministers ein und schleuder
1690 3611 2525 3668 stürmische Zurufe gegen die Ministerbank. De
1698 3652 2515 3728 Präsident erteilt in dem herrschenden Lär
1682 3702 2522 3777 mehreren Abgeordneten Ordnungsrufe, mn
2564 1471 2625 1541 80
2583 231 2627 288 800
2583 404 2621 445 02
2572 439 2614 482 N
2580 480 2624 521 M
2582 557 2625 606 W
2742 394 3266 486 von Karl Schönherr
2834 463 3196 564 dargestellt vem
2805 537 3222 624 EkI-Ensemble
2650 609 3334 717 in den Wiener Kinos anzusehen
2659 711 3330 798 Die „Neue Freie Presse“ schreib
2649 764 3339 859 über diesch Film unter anderm:
2938 893 3318 934 #uch diechechetgonpandeen
2881 920 3310 969 Erwartungen blieben, wie man
2870 949 2936 983 ohne
2950 952 3309 996 Uebertreibung sngen
2883 977 3306 1022 arf. hinter dem zurück, was
2872 1011 3317 1056 geboten wurde Die wundervoll
2879 1034 3317 1084 schten Gestalten und Köpfe der
2867 1062 3313 1113 Schanspieler die im Ziliertul
2875 1086 3313 1137 aufvenommenen Landschaften,
2875 1120 3308 1166 die zu Ausserster dramatischer
2878 1148 3241 1197 Wirksamkeit gesleigerten
3244 1158 3289 1193 Ep
2875 1178 3310 1223 soden wirken durch die Natür¬
2871 1203 3307 1249 lichkeit der Szenerie und Dar¬
2874 1232 3305 1277 stellung noch erschütternder
2875 1262 3316 1306 als vor der Bühne herab. Es
2870 1288 3312 1334 war, ein grosser, ungetrübter.
2870 1311 3315 1378 durchans künstlerischer
2870 1344 3062 1394 Eindruck.
2758 1448 3225 1534 Astoria-Fim, Wien, VI.
3100 1612 3294 1668 Perlen, J
3112 1655 3322 1713 eder Art
2651 1676 2851 1753 Juweien-
2658 1701 3340 1781 geschart KRAMER, I. Graber
2726 1759 3260 1829 II. Stiege. 1. Stock. Telephon 14411.
2789 1785 3190 1833 Kein Gassenladen!
2781 2074 3193 2177 Satoy-Bar
2755 2155 3246 2229 I. Himmelpyortgasse Nr. 27
2973 2323 3339 2397 Grünsald-Halpe
2657 2544 3299 2636 ROCADEK
2601 2620 2933 2683 I. Walfischgssse 11
3137 2628 3340 2690 Telephon 68
2911 2714 3106 2790 orgen
2770 2822 3308 2918 abs ucn ses Tebrucl ist
