3444 4320
279 118 421 203 11.
978 113 1386 202 box 18/1
479 119 551 183 R
479 134 789 212 igen
425 620 1251 720 Kiese & Geider
459 703 1228 799 Bureau für Zeitungsausschnitte
450 784 1228 865 Berlin NO. 43, Georgenkirchplatz 21
409 994 608 1077 Zeitung:
1094 968 1197 1113 30
405 1104 524 1183 Ort:
805 1145 1074 1247 eein
404 1200 598 1294 Datum:
757 1227 1161 1374 TENN
381 1358 1545 1433 Das „Reigen“=Verbot nicht zurückgezogen! Wie die
367 1413 1541 1471 P. P. N.“ vnrteter Seite erfahren, trifft die Mit¬
355 1451 1542 1513 teilung, daß des gerichtliche Verbot der Aufführung von Schnitzlers
361 1502 1545 1550 „Reigen“ außgehoben sei, nicht zu. Nachdem sich das gericht¬
371 1542 1549 1591 liche Verbotkals wirkungslos erwiesen hat, ist nunmehr die
374 1584 1540 1634 Auflösungldes zwischen der Musikhochschule und
366 1631 1541 1688 der Direkkion Sladek=Eysoldt bestehenden Ver¬
368 1668 1550 1722 tragsverhältnisses auf dem Wege des Zivil¬
365 1707 1550 1777 prozesses eingeleitet worden. — Wir setzten im gestrigen
366 1753 1547 1811 Abendblatt hinter die Nachricht der „D. A. Ztg. ein aufatmendes
366 1787 1572 1849 „Na also!“ Nun scheint es so, als seien die Mucker wieder einmal#
346 1836 706 1910 untorschätzt worden.
837 1879 1553 1949 d De deen Br##eß des ehemaligen
472 2347 1427 2429 Schnitzlers „Reigen“ verboten und — aufgeführt. Aus
406 2380 1429 2453 Berlin wird uns geschrieben: Das Kleine Schau¬
424 2438 1430 2497 pielhaus hat trotz einer einstweiligen Verfügung des
398 2471 1425 2525 Landgerichts III, durch die unter Androhung einer Haft¬
406 2504 1087 2556 strafe die Auffübrung verboten
1096 2519 1423 2571 wurde, Schnitzlers
398 2547 1430 2595 „Reigen“ am Tage vor Weibnachten gespielt. Vor Be¬
407 2577 1421 2632 ginn der Aufführung trat Gertrud Eysoldt vor und
399 2608 1428 2670 legte mit erregter Stimme dem Publikum das eigentümliche
404 2640 1418 2706 Verhalten dar, das die Hochschule für Musik, in derem
407 2677 1413 2737 Haus sich das kleine Schauspielhaus befindet, als Verau¬
392 2708 1423 2774 lasserin jenes Verbots, eingeschlagen habe. Si##es darauf
405 2742 1428 2808 bin, daß in einem Hause, in welchem Mon###hindurch die
394 2786 1428 2842 „Büchse der Pandora“ gespielt wurde, isch plötzlich gegen
402 2821 1423 2875 das Werk eines Dichters vom Ranggrtbur Schnitzlers
393 2846 1429 2905 vorgegangen werde. Man habe ihr ##k Geldstrafe, sondern
384 2890 1420 2949 Haftit non ieche #chen Daue Machroht. Sie undal 25
324 2980 1354 3027 trotzdem und sehe der Entscheidung mit Ruhe entgegen. Die
333 3018 1357 3070 Aufführung selbst verlief obe Störung und Widerspruch.
335 3036 1360 3096 — Wie wir weiter erfahres wird nunmehr die Hochschuld
340 3061 1354 3127 für Musik nach dem Esdruck der Erstauffübrung ibret
1369 3031 1505 3133 7 12.
342 3110 1355 3169 Protest gegen die Auffürung zurückzieben. Die an¬
337 3145 1147 3213 gedroote Haftstrafz son nicht vollstreckt werden.
407 3180 1357 3254 „ Wrzenesiirz Gi##.. Saestichan Gonaut¬
1907 961 2756 1061 Klose & Seidel
1953 1050 2722 1144 Bureau für Zeitungsansschnitte
1944 1115 2713 1217 Berlin NO. 43, Georgenkirchplatz 21
2185 1265 2541 1382 Anische 6
1904 1335 2093 1418 Zeitung:
1901 1450 1995 1522 Ort:
1889 1554 2081 1634 Datum:
2207 1574 2629 1700 TEU
2177 1747 2775 1821 Schninlers Reigen verboten.
1915 1810 3061 1873 Berlin. Der eigentliche Wiener Geist, wie ihn Schnitzler vertritt,
1876 1839 3052 1907 scheint unsern Theaterdirektoren noch so unentbehrlich, daß seine hübsche
1882 1891 3057 1951 Dialog=Sammlung „Reigen“ allen Kennern des Verbotonen längst
1869 1930 3057 1997 bekannt, die Bersiner Theaterdirektion Eysoldt=Sladek im
1880 1967 3056 2032 Kleinen Schauspielhause reizte, sie kurz vor Weihnachten
1875 2012 3053 2062 aufzuführen. Und da kam wenige Stunden vor der angesetzten Vor¬
1881 2044 3053 2111 stellung ein Verbot. Der Geist der Sittlichkeit ging um im Kultus¬
1872 2089 3046 2144 ministerium, und man griff zu dem wenig republikanischen Mittel de¬
1876 2123 3045 2181 Verbots. Man wollte „Argernis nehmen“ an der Dramatisierung eine#
1867 2158 3050 2227 Buches, das allerdings einmal verboten und für unzüchtig erklärt
1869 2203 3047 2263 worden war. Zu diesem Zweck bediente man sich des rechtlichen Haus¬
1876 2242 3054 2303 wirts der Frau Direktor Eysoldt, der Hochschule für Musik, in deren
1879 2277 3042 2344 Bereich und Räumen das Kleine Schauspielhaus gelegen ist. Dieser
1869 2314 3040 2383 Hauswirt erwirkte im letzten Augenblick eine Verfügung eines Land¬
1860 2357 3038 2420 gerichts, wonach die Vorstellung bei Androhung von Haftstrafe ver¬
1874 2400 3036 2460 boten werden sollte. Frau Eysoldt ließ sich auch durch die Gefahr
1864 2440 3037 2505 einer Einsperrung nicht abschrecken. Sie führte den Reigen auf, nach¬
1870 2472 3039 2529 dem sie vor dem Vorhang eine kleine Eingangs= und eine kleine Schluß¬
1866 2514 3036 2580 rede gehalten und das Publikum mit der Sachlage bekannt gemacht
1853 2548 3034 2613 hatte. Sie überließ gleichsam diesem das Urteil selbst, ob es nun an
1860 2587 3044 2654 dem „Reigen“ Anstoß nehmen wolle, und da das anscheinend nicht
1860 2624 3037 2694 der Fall war, vielmehr das Stück nur von Beifall begleitet war, so ist
1853 2665 3028 2733 Frau Eysoldt vom Kunststandpunkt aus gerechtfertigt. Daß wir nun
1862 2707 3038 2766 den Reigen, auch nach jener Vorstellung, für eine bedeutsame Errungen¬
1855 2738 3028 2809 schaft des Theaters halten, können wir beim besten Willen nicht be¬
1851 2782 3035 2852 haupten. Alle Literalurkenner wissen, daß die geschlechtliche Pointe
1853 2817 3031 2891 sich bei den zehn Dialogen des Reigens, die wirklich nur etwas für reife
1856 2859 3025 2921 Zuschauer sind, stark in den Vordergrund drängt; die seine Ironie
1859 2899 3022 2962 Schnitzlers, die mit viel Geist die Komödie der Erotik verspottet findet
1850 2933 3024 3006 sich hier allerdings ebenso wie in den Anatol=Spielen. Diese Ironie
1857 2978 3016 3043 genießt man aber im Buch ebensogut oder besser als auf dem Theater.
1846 3014 3021 3081 Nach einigen Dialogen tritt eine gewisse Monotonie ein, die Entwick¬
1843 3052 3026 3130 lung drängt stets demselben Endpunkt zu, und das Spielerische, das
1841 3094 3028 3164 nötig ist, um das Ganze erträglich zu machen, wird nicht von allen
1844 3126 3017 3203 Darstellern getroffen. Am besten wirkte wohl der Dialog des Dichters
1841 3172 3027 3244 mit der Schauspielerin, einer der gelungensten der Sammlung. Die
1837 3199 3020 3283 Rolle der Schauspielerin wurde sehr gut von Blanche Dergan gespielt.
1838 3243 3009 3311 Unter den männlichen Darstellern ragten Kurt Götz und Forster¬
1843 3282 3019 3357 Larrinaga hervor. Der Beifall war lebhaft, und es zeigte sich wieder
1839 3329 3011 3394 einmal, daß beim Theater immer alles anders kommt, daß kein Arger¬
1840 3363 3011 3434 nis eintritt, wo solches von oben dringend gewünscht wird, und daß
1833 3401 3016 3484 man sich nicht einmal auf die Chance eines Skandals verlassen kann.
2846 3457 2995 3530 Mysing.
