3436 4224
943 57 1332 161 box 17/1
239 60 757 165 11. Reigen
828 825 1250 910 Telephon 12801.
463 907 1627 1004 Alex. Weigl’s Unternehmen für Zeitungs-Ausschnitte
1387 989 1581 1054 Ausschnitt
705 996 1351 1122 „OBSERVER‘
1463 1046 1690 1144 Nr. 45
329 1110 1722 1192 I. österr. behördl. conc. Bureau für Zeitungsberichte u. Personalnachrichte
604 1177 1493 1268 Wien, I., Concondiaplatz 4.
345 1230 1717 1336 Vertretungen in Berlin, Budapest, Chicago, Genf, London, Newyork, Paris, Rom
699 1288 1380 1358 Stockholm, Kristiania, St. Petersburg.
832 1355 1500 1491 Verdaenische algemeine Ag
328 1393 802 1478 Ausschnitt aus:
327 1515 868 1627 vom: 2/ 77 05
452 1867 1582 1948 Ak. Der Verfasser der „Liebelei" und von „Freiwild“, des
461 1948 1584 1990 unen Kakadu“ und der „Lebendigen Stunden“. Arthur
424 1963 1591 2035 Rönitzler, leistet bisweilen auch in pornographischer Literatur
407 2021 1588 2071 Fäftiges; das beweist das — zwar schon 1896/97 geschriebene, aber
403 2063 1579 2112 erst 1900 erschienene, jetzt im Wiener Verlag (Wien und Leipzig,
416 2089 1593 2144 1903) in 4. Auflage herausgekommene Buch „Reigen“. Diese zehn
409 2133 1590 2184 Dialoge sollen zwar — so vermuten wir — gewisse moderne soziale
404 2181 1593 2221 Erscheinungen charakterisieren, tun das aber keineswegs, da sie für alle
411 2210 1595 2261 Zeiten und alle Völker gleichmäßig passen. Der Harptzweck berantiger
417 2251 1594 2301 Bücher ist und bleibt das erotische Moment; dies allem bewirkt ihre
411 2294 1580 2338 vielen Auflagen, und so erklärt es sich auch, wenn von dem vor¬
406 2334 1595 2387 liegenden Buche „25 numerierte Exemplare auf Büttenpapier ab¬
319 2342 373 2406 F
417 2364 1584 2434 gezogen und vom Autor signiert“ sind. Wer einen dieser Dialoge
334 2403 372 2454 n
410 2394 1683 2453 rennt, lann sich die Lektüre der anderen ersparen: sie sind alle nach hive
1589 2441 1649 2494 9.
419 2439 1515 2500 Schamg F. gearbeitet, nur daß ein Wechsel der Personen eintritt.
1491 2454 1663 2527 Saumbar
1045 2489 1096 2547 7
1120 2477 1209 2557 Va.
1323 2485 1436 2538 110.
394 2487 495 2566 1000
1357 2502 1699 2580 200. — im Voraus
429 2562 1701 2630 Im Gegensatze zu anderen Bureaux für Zeitungsausschnitte ist das
315 2604 1300 2667 Abonnement durch keine bestimmte Zeitdauer begrenzt;
1371 2618 1700 2684 auch stcht es den
325 2639 1583 2711 Abonnenten frei die aufgegebenen Themen zu ergänzen oder zu ändern.
433 2726 1701 2796 Der „OBSERVER“ veranstaltet täglich einen Auszug enthaltend die
313 2762 1689 2838 Inhaltsangabe aller wichtigen Mittheilungen der Wiener Morgen¬
319 2802 1691 2878 blätter (Tagesjournale ausser „Neue Freie Presse“ und „Wiener Zeitung“)
320 2845 1684 2912 wodurch eine Uebersicht über das gesammte politische und wirthschaftlicht
308 2882 1693 2972 Leben des In- und Auslandes in drastischer Kürze geboten wird. Diese Mit¬
301 2922 1290 2990 theilungen werden in Wien um 9 Uhr Früh verschickt.
640 2997 1371 3095 Pnospecre guaris und fnanco.
2327 820 2749 926 Telephon 12801.
1947 924 3121 1005 Alex. Weigl's Unternehmen für Zeitungs-Ausschnitte
2893 995 3077 1066 Ausschnitt
2208 1018 2861 1134 „OBSERYEP“
2964 1047 3167 1150 Nr. 97
1834 1125 3239 1210 I. österr. behördl. conc. Bureau für Zeitungsberichte u. Personalnachrichten
2090 1179 2989 1268 Wien, I., Concondiaplarz 4.
1847 1183 2082 1276 ale
1841 1257 3242 1336 Vertretungen in Berlin, Budapest, Chicago, Genf, London, Newyork, Paris, Rom,
2201 1301 2885 1379 Stockholm, Kristiania, St. Petersburg.
1822 1426 2303 1514 Ausschnitt aus:
2478 1443 3092 1559 Breslauer Zeitung
1836 1521 2452 1645 vor 1 5 190
1910 1689 3104 1776 Unerforschlich sind die Wege des Staatsanwalts. Von einem
1851 1771 3101 1835 anderen Werke, das vor kurzer Frist erschienen ist, hätten Freund
1846 1807 3099 1871 und Feind des Dichters weit eher erwartet, er werde dem unerbitt¬
1840 1850 3108 1931 lichen Griff der Zensorhand verfallen. Ich meine Schnitzlers
1856 1902 3106 1967 „Reigen“, ein Buch, das seit Monatsfrist in den Schaufenstern der
1850 1951 3102 2016 Wiener Buchhändler prangt, wobei klebrige, den feinen, weltfremden
1857 1994 3102 2058 Dichter beschämende Umschlag=Reklame marktschreierisch in die Welt
1842 2040 3096 2104 posaunt: „Pikant, pikanter, am Pikantesten! Voll Gedankenstriche!!“
1845 2080 3111 2147 Ich habe diese Sammlung von Sexual=Monologen schon vor etwg
1858 2140 3108 2207 zehn Jahren gelesen und mich damals der flotten Kühnheit gefreut,
1849 2186 3120 2242 mit der Schnitzler die Silhouetten dessen an die Wand warf, was
1854 2232 3108 2290 bildlich darzustellen unmöglich ist. Damals war der „Reigen“ für
1857 2271 3112 2339 den intimeren Bekanntenkreis des Dichters als Manuskript gedruckt
1847 2312 3116 2384 worden, nicht für den Buchhandel. So hätte es bleiben sollen.
1814 2353 3125 2431 Arthur Schnitzler war. schlecht beraten, als er sich entschloß, diese
1858 2410 3122 2470 Bekenntnisse stiller Stunden mitten in das kalte lärmende Getriebe
2494 2454 3112 2519 Daß seine Feinde sich dessen
1862 2463 2497 2522 des offenen Marktes zu werfen.
1858 2505 3112 2569 freuten und in dem Erscheinen des Buches eine Rechtfertigung ihrer
3144 2532 3210 2591 us.
1867 2545 3113 2614 schamlosen Agitation gegen die Zuerkennung des Bauernfeld¬
3140 2583 3208 2652 188
1859 2592 3121 2655 Preises an den Autor erblickten, wäre noch hinzunehmen gewesen.
3144 2640 3210 2700 ien
1861 2636 3122 2697 Aber just die große Verehrerschar Schnitzlers fühlte sich dadurch
1868 2678 3119 2752 peinlich berührt, daß schlaue Buchhändler=Berechnung ein Werk
1871 2726 3127 2793 ihres Lieblingsdichters in eine Reihe mit jenen zweifelhaften
1867 2782 3123 2838 Literaturprodukten hängte, die wir aus diversen Budapester Ver¬
3152 2806 3199 2844 R¬
1869 2816 3121 2894 lagsanstalten zur Erbauung älterer und jüngerer Lebens= und
1806 2870 1855 2914 W
2792 2872 3207 2934 ecund Wirensenaftliche
1874 2872 2294 2930 Liebeskünstler beziehen.
1808 2910 3192 2983 Léi## ues in- und Auslandes in drastischer Kürze geboten wird. Diese Mit¬
1812 2951 2803 3020 theilungen werdea in Wien um 9 Uhr Früh verschickt.
2132 3036 2869 3114 Prospecte gratis und ftanco.
