3532 4352
451 6 1019 89 sreeegeueegena
446 72 1215 130 Marmorhaven. Kl. 9: Marmorrevyen.
450 96 1926 166 Paladsteatret. Sendag Kl. 4 og 8: Lille Mor. Hverdag Kl. 8: Lille Mor.
447 89 2681 215 Riddersalen. Sendag Kl4 og 8¼ og Hverdag Kl. 8: Meschugge, Barney Meeley, Adeline la Rinze, Olga Meller,
681 186 1265 245 Ida May, Carlo, Ellen Leffler.
451 191 2351 278 Sanderbros Teater. Sehdag Kl. 8: Berken Margrethe af Danmark. Hermed slutter Sesonen.
454 253 2645 325 Thalla Tatret. Sendag Kl. 4: Fri Udbleesning. Forbudt af Polltiet. Sendag og Hverdag Kl. 8: Myggestikket.
1936 396 2682 489 der sig selv en Morgenstund paa
1952 466 2682 554 det usle Tagkammer, der bebes af
648 410 1754 597 „Reigen“ i Aftes.
1944 528 2682 615 den samme stakkels Skoge, som
1954 594 2687 681 trak af med Soldaten i 1. Billede.
1200 582 1947 693 af Pointerne er gaaet bort, og at
445 594 1195 724 Reigen, 10 Billeder af Arthur
1201 657 1943 736 en enkelt Afdeling kun meder
539 691 1187 789 Schnitzler. Oversat af Marcus
2057 675 2116 779 22
1204 725 1932 804 med seks Repliker. Men Karak¬
545 756 1187 863 Kalckar, Iscenesat af Henrik
1210 778 1944 858 teren af de ti Billeder har natur¬
1217 840 1943 919 ligvis ikke kunnet fjernes, og
541 836 746 928 Bentzon.
1203 902 1948 980 man synes efter Forestillingen
496 893 1187 996 Et Blad bragte i Gaar den Med¬
1211 953 1947 1047 narmest at maatte give dem Ret,
453 955 1186 1059 delelse, at den estrigste Forfatter
1219 1012 1947 1100 der mener, at i Grunden ber saa¬
449 1040 1202 1104 Schnitzler havde protesteret mod
1220 1075 1953 1155 danne bitre Sandheder om Livet
452 1092 1182 1185 Censor Rosenberos Reigen--Be¬
1215 1132 1954 1234 henvises til Lasning i Lenkam¬
454 1152 1203 1243 skiring, og at Stykket ikke vilde
1217 1188 1943 1278 ret; men naur man endelig gaar
450 1222 738 1296 blive opfert.
1221 1255 1944 1334 med til at faa dem frem paa Sce¬
497 1266 1199 1362 Selvfelgelig viste dette sig ikke
1219 1313 1958 1403 nen, saa kan det ligesaa godt ske
448 1326 1192 1419 rigtigt. Et Teater maa ikke gur¬
1227 1369 1947 1463 den Skikkelse, Digteren har
460 1393 1198 1471 ne tilfeje noget i en Forestiling,
1226 1443 1567 1535 tenkt sig dem.
454 1449 1195 1551 men at et eller andet stryges, sker
1270 1483 1965 1574 Reigen — hvad er det for en
2132 1524 2195 1585 64
1218 1549 1968 1637 Idé af Fru Nansen ikke at lade den
1217 1606 1950 1693 tyske Titel overssette paa Program¬
1983 1622 2713 1698 Under Broen, hver Skegen (Frk.
1222 1673 1954 1751 met? — betyder Runddansen eller
1984 1691 2703 1765 Voss-Christensen) meder Soldaten
2177 1721 2528 1803 (Angelo Brunn).
1219 1730 1963 1825 Kededansen. I sine ti Billeder har
1217 1789 1970 1860 Schnitzler haft det paradoksale
1983 1785 2712 1894 Keden er sluttet. De ti Personer
1227 1845 1963 1938 Indfald at vise, at der kan blive en
1988 1880 2707 1945 har, heje og lave, uden selv at vide
1228 1902 1969 1988 sluttet Kade ud af et vist Antal
1988 1935 2713 2016 af det danset en skamles Runddans,
1219 1964 1968 2050 Mennesker, der har det tilfeelles, at
1983 1998 2716 2070 alle lige ens fornedrede af Sanser¬
1228 2026 1965 2108 de blindt feiger deres erotiske
1988 2068 2715 2143 nes dyriske Beger. Og saadan
1233 2084 1968 2169 Drifter. I 1. Billede ser man Ske¬
1994 2113 2721 2197 gaar det os alle, synes den estrig¬
1219 2145 1969 2231 gen under en Bro trekke hjem
1057 2111 1171 2227 □
1980 2170 2730 2252 ske Forlatter at mene: den ene er
1227 2200 1966 2276 med en Soldat. 2. Billede fortaller
1989 2228 2719 2304 ikke bedre end den anden. Vi hyk¬
1241 2268 1971 2344 om den samme Soldat, der forferer
478 2256 1217 2334 Robert Schmidt som Oglemanden
1991 2292 2713 2375 ler, vi seger at smykke vore eroti¬
475 2321 1219 2403 og Ellen Carstensen som oden sode
1226 2323 1959 2393 en Tjenestepige i et Buskads uden¬
790 2363 919 2433 Pigen.
1989 2345 2724 2425 ske Handlinger med alle Slags
1236 2372 1977 2456 for et Ballokale. 3. Billede lader
1983 2406 2730 2476 Flovser, alt muligt Komediespil ög
473 2411 1209 2522 saa ofte. Og -Reigene fik da og.¬
1231 2436 1972 2512 denne Tjenestepige hengive sig til
1994 2469 2730 2554 misbruger dog Elskovens Navn
471 2498 1226 2581 saa i Aftes programmessigt sin
1247 2493 1974 2574 sit Herskabs unge Sen. Og saa¬
1997 2524 2730 2609 alle til Hobe — maaske lige med
1237 2557 1967 2623 dan videre. I hvert Billede optri¬
477 2547 1210 2649 sensationelle Premiere for et fuldt
1986 2578 2719 2672 Undtagelse af den arme, lille Ske¬
1238 2602 1977 2696 der en af Personere fra det fore¬
489 2607 1219 2699 Hus, der medte speendt paa at se,
1996 2650 2724 2728 ge, der er henvist til at leve af det
1238 2667 1974 2765 gaaende Billede for derefter at
487 2679 1219 2761 hvem der egentlig er blevet den
1989 2702 2504 2788 mandfolkelige Misbrug.
1241 2734 1971 2816 overgive Pladsen til en ny. 4. Bil¬
493 2737 1223 2813 sejrende af de to saa lange tov¬
2036 2762 2730 2855 Muligvis rammer denne Satire
1245 2789 1972 2872 lede: Den unge Son ses i sin Ung¬
481 2793 1224 2889 trekkende Parter: Censor og Fru
2006 2826 2739 2914 saa haardt, fordi vi ved, at den
1245 2843 1970 2930 karlelejlighed i en Elskov-Scene
488 2860 680 2934 Nansen.
1999 2888 2732 2968 rammer rigtigt. Ved Lesningen af
1249 2915 1979 2997 med en ung Frue. 5. Billede pra¬
536 2882 1228 2993 Seirherren er vist egentlig Di¬
2004 2955 2734 3020 Reigent maa sikkert en altfor stor
1246 2967 1973 3050 senterer Hjemmets Agteseng,
495 2968 1222 3063 rektricen blevet. Thi om den kor¬
2000 3010 2727 3095 Del af os fele det, som om han ser
1244 3031 1985 3102 hvori Fruen dyrker Egteskabets
486 3018 1227 3101 te, orienterende Redegoreise af
1995 3067 2739 3144 sig selv afspejlet i en eller anden af
1258 3082 1985 3174 Gieder med sin Mand. Nr. 6: En
489 3089 1228 3179 Poul Levin, som Instrukter David
2007 3127 2737 3217 Stykkets Personer. Egenlig er de ti
1250 3142 1980 3222 Cafés Separat-Kabinet, hvor denne
499 3144 1232 3236 afgav foran Teppet forud for Fo¬
2011 3187 2733 3279 Billeder ikke andet end ligesaa
1252 3199 1980 3286 Egtemand fordrejer Hovedet paa
492 3209 1227 3297 restillingen, — om den afleveres
2006 3245 2744 3325 mange Ojebliks-Fotografier taget
1257 3259 1979 3346 en ung Pige, han har modt paa Ga¬
494 3267 1227 3343 eller ikke, det er saa temmelig
1996 3312 2734 3377 af de grimmeste Scener i Menne¬
1178 3332 1240 3396 et
1252 3315 1980 3395 den. Nr. 7: Den unge Pige befin¬
499 3332 1154 3419 ligegyldigt, da den kun siger
2004 3360 2742 3445 skelivet. Saadanne Snapshot plejer
1261 3380 1991 3456 der sig hjemme paa Divanen hos
502 3384 1152 3462 Par selvfelgelige Ord om,
2007 3426 2734 3491 man at gemme hen i den merkeste
1255 3440 1980 3516 en Forfatter. Nr. 8: Forfatteren
491 3439 1227 3531 Schnitzler er en alvorlig Kunstner,
2005 3481 2738 3566 Krog af sin Erindring. Derfor er
1255 3496 1993 3571 nyder Landlivets Ensomhed paa en
494 3506 1246 3589 der selv ved at skildre Livet saa
2012 3552 2750 3625 det ikke rart pludseligt at se dem
1254 3562 1987 3637 Kro sammen med en tempera¬
498 3562 1239 3654 grelt som her i -Reigene kun har
2014 3602 2736 3675 fremdragne i Lyset og mindst selv.
1260 3609 1996 3697 mentsfuld Skuespillerinde. Nr. 9.
496 3623 1226 3710 haft opdragende og samfundsbe
2009 3661 2731 3755 felgeligt i Scenens grelie Rampe¬
1262 3670 1995 3750 Skuespillerinden byder gestfri en
502 3688 1242 3780 leerende Formaal. Og angaaende
2014 3731 2103 3804 Iys.
1258 3740 1986 3816 mldre Greve Husly 1 sin brede
499 3736 1240 3820 Beskeringen, sea har den rigtig¬
2046 3759 2746 3875 En Fotograf kan heller aldrig
1269 3779 2010 3892 Boudoir-Seng. Nr. 10: Greven fin¬
493 3807 1240 3894 nok veret saa grundig, at en Del
2702 90 3303 187 vere rigtig Kunstner, og Schi
2697 171 3318 255 er ogsaa her allerhojst Kunz
2697 227 3315 316 graf. Vel falder der mange
2701 283 3304 372 fende Bemerkninger i disse
2708 347 3323 437 leder, det bedske Vid gennem
2707 401 3330 485 ler dem, de er sete gennem e
2700 459 3320 554 se af en Intelligents aandskar
2710 522 3305 609 ne lagttagelses-Evne. Men
2709 581 3312 664 kolde og haarde 1 Glansen,
2702 638 3322 718 er ikke saa meget Digteren Se
2708 704 3320 786 ler, man her faar Lejlighed
2708 762 3330 854 beundre, som den uforfa
2702 826 3035 903 Sandhedssiger.
2756 875 3337 971 Man forstaar, at Betty Na
2697 950 3333 1041 Teatrets Censor-Fremfering m
2713 1007 3350 1098 en hei Del af Virkningen. Sa
2715 1070 3343 1151 deempet er enkelte af Bille
2723 1117 3345 1210 her, at de i Aftes tog sig uc
2715 1187 3338 1278 forholdsvis uskyldige Sketsch
2716 1244 3341 1331 en Scala- eller Tivolirevy. T
2706 1308 3332 1397 bliver skyndsomst draget til
2714 1376 3333 1453 Inver Elskovs-Scene, og flere
2797 1417 3345 1510 Forestillingen forekomn
2714 1444 2813 1500 1
2719 1490 3330 1564 Senge er inddragne. Allige
2718 1541 3330 1633 der jo blevet et Par Stykker
2723 1602 3346 1690 ge, og, som sagt, Billedernes
2722 1667 3262 1762 rakter kan ikke andres.
2760 1727 3335 1826 I Aftes blev der baade hys
2733 1804 3353 1890 klappet 1 Teatret. Den srage
2735 1850 3363 1948 sen gjaldt vel denne Billed
2731 1912 3371 2011 Karakter. Det stierkere Bifal
2736 1973 3350 2062 formodes henvendt til Te
2732 2033 3344 2125 Isceneseettelse, der virkelig
2738 2097 3347 2184 alle Semmelighedens Hensyn.
2739 2171 3353 2241 Fru Nansen endelig absolut
2740 2208 3376 2293 spille Stykket, kunde det n
2742 2268 3376 2357 spilles peenere og med sterre#
2741 2330 3361 2413 nerisk Alvor end her. Eg
2741 2375 3377 2468 Skuespilkunst giver det ikk
2751 2447 3374 2521 lighed til, da ingen af Figurer
2741 2507 3339 2594 er gennemgaaende, cg hver
2742 2577 3378 2650 Skuespiller kun viser sig i ret
2754 2624 3374 2725 Tableauer paa Scenen og tilmt
2744 2682 3361 2765 test i et dremmespilagtigt
2757 2742 3380 2832 merke, der ikke tillader sterr
2754 2805 3367 2891 ancer i Spillet. Skarpest i Sk
2757 2862 3360 2950 sen stod Robert Schmidt
2760 2924 3374 3008 Egtemanden og Ellen Carst
2755 2982 3385 3056 som eden sede Pige-, hans lil
2752 3040 3391 3133 sindige Gadebeskendskab. De
2756 3097 3390 3192 til to egte Mennesker, og den
2762 3159 3390 3248 ne, de spillede sammen i Ka
2757 3216 3396 3311 Separatkabinet, udgjorde Aft
2757 3287 3391 3370 stierkeste Indtryk. Freken Caf
2765 3340 3349 3429 sen udvikler sig, for hver
2758 3404 3392 3476 man ser hende. til en stadigt
2756 3465 3383 3546 Kunstnerinde. Hver Beton
2756 3519 3396 3596 bendes Stemme, hver Beva
2757 3579 3394 3669 er fuldt ud : Overensstem
2757 3640 3313 3734 med Sandheden og Livet.
2792 3702 3384 3792 Efter Forestillingen kom
2741 3764 3386 3862 ikke til nogen Art Demonst
3463 93 3518 180 .
