<?xml version="1.0" encoding="UTF-8" standalone="yes"?>
<PcGts xmlns="http://schema.primaresearch.org/PAGE/gts/pagecontent/2013-07-15" xmlns:xsi="http://www.w3.org/2001/XMLSchema-instance" xsi:schemaLocation="http://schema.primaresearch.org/PAGE/gts/pagecontent/2013-07-15 http://schema.primaresearch.org/PAGE/gts/pagecontent/2013-07-15/pagecontent.xsd">
    <Metadata>
        <Creator>prov=University of Rostock/Institute of Mathematics/CITlab/Gundram Leifert/gundram.leifert@uni-rostock.de:name=ONB_Newseye_GT_M1+(htr_id=10810)::::v=2.4.3
prov=University of Rostock/Institute of Mathematics/CITlab/Tobias Gruening/tobias.gruening@uni-rostock.de:name=de.uros.citlab.module.baseline2polygon.B2PSeamMultiOriented:v=2.4.3
prov=University of Rostock/Institute of Mathematics/CITlab/Tobias Gruening/tobias.gruening@uni-rostock.de:name=/net_tf/LA73_249_0mod360.pb:de.uros.citlab.segmentation.CITlab_LA_ML:v=2.4.3
Transkribus</Creator>
        <Created>2019-10-07T11:36:54.164+02:00</Created>
        <LastChange>2019-12-04T12:10:14.731+01:00</LastChange>
        <TranskribusMetadata docId="223982" pageId="9501621" pageNr="43" tsid="20368178" status="IN_PROGRESS" userId="40391" imgUrl="https://files.transkribus.eu/Get?id=RYLUOVTRFZMSMJSTWEHNJTSI&amp;fileType=view" xmlUrl="https://files.transkribus.eu/Get?id=TNYQUMXNOAJSPHNSUIZLAHXC" imageId="6191843"/>
    </Metadata>
    <Page imageFilename="223982_0043.jpeg" imageWidth="3392" imageHeight="4224">
        <ReadingOrder>
            <OrderedGroup id="ro_1711448223417" caption="Regions reading order">
                <RegionRefIndexed index="0" regionRef="r1"/>
                <RegionRefIndexed index="1" regionRef="r2"/>
            </OrderedGroup>
        </ReadingOrder>
        <TextRegion orientation="0.0" id="r1" custom="readingOrder {index:0;}">
            <Coords points="284,147 284,3194 2240,3194 2240,147"/>
            <TextLine id="r1l1" custom="readingOrder {index:0;}">
                <Coords points="982,194 1083,186 1132,204 1164,187 1268,207 1333,180 1373,195 1374,114 1342,129 1312,115 1282,128 1209,117 1169,146 1139,144 1105,120 1015,134 983,117"/>
                <Baseline points="992,173 1018,174 1044,175 1071,176 1097,177 1124,177 1150,178 1177,178 1203,178 1229,178 1256,178 1282,178 1309,178 1335,177 1362,177"/>
                <TextEquiv>
                    <Unicode>box 17/1</Unicode>
                </TextEquiv>
            </TextLine>
            <TextLine id="r1l2" custom="readingOrder {index:1;}">
                <Coords points="273,181 418,178 488,209 610,195 747,210 794,201 797,133 594,117 523,132 500,113 453,114 405,148 342,109 276,104"/>
                <Baseline points="284,168 309,170 334,173 359,175 384,177 409,179 434,180 459,182 484,184 509,184 534,186 559,187 584,187 609,188 634,189 659,189 684,189 709,190 734,190 759,190 784,190"/>
                <TextEquiv>
                    <Unicode>11. Reigen</Unicode>
                </TextEquiv>
            </TextLine>
            <TextLine id="r1l3" custom="readingOrder {index:2;}">
                <Coords points="542,1168 559,1168 589,1148 625,1151 636,1140 666,1160 700,1157 703,1046 645,1044 615,1052 594,1043 579,1049 558,1034 545,1033"/>
                <Baseline points="552,1146 579,1142 607,1142 634,1145 662,1147 690,1144"/>
                <TextEquiv>
                    <Unicode></Unicode>
                </TextEquiv>
            </TextLine>
            <TextLine id="r1l4" custom="readingOrder {index:3;}">
                <Coords points="769,1158 870,1143 940,1170 968,1150 1000,1168 1180,1150 1250,1169 1354,1144 1355,1103 1325,1096 1203,1093 1149,1120 1057,1098 948,1111 916,1095 771,1096"/>
                <Baseline points="781,1144 809,1142 837,1141 865,1141 893,1141 921,1141 949,1141 977,1142 1005,1143 1033,1144 1062,1145 1090,1147 1118,1148 1146,1148 1174,1150 1202,1150 1230,1151 1258,1151 1286,1151 1314,1151 1343,1150"/>
                <TextEquiv>
                    <Unicode>Das Buchdrama. 6/10</Unicode>
                </TextEquiv>
            </TextLine>
            <TextLine id="r1l5" custom="readingOrder {index:4;}">
                <Coords points="1396,1156 2217,1170 2243,1164 2244,1127 1397,1109"/>
                <Baseline points="1408,1149 1449,1150 1490,1150 1531,1151 1573,1151 1614,1152 1655,1153 1696,1153 1738,1154 1779,1154 1820,1155 1861,1155 1903,1156 1944,1156 1985,1156 2026,1157 2068,1157 2109,1158 2150,1158 2191,1158 2233,1158"/>
                <TextEquiv>
                    <Unicode>arbeiten veritable Bettelgroschen erhalten hat, aber</Unicode>
                </TextEquiv>
            </TextLine>
            <TextLine id="r1l6" custom="readingOrder {index:5;}">
                <Coords points="592,1202 1343,1219 1381,1209 1382,1141 1239,1171 593,1151"/>
                <Baseline points="604,1193 642,1193 680,1192 719,1192 757,1193 795,1193 834,1193 872,1194 910,1195 949,1196 987,1196 1025,1197 1064,1198 1102,1199 1140,1199 1179,1200 1217,1201 1255,1201 1294,1201 1332,1201 1371,1200"/>
                <TextEquiv>
                    <Unicode>„Was man nicht zur Aufführung bringen</Unicode>
                </TextEquiv>
            </TextLine>
            <TextLine id="r1l7" custom="readingOrder {index:6;}">
                <Coords points="1404,1207 2249,1212 2249,1177 2200,1164 1404,1158"/>
                <Baseline points="1414,1194 1455,1195 1496,1195 1537,1196 1578,1196 1620,1197 1661,1197 1702,1197 1743,1198 1784,1198 1826,1198 1867,1199 1908,1199 1949,1199 1990,1199 2032,1200 2073,1201 2114,1201 2155,1202 2196,1203 2238,1204"/>
                <TextEquiv>
                    <Unicode>glaubt Ihr, daß er itzemal mehr bekommen hätte,</Unicode>
                </TextEquiv>
            </TextLine>
            <TextLine id="r1l8" custom="readingOrder {index:7;}">
                <Coords points="527,1240 1376,1248 1361,1208 527,1197"/>
                <Baseline points="537,1234 578,1234 619,1234 661,1234 702,1235 744,1235 785,1236 826,1237 868,1237 909,1238 951,1239 992,1240 1033,1241 1075,1241 1116,1242 1158,1243 1199,1243 1240,1243 1282,1244 1323,1244 1365,1244"/>
                <TextEquiv>
                    <Unicode>kann, das sieht man als ein Buchdrama an.“</Unicode>
                </TextEquiv>
            </TextLine>
            <TextLine id="r1l9" custom="readingOrder {index:8;}">
                <Coords points="1403,1249 2192,1260 2250,1254 2251,1212 1404,1204"/>
                <Baseline points="1415,1236 1456,1237 1497,1238 1538,1238 1579,1239 1621,1239 1662,1240 1703,1240 1744,1241 1785,1241 1827,1242 1868,1242 1909,1243 1950,1243 1991,1244 2033,1244 2074,1245 2115,1245 2156,1245 2197,1246 2239,1246"/>
                <TextEquiv>
                    <Unicode>wenn er seine künstlerische Ueberzeugung geopfert</Unicode>
                </TextEquiv>
            </TextLine>
            <TextLine id="r1l10" custom="readingOrder {index:9;}">
                <Coords points="527,1294 1352,1301 1382,1299 1383,1250 527,1243"/>
                <Baseline points="537,1280 578,1279 620,1279 662,1279 703,1279 745,1279 787,1279 828,1280 870,1280 912,1281 954,1282 995,1282 1037,1283 1079,1284 1120,1285 1162,1286 1204,1286 1245,1287 1287,1287 1329,1288 1371,1288"/>
                <TextEquiv>
                    <Unicode>Ich glaube mit dieser auf Kosten des Rhythmus</Unicode>
                </TextEquiv>
            </TextLine>
            <TextLine id="r1l11" custom="readingOrder {index:10;}">
                <Coords points="1403,1287 2244,1300 2244,1255 1404,1250"/>
                <Baseline points="1414,1279 1455,1280 1496,1280 1537,1280 1578,1281 1619,1282 1660,1282 1701,1283 1742,1283 1783,1284 1824,1284 1865,1285 1906,1285 1947,1286 1988,1287 2029,1287 2070,1288 2111,1288 2152,1289 2193,1289 2234,1289"/>
                <TextEquiv>
                    <Unicode>und sich dem Geschmacke des breiteren Publikums</Unicode>
                </TextEquiv>
            </TextLine>
            <TextLine id="r1l12" custom="readingOrder {index:11;}">
                <Coords points="530,1331 1328,1348 1379,1338 1380,1297 531,1290"/>
                <Baseline points="542,1322 583,1322 624,1322 665,1322 707,1322 748,1322 789,1323 831,1323 872,1324 913,1325 955,1325 996,1326 1037,1327 1078,1328 1120,1329 1161,1329 1202,1330 1244,1330 1285,1330 1326,1330 1368,1330"/>
                <TextEquiv>
                    <Unicode>geschehenen Variante eines alten Schulspruches</Unicode>
                </TextEquiv>
            </TextLine>
            <TextLine id="r1l13" custom="readingOrder {index:12;}">
                <Coords points="1407,1329 2143,1354 2239,1348 2240,1306 1408,1284"/>
                <Baseline points="1418,1322 1458,1323 1499,1323 1539,1324 1580,1325 1620,1325 1661,1326 1701,1327 1742,1327 1782,1328 1823,1328 1864,1329 1904,1329 1945,1330 1985,1330 2026,1331 2066,1331 2107,1331 2147,1332 2188,1332 2229,1332"/>
                <TextEquiv>
                    <Unicode>ubordiniert hätte? Die Konjunktur, als Schau¬</Unicode>
                </TextEquiv>
            </TextLine>
            <TextLine id="r1l14" custom="readingOrder {index:13;}">
                <Coords points="534,1372 1381,1385 1358,1339 535,1333"/>
                <Baseline points="545,1364 586,1364 627,1365 668,1365 710,1366 751,1366 792,1367 834,1368 875,1368 916,1369 958,1370 999,1370 1040,1371 1081,1371 1123,1372 1164,1372 1205,1373 1247,1373 1288,1373 1329,1373 1371,1374"/>
                <TextEquiv>
                    <Unicode>das allgemeine Wesen des Buchdramas am deut¬</Unicode>
                </TextEquiv>
            </TextLine>
            <TextLine id="r1l15" custom="readingOrder {index:14;}">
                <Coords points="1409,1378 2228,1391 2246,1340 1410,1329"/>
                <Baseline points="1420,1367 1460,1368 1501,1368 1542,1369 1583,1369 1623,1370 1664,1371 1705,1371 1746,1372 1786,1372 1827,1373 1868,1374 1909,1374 1949,1375 1990,1375 2031,1376 2072,1376 2112,1376 2153,1376 2194,1377 2235,1377"/>
                <TextEquiv>
                    <Unicode>pieldichter zum Kapitalisten zu werden, war</Unicode>
                </TextEquiv>
            </TextLine>
            <TextLine id="r1l16" custom="readingOrder {index:15;}">
                <Coords points="533,1415 1350,1432 1377,1430 1378,1383 1132,1377 1087,1400 1000,1369 664,1390 533,1371"/>
                <Baseline points="544,1409 585,1409 626,1409 667,1410 708,1410 749,1410 790,1411 831,1411 872,1412 913,1412 955,1413 996,1414 1037,1415 1078,1415 1119,1416 1160,1417 1201,1418 1242,1418 1283,1419 1324,1420 1366,1420"/>
                <TextEquiv>
                    <Unicode>lichsten gekennzeichnet zu haben. Die Auffassung</Unicode>
                </TextEquiv>
            </TextLine>
            <TextLine id="r1l17" custom="readingOrder {index:16;}">
                <Coords points="1399,1416 2250,1428 2251,1383 1400,1375"/>
                <Baseline points="1410,1409 1451,1410 1492,1411 1534,1412 1575,1413 1617,1413 1658,1414 1700,1415 1741,1415 1783,1416 1824,1416 1865,1417 1907,1417 1948,1417 1990,1418 2031,1418 2073,1418 2114,1419 2156,1419 2197,1419 2239,1420"/>
                <TextEquiv>
                    <Unicode>damals überhaupt nicht vorhanden. Und wäre</Unicode>
                </TextEquiv>
            </TextLine>
            <TextLine id="r1l18" custom="readingOrder {index:17;}">
                <Coords points="527,1460 978,1475 1006,1451 1372,1478 1372,1431 1313,1421 528,1415"/>
                <Baseline points="537,1452 578,1452 619,1452 660,1453 701,1453 743,1454 784,1454 825,1455 866,1455 907,1456 949,1457 990,1457 1031,1458 1072,1459 1113,1459 1155,1460 1196,1461 1237,1461 1278,1461 1319,1462 1361,1462"/>
                <TextEquiv>
                    <Unicode>des Dramatikers bezüglich der Ausübung seines</Unicode>
                </TextEquiv>
            </TextLine>
            <TextLine id="r1l19" custom="readingOrder {index:18;}">
                <Coords points="1406,1466 2247,1478 2247,1425 1407,1417"/>
                <Baseline points="1418,1453 1461,1454 1504,1455 1547,1456 1590,1457 1633,1458 1676,1459 1719,1459 1762,1460 1805,1461 1849,1461 1892,1462 1935,1462 1978,1462 2021,1463 2064,1463 2107,1463 2150,1463 2193,1463 2237,1464"/>
                <TextEquiv>
                    <Unicode>sie vorhanden gewesen, trann, fast glaube ich, daß</Unicode>
                </TextEquiv>
            </TextLine>
            <TextLine id="r1l20" custom="readingOrder {index:19;}">
                <Coords points="531,1503 1363,1518 1381,1473 532,1458"/>
                <Baseline points="543,1496 584,1496 625,1496 666,1496 708,1497 749,1497 790,1498 832,1499 873,1499 914,1500 956,1501 997,1502 1038,1503 1079,1503 1121,1504 1162,1505 1203,1505 1245,1505 1286,1506 1327,1506 1369,1506"/>
                <TextEquiv>
                    <Unicode>Berufes hat im Laufe von Jahrzehnten eine</Unicode>
                </TextEquiv>
            </TextLine>
            <TextLine id="r1l21" custom="readingOrder {index:20;}">
                <Coords points="1402,1505 2249,1523 2250,1476 2216,1471 1403,1465"/>
                <Baseline points="1414,1496 1455,1498 1496,1499 1537,1500 1578,1501 1620,1502 1661,1503 1702,1503 1743,1504 1784,1504 1826,1504 1867,1505 1908,1505 1949,1505 1990,1505 2032,1505 2073,1506 2114,1506 2155,1506 2196,1506 2238,1507"/>
                <TextEquiv>
                    <Unicode>auch ein Schiller, zin Grabbe oder ein</Unicode>
                </TextEquiv>
            </TextLine>
            <TextLine id="r1l22" custom="readingOrder {index:21;}">
                <Coords points="526,1552 693,1539 853,1565 928,1542 1298,1575 1375,1559 1376,1523 527,1502"/>
                <Baseline points="537,1540 578,1540 619,1540 661,1540 702,1541 743,1541 785,1542 826,1542 867,1543 909,1543 950,1544 991,1545 1033,1545 1074,1546 1115,1547 1157,1547 1198,1548 1239,1548 1281,1549 1322,1550 1364,1551"/>
                <TextEquiv>
                    <Unicode>der Zeit entsprechende wesentliche Umgestaltung</Unicode>
                </TextEquiv>
            </TextLine>
            <TextLine id="r1l23" custom="readingOrder {index:22;}">
                <Coords points="1400,1550 2247,1562 2247,1523 2181,1508 1401,1505"/>
                <Baseline points="1412,1539 1453,1541 1494,1542 1535,1543 1577,1544 1618,1544 1659,1545 1700,1546 1742,1546 1783,1547 1824,1547 1865,1548 1907,1548 1948,1548 1989,1548 2030,1549 2072,1549 2113,1549 2154,1550 2195,1550 2237,1550"/>
                <TextEquiv>
                    <Unicode>Kleist es nicht verschmäht hätten, ihren dich¬</Unicode>
                </TextEquiv>
            </TextLine>
            <TextLine id="r1l24" custom="readingOrder {index:23;}">
                <Coords points="536,1588 1288,1608 1289,1563 536,1548"/>
                <Baseline points="546,1583 582,1583 619,1584 655,1584 692,1585 729,1585 765,1586 802,1586 838,1587 875,1588 912,1588 948,1589 985,1589 1021,1590 1058,1590 1095,1591 1131,1591 1168,1592 1204,1592 1241,1592 1278,1593"/>
                <TextEquiv>
                    <Unicode>erfahren. Heute sieht der Dramatiker,</Unicode>
                </TextEquiv>
            </TextLine>
            <TextLine id="r1l25" custom="readingOrder {index:24;}">
                <Coords points="1397,1591 2251,1607 2251,1566 2052,1547 1795,1570 1398,1548"/>
                <Baseline points="1408,1583 1449,1584 1491,1585 1532,1586 1574,1588 1616,1588 1657,1589 1699,1590 1740,1590 1782,1591 1824,1591 1865,1592 1907,1592 1948,1592 1990,1593 2032,1593 2073,1593 2115,1593 2156,1593 2198,1593 2240,1593"/>
                <TextEquiv>
                    <Unicode>terischen Emanationen Mittelchen einfließen zu</Unicode>
                </TextEquiv>
            </TextLine>
            <TextLine id="r1l26" custom="readingOrder {index:25;}">
                <Coords points="1340,1611 1351,1610 1355,1605 1360,1609 1367,1599 1377,1598 1372,1557 1357,1559 1346,1554 1344,1557 1333,1558"/>
                <Baseline points="1349,1593 1366,1591"/>
                <TextEquiv>
                    <Unicode>ist</Unicode>
                </TextEquiv>
            </TextLine>
            <TextLine id="r1l27" custom="readingOrder {index:26;}">
                <Coords points="529,1634 1310,1651 1296,1596 530,1592"/>
                <Baseline points="540,1626 579,1626 619,1626 659,1626 699,1626 739,1627 779,1628 819,1629 859,1629 899,1630 939,1631 979,1632 1019,1632 1059,1633 1099,1634 1139,1635 1179,1635 1219,1636 1259,1636 1299,1636"/>
                <TextEquiv>
                    <Unicode>er nicht von Vaters Seite auf eigene Beine</Unicode>
                </TextEquiv>
            </TextLine>
            <TextLine id="r1l28" custom="readingOrder {index:27;}">
                <Coords points="1395,1635 1756,1655 1863,1633 2044,1667 2237,1646 2238,1606 1395,1593"/>
                <Baseline points="1405,1628 1446,1629 1487,1629 1528,1630 1569,1631 1610,1631 1651,1632 1692,1633 1733,1633 1774,1634 1816,1635 1857,1635 1898,1636 1939,1636 1980,1637 2021,1637 2062,1637 2103,1638 2144,1638 2185,1638 2227,1638"/>
                <TextEquiv>
                    <Unicode>lassen, die das Geheimnis einer gesteigerten Er¬</Unicode>
                </TextEquiv>
            </TextLine>
            <TextLine id="r1l29" custom="readingOrder {index:28;}">
                <Coords points="1308,1645 1320,1645 1331,1653 1334,1651 1338,1653 1348,1646 1359,1645 1369,1636 1378,1636 1376,1602 1366,1602 1360,1609 1349,1601 1340,1606 1338,1603 1321,1602 1317,1607 1306,1607"/>
                <Baseline points="1318,1639 1343,1639 1368,1637"/>
                <TextEquiv>
                    <Unicode>ge¬</Unicode>
                </TextEquiv>
            </TextLine>
            <TextLine id="r1l30" custom="readingOrder {index:29;}">
                <Coords points="528,1680 1382,1684 1382,1645 529,1633"/>
                <Baseline points="540,1671 581,1671 623,1671 664,1671 706,1671 747,1672 789,1672 830,1673 872,1674 913,1674 955,1675 996,1676 1038,1676 1079,1677 1121,1678 1162,1679 1204,1679 1245,1680 1287,1680 1328,1680 1370,1681"/>
                <TextEquiv>
                    <Unicode>stellt worden oder durch des Schwiegervaters</Unicode>
                </TextEquiv>
            </TextLine>
            <TextLine id="r1l31" custom="readingOrder {index:30;}">
                <Coords points="1402,1688 1935,1697 1973,1693 1974,1644 1403,1635"/>
                <Baseline points="1413,1672 1440,1673 1467,1673 1495,1674 1522,1674 1550,1675 1577,1675 1605,1676 1632,1676 1660,1677 1687,1677 1714,1677 1742,1678 1769,1678 1797,1679 1824,1679 1852,1679 1879,1680 1907,1680 1934,1681 1962,1681"/>
                <TextEquiv>
                    <Unicode>tragsfähigkeit in sich einschließen.</Unicode>
                </TextEquiv>
            </TextLine>
            <TextLine id="r1l32" custom="readingOrder {index:31;}">
                <Coords points="530,1721 885,1736 984,1714 1317,1742 1379,1734 1380,1694 531,1680"/>
                <Baseline points="540,1713 581,1713 622,1714 664,1715 705,1715 747,1716 788,1716 830,1717 871,1718 913,1718 954,1719 995,1720 1037,1720 1078,1721 1120,1721 1161,1722 1203,1722 1244,1723 1286,1723 1327,1723 1369,1724"/>
                <TextEquiv>
                    <Unicode>Säckel zu seiner Muse in ein Unabhängikeitsver¬</Unicode>
                </TextEquiv>
            </TextLine>
            <TextLine id="r1l33" custom="readingOrder {index:32;}">
                <Coords points="1466,1739 2249,1756 2249,1703 2188,1680 2160,1701 1988,1703 1467,1681"/>
                <Baseline points="1477,1727 1515,1728 1553,1729 1591,1730 1629,1731 1667,1731 1705,1732 1743,1732 1781,1733 1819,1733 1857,1734 1895,1734 1933,1734 1971,1735 2009,1735 2047,1736 2085,1736 2123,1737 2161,1738 2199,1739 2238,1740"/>
                <TextEquiv>
                    <Unicode>Doch zurück ad rem! Es ist wohl illnsorisch,</Unicode>
                </TextEquiv>
            </TextLine>
            <TextLine id="r1l34" custom="readingOrder {index:33;}">
                <Coords points="520,1766 1369,1786 1370,1726 521,1717"/>
                <Baseline points="532,1757 573,1757 614,1758 656,1758 697,1759 738,1759 780,1760 821,1760 862,1761 904,1761 945,1762 986,1763 1028,1763 1069,1764 1110,1765 1152,1765 1193,1766 1234,1767 1276,1768 1317,1769 1359,1770"/>
                <TextEquiv>
                    <Unicode>hältnis getreten, die Ausübung seiner Kunst als</Unicode>
                </TextEquiv>
            </TextLine>
            <TextLine id="r1l35" custom="readingOrder {index:34;}">
                <Coords points="1402,1778 2154,1800 2242,1786 2243,1752 1402,1737"/>
                <Baseline points="1413,1770 1453,1771 1494,1771 1535,1772 1576,1773 1617,1774 1658,1774 1699,1775 1740,1776 1781,1777 1822,1777 1862,1778 1903,1778 1944,1779 1985,1780 2026,1780 2067,1781 2108,1781 2149,1781 2190,1782 2231,1782"/>
                <TextEquiv>
                    <Unicode>auzunehmen, daß sich heute irgend ein zünftiger</Unicode>
                </TextEquiv>
            </TextLine>
            <TextLine id="r1l36" custom="readingOrder {index:35;}">
                <Coords points="530,1807 1338,1829 1374,1819 1375,1785 530,1766"/>
                <Baseline points="540,1800 581,1801 622,1802 663,1802 704,1803 746,1804 787,1804 828,1805 869,1806 910,1806 952,1807 993,1808 1034,1808 1075,1809 1116,1809 1158,1810 1199,1810 1240,1811 1281,1811 1322,1812 1364,1812"/>
                <TextEquiv>
                    <Unicode>Broterwerb an, er wird, will er die Chancen</Unicode>
                </TextEquiv>
            </TextLine>
            <TextLine id="r1l37" custom="readingOrder {index:36;}">
                <Coords points="1405,1820 1751,1833 1805,1812 1901,1841 1967,1814 2157,1842 2247,1837 2248,1796 1707,1779 1615,1801 1405,1777"/>
                <Baseline points="1415,1813 1456,1814 1497,1815 1538,1816 1579,1817 1620,1818 1661,1819 1702,1820 1743,1820 1784,1821 1826,1822 1867,1822 1908,1823 1949,1823 1990,1823 2031,1824 2072,1824 2113,1824 2154,1824 2195,1823 2237,1823"/>
                <TextEquiv>
                    <Unicode>oder nicht zünftiger Literat mit der Ab¬</Unicode>
                </TextEquiv>
            </TextLine>
            <TextLine id="r1l38" custom="readingOrder {index:37;}">
                <Coords points="524,1852 1367,1868 1367,1826 1316,1816 525,1805"/>
                <Baseline points="535,1844 576,1845 617,1846 658,1846 699,1847 740,1847 781,1848 822,1848 863,1849 904,1850 945,1850 986,1851 1027,1851 1068,1852 1109,1853 1150,1853 1191,1854 1232,1855 1273,1855 1314,1856 1356,1857"/>
                <TextEquiv>
                    <Unicode>der Nutznießung aus seinen Werken erhöhen,</Unicode>
                </TextEquiv>
            </TextLine>
            <TextLine id="r1l39" custom="readingOrder {index:38;}">
                <Coords points="1409,1863 2241,1880 2241,1837 2214,1833 1410,1816"/>
                <Baseline points="1420,1857 1460,1858 1501,1859 1541,1859 1582,1860 1622,1861 1663,1861 1703,1862 1744,1863 1784,1863 1825,1864 1866,1865 1906,1865 1947,1866 1987,1867 2028,1867 2068,1868 2109,1868 2149,1868 2190,1869 2231,1869"/>
                <TextEquiv>
                    <Unicode>icht an den Schreibtisch setzt, ein Buchdrama zu</Unicode>
                </TextEquiv>
            </TextLine>
            <TextLine id="r1l40" custom="readingOrder {index:39;}">
                <Coords points="531,1905 1363,1912 1377,1870 532,1849"/>
                <Baseline points="542,1889 583,1889 624,1889 665,1890 706,1890 748,1891 789,1891 830,1892 871,1893 912,1893 954,1894 995,1894 1036,1895 1077,1896 1118,1896 1160,1897 1201,1898 1242,1898 1283,1899 1324,1899 1366,1899"/>
                <TextEquiv>
                    <Unicode>Konzessionen an den Geschmack des Publikums</Unicode>
                </TextEquiv>
            </TextLine>
            <TextLine id="r1l41" custom="readingOrder {index:40;}">
                <Coords points="1398,1912 2239,1929 2239,1882 2194,1872 1399,1865"/>
                <Baseline points="1410,1901 1453,1902 1496,1903 1539,1904 1582,1904 1625,1905 1668,1906 1711,1907 1754,1908 1797,1908 1841,1909 1884,1910 1927,1910 1970,1911 2013,1911 2056,1912 2099,1912 2142,1912 2185,1913 2229,1913"/>
                <TextEquiv>
                    <Unicode>schreiben. Ausgeschlossen! Jeder und wir dürfen</Unicode>
                </TextEquiv>
            </TextLine>
            <TextLine id="r1l42" custom="readingOrder {index:41;}">
                <Coords points="531,1939 1374,1956 1360,1907 532,1903"/>
                <Baseline points="542,1932 583,1932 624,1933 665,1934 706,1934 747,1935 788,1936 829,1936 870,1937 911,1937 952,1938 993,1939 1034,1939 1075,1940 1116,1940 1157,1941 1198,1941 1239,1942 1280,1943 1321,1944 1363,1944"/>
                <TextEquiv>
                    <Unicode>machen, vor allem aber damit rechnen, daß die</Unicode>
                </TextEquiv>
            </TextLine>
            <TextLine id="r1l43" custom="readingOrder {index:42;}">
                <Coords points="1399,1960 2242,1959 2242,1922 2129,1914 1400,1911"/>
                <Baseline points="1410,1946 1451,1947 1492,1947 1533,1948 1574,1949 1615,1949 1656,1950 1697,1950 1738,1951 1779,1952 1820,1952 1861,1953 1902,1953 1943,1954 1984,1954 2025,1955 2066,1955 2107,1956 2148,1956 2189,1956 2231,1956"/>
                <TextEquiv>
                    <Unicode>getrost einen Teil unserer anerkannten Literatur¬</Unicode>
                </TextEquiv>
            </TextLine>
            <TextLine id="r1l44" custom="readingOrder {index:43;}">
                <Coords points="522,1986 1365,1993 1365,1957 1323,1948 523,1939"/>
                <Baseline points="532,1978 573,1977 614,1977 655,1977 696,1977 737,1978 778,1978 820,1979 861,1979 902,1980 943,1981 984,1981 1025,1982 1066,1983 1108,1984 1149,1984 1190,1985 1231,1986 1272,1986 1313,1986 1355,1987"/>
                <TextEquiv>
                    <Unicode>seinem Stücke innewohnende Technik den An¬</Unicode>
                </TextEquiv>
            </TextLine>
            <TextLine id="r1l45" custom="readingOrder {index:44;}">
                <Coords points="1396,2003 2172,2016 2238,2008 2239,1961 1396,1956"/>
                <Baseline points="1406,1990 1447,1991 1488,1991 1529,1992 1570,1992 1611,1993 1652,1994 1693,1994 1734,1995 1775,1996 1817,1996 1858,1997 1899,1998 1940,1998 1981,1999 2022,1999 2063,1999 2104,2000 2145,2000 2186,2000 2228,1999"/>
                <TextEquiv>
                    <Unicode>größen mitnennen, trägt sich schon von vornherein</Unicode>
                </TextEquiv>
            </TextLine>
            <TextLine id="r1l46" custom="readingOrder {index:45;}">
                <Coords points="521,2034 1162,2048 1282,2026 1351,2046 1373,1993 522,1984"/>
                <Baseline points="532,2020 573,2021 615,2021 656,2021 698,2021 739,2022 781,2022 822,2023 864,2023 905,2024 947,2025 988,2026 1030,2026 1071,2027 1113,2028 1154,2028 1196,2029 1237,2030 1279,2031 1320,2032 1362,2032"/>
                <TextEquiv>
                    <Unicode>forderungen der modernen Bühne entspricht. Daß</Unicode>
                </TextEquiv>
            </TextLine>
            <TextLine id="r1l47" custom="readingOrder {index:46;}">
                <Coords points="1396,2045 2231,2055 2221,2005 1397,2000"/>
                <Baseline points="1408,2033 1448,2033 1489,2034 1529,2035 1570,2035 1611,2036 1651,2037 1692,2037 1733,2038 1773,2039 1814,2040 1855,2041 1895,2041 1936,2042 1977,2043 2017,2043 2058,2044 2099,2044 2139,2045 2180,2045 2221,2046"/>
                <TextEquiv>
                    <Unicode>mit dem Gedanken, ein Werk zu schaffen, das sich</Unicode>
                </TextEquiv>
            </TextLine>
            <TextLine id="r1l48" custom="readingOrder {index:47;}">
                <Coords points="523,2071 1379,2094 1380,2040 1282,2024 1153,2051 524,2032"/>
                <Baseline points="534,2063 575,2063 617,2064 659,2064 700,2064 742,2065 784,2066 825,2066 867,2067 909,2068 951,2069 992,2070 1034,2071 1076,2071 1117,2072 1159,2073 1201,2073 1242,2074 1284,2075 1326,2075 1368,2075"/>
                <TextEquiv>
                    <Unicode>bei solchen Rücksichtnahmen, bei all den hundert</Unicode>
                </TextEquiv>
            </TextLine>
            <TextLine id="r1l49" custom="readingOrder {index:48;}">
                <Coords points="1398,2082 2245,2092 2245,2053 1398,2046"/>
                <Baseline points="1409,2076 1450,2077 1491,2078 1532,2079 1573,2080 1615,2080 1656,2081 1697,2082 1738,2082 1779,2083 1821,2084 1862,2084 1903,2085 1944,2085 1985,2086 2027,2087 2068,2087 2109,2088 2150,2089 2191,2089 2233,2090"/>
                <TextEquiv>
                    <Unicode>möglichst viele Bühnen erobern soll und das</Unicode>
                </TextEquiv>
            </TextLine>
            <TextLine id="r1l50" custom="readingOrder {index:49;}">
                <Coords points="531,2122 747,2109 1029,2137 1217,2117 1268,2146 1303,2119 1367,2128 1368,2085 532,2071"/>
                <Baseline points="542,2107 582,2108 623,2108 664,2108 705,2109 745,2109 786,2110 827,2110 868,2111 908,2112 949,2112 990,2113 1031,2114 1071,2115 1112,2116 1153,2117 1194,2117 1234,2118 1275,2119 1316,2120 1357,2120"/>
                <TextEquiv>
                    <Unicode>Fragen, die weniger an das Gewissen, denn an</Unicode>
                </TextEquiv>
            </TextLine>
            <TextLine id="r1l51" custom="readingOrder {index:50;}">
                <Coords points="1399,2128 1818,2130 1882,2152 1923,2131 2242,2134 2242,2095 1400,2090"/>
                <Baseline points="1410,2121 1451,2122 1492,2122 1533,2123 1574,2124 1615,2124 1656,2125 1697,2126 1738,2126 1779,2127 1820,2128 1861,2128 1902,2129 1943,2129 1984,2130 2025,2130 2066,2131 2107,2131 2148,2131 2189,2132 2231,2132"/>
                <TextEquiv>
                    <Unicode>demzufolge den Keim zu einem ansehnlichen Tan¬</Unicode>
                </TextEquiv>
            </TextLine>
            <TextLine id="r1l52" custom="readingOrder {index:51;}">
                <Coords points="524,2159 1226,2184 1373,2176 1374,2131 525,2114"/>
                <Baseline points="536,2151 577,2151 618,2151 660,2152 701,2152 742,2153 784,2153 825,2154 866,2155 908,2156 949,2157 990,2157 1032,2158 1073,2159 1114,2160 1156,2161 1197,2162 1238,2162 1280,2163 1321,2163 1363,2164"/>
                <TextEquiv>
                    <Unicode>die praktischen Erfahrungen gerichtet sind, das</Unicode>
                </TextEquiv>
            </TextLine>
            <TextLine id="r1l53" custom="readingOrder {index:52;}">
                <Coords points="1399,2171 2177,2193 2239,2189 2240,2136 1884,2152 1399,2129"/>
                <Baseline points="1410,2163 1453,2165 1496,2166 1539,2167 1582,2168 1625,2169 1668,2169 1711,2170 1754,2171 1797,2172 1841,2172 1884,2173 1927,2173 1970,2174 2013,2174 2056,2174 2099,2175 2142,2175 2185,2175 2229,2175"/>
                <TextEquiv>
                    <Unicode>tiémenertrag in sich birgt. Unter solchen Um¬</Unicode>
                </TextEquiv>
            </TextLine>
            <TextLine id="r1l54" custom="readingOrder {index:53;}">
                <Coords points="520,2200 1234,2224 1373,2216 1374,2175 521,2159"/>
                <Baseline points="530,2193 571,2194 613,2194 654,2195 696,2196 738,2197 779,2197 821,2198 863,2199 904,2200 946,2201 988,2201 1029,2202 1071,2203 1113,2204 1154,2204 1196,2205 1238,2206 1279,2207 1321,2207 1363,2208"/>
                <TextEquiv>
                    <Unicode>künstlerische Moment Schaden erleidet, ist un¬</Unicode>
                </TextEquiv>
            </TextLine>
            <TextLine id="r1l55" custom="readingOrder {index:54;}">
                <Coords points="1402,2217 2243,2226 2220,2183 1403,2174"/>
                <Baseline points="1413,2209 1453,2209 1494,2209 1535,2210 1576,2211 1617,2211 1658,2212 1699,2213 1740,2214 1781,2214 1822,2215 1862,2216 1903,2217 1944,2217 1985,2218 2026,2219 2067,2219 2108,2219 2149,2220 2190,2220 2231,2220"/>
                <TextEquiv>
                    <Unicode>tänden haben zweifelsohne auch jene gehandelt, die</Unicode>
                </TextEquiv>
            </TextLine>
            <TextLine id="r1l56" custom="readingOrder {index:55;}">
                <Coords points="526,2245 1277,2267 1373,2258 1374,2215 1053,2225 895,2198 715,2223 527,2200"/>
                <Baseline points="536,2237 577,2238 618,2238 659,2239 701,2239 742,2240 783,2241 825,2242 866,2243 907,2244 949,2245 990,2245 1031,2246 1072,2247 1114,2248 1155,2248 1196,2249 1238,2250 1279,2250 1320,2250 1362,2251"/>
                <TextEquiv>
                    <Unicode>bestreitbar. Aber darf man all diesen um ihre</Unicode>
                </TextEquiv>
            </TextLine>
            <TextLine id="r1l57" custom="readingOrder {index:56;}">
                <Coords points="1396,2264 2238,2279 2239,2227 1396,2215"/>
                <Baseline points="1407,2252 1448,2253 1489,2253 1530,2254 1571,2254 1612,2255 1653,2256 1694,2256 1735,2257 1776,2258 1817,2258 1858,2259 1899,2260 1940,2260 1981,2261 2022,2261 2063,2262 2104,2262 2145,2263 2186,2263 2227,2264"/>
                <TextEquiv>
                    <Unicode>bereits auf anderen künstlerischen Gebieten akkre¬</Unicode>
                </TextEquiv>
            </TextLine>
            <TextLine id="r1l58" custom="readingOrder {index:57;}">
                <Coords points="525,2289 1331,2308 1369,2300 1370,2261 525,2245"/>
                <Baseline points="535,2282 576,2282 617,2283 658,2283 699,2284 741,2285 782,2285 823,2286 864,2287 905,2288 947,2288 988,2289 1029,2290 1070,2291 1111,2291 1153,2292 1194,2293 1235,2294 1276,2294 1317,2295 1359,2295"/>
                <TextEquiv>
                    <Unicode>Existenz ringenden Menschen aus ihren Be¬</Unicode>
                </TextEquiv>
            </TextLine>
            <TextLine id="r1l59" custom="readingOrder {index:58;}">
                <Coords points="1396,2310 2235,2320 2235,2277 2139,2267 1397,2263"/>
                <Baseline points="1408,2295 1448,2296 1489,2297 1530,2298 1571,2299 1612,2300 1652,2301 1693,2301 1734,2302 1775,2302 1816,2303 1856,2303 1897,2303 1938,2304 1979,2304 2020,2305 2060,2305 2101,2306 2142,2307 2183,2307 2224,2308"/>
                <TextEquiv>
                    <Unicode>ditiert, ihre Zuflucht zum Drama genommen haben,</Unicode>
                </TextEquiv>
            </TextLine>
            <TextLine id="r1l60" custom="readingOrder {index:59;}">
                <Coords points="521,2339 1097,2352 1195,2330 1302,2360 1364,2348 1365,2306 522,2290"/>
                <Baseline points="532,2327 573,2327 614,2327 655,2327 696,2327 737,2328 778,2328 819,2329 860,2330 901,2331 942,2331 983,2333 1024,2334 1065,2334 1106,2335 1147,2336 1188,2337 1229,2338 1270,2339 1311,2340 1353,2340"/>
                <TextEquiv>
                    <Unicode>strebungen einen Vorwurf machen? Die gute</Unicode>
                </TextEquiv>
            </TextLine>
            <TextLine id="r1l61" custom="readingOrder {index:60;}">
                <Coords points="1392,2345 2187,2364 2234,2359 2235,2320 1392,2311"/>
                <Baseline points="1402,2339 1443,2340 1484,2341 1525,2341 1566,2342 1607,2343 1648,2343 1689,2344 1730,2345 1771,2345 1812,2346 1853,2346 1894,2347 1935,2347 1976,2348 2017,2348 2058,2348 2099,2349 2140,2349 2181,2350 2223,2350"/>
                <TextEquiv>
                    <Unicode>und trotz dem unangenehmen Resultat einer Selbst¬</Unicode>
                </TextEquiv>
            </TextLine>
            <TextLine id="r1l62" custom="readingOrder {index:61;}">
                <Coords points="519,2376 1342,2400 1371,2354 520,2340"/>
                <Baseline points="530,2370 571,2370 612,2370 654,2371 695,2371 737,2372 778,2372 820,2373 861,2373 903,2374 944,2375 985,2376 1027,2377 1068,2378 1110,2379 1151,2380 1193,2381 1234,2382 1276,2383 1317,2384 1359,2385"/>
                <TextEquiv>
                    <Unicode>alte Zeit! Das ist eine stehende Phrase ge¬</Unicode>
                </TextEquiv>
            </TextLine>
            <TextLine id="r1l63" custom="readingOrder {index:62;}">
                <Coords points="1392,2391 2237,2396 2237,2358 1393,2346"/>
                <Baseline points="1402,2382 1443,2383 1484,2385 1525,2386 1566,2386 1607,2387 1648,2388 1690,2388 1731,2389 1772,2390 1813,2390 1854,2390 1895,2391 1936,2391 1978,2392 2019,2392 2060,2393 2101,2393 2142,2394 2183,2394 2225,2394"/>
                <TextEquiv>
                    <Unicode>kritik in Bezug auf die Kraft und Entfaltungs¬</Unicode>
                </TextEquiv>
            </TextLine>
            <TextLine id="r1l64" custom="readingOrder {index:63;}">
                <Coords points="512,2429 1368,2435 1356,2385 513,2374"/>
                <Baseline points="524,2414 565,2414 607,2414 648,2414 690,2415 732,2415 773,2416 815,2416 857,2417 898,2418 940,2419 982,2420 1023,2421 1065,2422 1107,2423 1148,2423 1190,2425 1232,2426 1273,2427 1315,2427 1357,2428"/>
                <TextEquiv>
                    <Unicode>worden. Man denkt dabei an Schäferspiele, an</Unicode>
                </TextEquiv>
            </TextLine>
            <TextLine id="r1l65" custom="readingOrder {index:64;}">
                <Coords points="1397,2436 2242,2456 2224,2398 1838,2419 1813,2397 1398,2391"/>
                <Baseline points="1408,2427 1449,2428 1490,2428 1531,2429 1572,2429 1613,2430 1654,2431 1696,2431 1737,2432 1778,2432 1819,2433 1860,2434 1901,2434 1942,2435 1984,2435 2025,2436 2066,2436 2107,2437 2148,2437 2189,2438 2231,2438"/>
                <TextEquiv>
                    <Unicode>fähigkeit ihres Talentes, eine stattliche Anzahl</Unicode>
                </TextEquiv>
            </TextLine>
            <TextLine id="r1l66" custom="readingOrder {index:65;}">
                <Coords points="512,2479 1376,2486 1377,2435 513,2430"/>
                <Baseline points="524,2458 566,2458 608,2459 650,2459 692,2460 734,2460 776,2461 818,2461 860,2462 902,2463 945,2463 987,2464 1029,2465 1071,2466 1113,2466 1155,2467 1197,2468 1239,2469 1281,2469 1323,2470 1366,2471"/>
                <TextEquiv>
                    <Unicode>zierliche, weißgepuderte Rococodämchen, die nichts</Unicode>
                </TextEquiv>
            </TextLine>
            <TextLine id="r1l67" custom="readingOrder {index:66;}">
                <Coords points="1398,2477 2239,2491 2239,2455 2117,2440 1985,2441 1959,2464 1867,2437 1399,2443"/>
                <Baseline points="1409,2472 1449,2472 1490,2472 1531,2473 1572,2473 1613,2474 1654,2474 1695,2475 1736,2475 1777,2476 1818,2477 1858,2478 1899,2478 1940,2479 1981,2479 2022,2480 2063,2481 2104,2481 2145,2481 2186,2482 2227,2482"/>
                <TextEquiv>
                    <Unicode>von Dramen geschrieben haben. So Lilien¬</Unicode>
                </TextEquiv>
            </TextLine>
            <TextLine id="r1l68" custom="readingOrder {index:67;}">
                <Coords points="526,2509 536,2509 549,2518 577,2518 607,2507 624,2516 639,2512 658,2525 667,2525 667,2480 654,2480 639,2467 616,2469 597,2462 590,2469 558,2466 552,2473 526,2473"/>
                <Baseline points="536,2501 566,2502 596,2501 626,2501 656,2503"/>
                <TextEquiv>
                    <Unicode>anderes</Unicode>
                </TextEquiv>
            </TextLine>
            <TextLine id="r1l69" custom="readingOrder {index:68;}">
                <Coords points="658,2529 669,2529 677,2520 697,2524 714,2517 750,2515 756,2510 797,2512 796,2473 781,2476 777,2471 764,2474 749,2470 738,2476 723,2472 707,2486 657,2484"/>
                <Baseline points="669,2506 698,2505 727,2504 756,2503 786,2505"/>
                <TextEquiv>
                    <Unicode>als</Unicode>
                </TextEquiv>
            </TextLine>
            <TextLine id="r1l70" custom="readingOrder {index:69;}">
                <Coords points="822,2518 884,2527 904,2512 966,2508 1233,2528 1256,2522 1257,2482 1169,2472 1105,2489 1075,2473 992,2470 921,2493 876,2469 823,2483"/>
                <Baseline points="834,2507 859,2507 885,2507 911,2508 937,2508 962,2508 988,2508 1014,2509 1040,2509 1065,2509 1091,2509 1117,2510 1143,2510 1168,2510 1194,2511 1220,2511 1246,2511"/>
                <TextEquiv>
                    <Unicode>ein bischen Liebe</Unicode>
                </TextEquiv>
            </TextLine>
            <TextLine id="r1l71" custom="readingOrder {index:70;}">
                <Coords points="1254,2517 1265,2519 1276,2518 1279,2521 1284,2521 1286,2519 1299,2521 1303,2489 1292,2488 1288,2485 1284,2487 1278,2479 1276,2481 1270,2476 1260,2475"/>
                <Baseline points="1266,2509 1290,2512"/>
                <TextEquiv>
                    <Unicode>2000</Unicode>
                </TextEquiv>
            </TextLine>
            <TextLine id="r1l72" custom="readingOrder {index:71;}">
                <Coords points="1396,2522 2202,2541 2242,2528 2243,2486 1396,2487"/>
                <Baseline points="1407,2516 1448,2517 1489,2517 1530,2518 1571,2518 1613,2519 1654,2519 1695,2520 1736,2520 1777,2520 1819,2521 1860,2521 1901,2522 1942,2522 1983,2522 2025,2523 2066,2523 2107,2524 2148,2524 2189,2525 2231,2526"/>
                <TextEquiv>
                    <Unicode>cron, der doch sicherlich nicht zu den Ver¬</Unicode>
                </TextEquiv>
            </TextLine>
            <TextLine id="r1l73" custom="readingOrder {index:72;}">
                <Coords points="518,2552 1371,2566 1371,2521 1303,2514 1121,2533 704,2508 668,2531 518,2510"/>
                <Baseline points="529,2546 570,2546 612,2546 653,2547 695,2548 736,2548 778,2549 819,2549 861,2550 902,2551 944,2552 986,2552 1027,2553 1069,2554 1110,2554 1152,2555 1193,2555 1235,2555 1276,2555 1318,2555 1360,2555"/>
                <TextEquiv>
                    <Unicode>langten, und an die Dichter und Minne¬</Unicode>
                </TextEquiv>
            </TextLine>
            <TextLine id="r1l74" custom="readingOrder {index:73;}">
                <Coords points="1395,2575 1812,2579 1855,2554 1906,2586 2236,2579 2236,2529 1396,2521"/>
                <Baseline points="1406,2559 1449,2559 1492,2559 1535,2560 1578,2560 1621,2561 1664,2562 1707,2562 1750,2563 1793,2563 1837,2564 1880,2565 1923,2566 1966,2567 2009,2567 2052,2568 2095,2568 2138,2569 2181,2569 2225,2570"/>
                <TextEquiv>
                    <Unicode>schmähern des Mammons gehört, so Salus</Unicode>
                </TextEquiv>
            </TextLine>
            <TextLine id="r1l75" custom="readingOrder {index:74;}">
                <Coords points="516,2599 1370,2613 1370,2562 1133,2554 1043,2579 793,2546 517,2550"/>
                <Baseline points="528,2589 569,2590 611,2591 652,2591 694,2592 735,2593 777,2593 818,2594 860,2594 901,2594 943,2595 984,2595 1026,2596 1067,2596 1109,2597 1150,2598 1192,2598 1233,2599 1275,2600 1316,2601 1358,2602"/>
                <TextEquiv>
                    <Unicode>sänger damaliger Zeit, die keine Bankkontis,</Unicode>
                </TextEquiv>
            </TextLine>
            <TextLine id="r1l76" custom="readingOrder {index:75;}">
                <Coords points="1398,2607 2243,2618 2243,2578 2207,2573 1399,2564"/>
                <Baseline points="1408,2602 1449,2603 1490,2603 1531,2604 1572,2604 1614,2605 1655,2605 1696,2606 1737,2606 1778,2607 1820,2608 1861,2608 1902,2609 1943,2609 1984,2610 2026,2610 2067,2611 2108,2611 2149,2612 2190,2613 2232,2613"/>
                <TextEquiv>
                    <Unicode>und Falke. Sie und viele andere mehr haben</Unicode>
                </TextEquiv>
            </TextLine>
            <TextLine id="r1l77" custom="readingOrder {index:76;}">
                <Coords points="522,2642 1057,2641 1110,2672 1207,2643 1365,2650 1365,2617 1312,2604 523,2597"/>
                <Baseline points="534,2632 575,2633 616,2634 657,2635 698,2636 739,2636 780,2637 821,2638 862,2638 903,2639 944,2639 985,2640 1026,2640 1067,2641 1108,2641 1149,2642 1190,2642 1231,2643 1272,2643 1313,2643 1354,2644"/>
                <TextEquiv>
                    <Unicode>keine Villen, geschweige denn Schlösser besaßen.</Unicode>
                </TextEquiv>
            </TextLine>
            <TextLine id="r1l78" custom="readingOrder {index:77;}">
                <Coords points="1394,2652 2238,2669 2239,2622 1394,2607"/>
                <Baseline points="1404,2644 1445,2645 1486,2646 1527,2648 1568,2648 1609,2649 1650,2650 1692,2650 1733,2651 1774,2651 1815,2652 1856,2652 1897,2653 1938,2653 1980,2654 2021,2654 2062,2655 2103,2656 2144,2656 2185,2657 2227,2658"/>
                <TextEquiv>
                    <Unicode>oftmals Versuche gewagt, ihre Gedanken und</Unicode>
                </TextEquiv>
            </TextLine>
            <TextLine id="r1l79" custom="readingOrder {index:78;}">
                <Coords points="519,2688 740,2666 793,2692 1272,2680 1330,2703 1366,2699 1367,2652 1207,2643 1131,2674 1057,2641 520,2645"/>
                <Baseline points="530,2680 571,2679 612,2678 653,2678 695,2678 736,2679 777,2679 819,2680 860,2681 901,2681 943,2682 984,2683 1025,2684 1066,2685 1108,2686 1149,2687 1190,2688 1232,2688 1273,2688 1314,2688 1356,2688"/>
                <TextEquiv>
                    <Unicode>„Während ein Schiller", pflegt man</Unicode>
                </TextEquiv>
            </TextLine>
            <TextLine id="r1l80" custom="readingOrder {index:79;}">
                <Coords points="1397,2697 2216,2717 2232,2668 1398,2650"/>
                <Baseline points="1408,2687 1448,2688 1489,2689 1529,2690 1570,2692 1611,2692 1651,2693 1692,2694 1732,2694 1773,2695 1814,2696 1854,2696 1895,2697 1935,2697 1976,2698 2017,2698 2057,2699 2098,2699 2138,2700 2179,2701 2220,2702"/>
                <TextEquiv>
                    <Unicode>Empfindungen in dramalische Formen zu pressen,</Unicode>
                </TextEquiv>
            </TextLine>
            <TextLine id="r1l81" custom="readingOrder {index:80;}">
                <Coords points="525,2735 913,2724 1349,2752 1371,2701 526,2688"/>
                <Baseline points="536,2721 577,2721 618,2722 659,2722 700,2723 742,2723 783,2724 824,2724 865,2725 906,2726 948,2726 989,2727 1030,2728 1071,2728 1112,2729 1154,2730 1195,2730 1236,2731 1277,2732 1318,2732 1360,2733"/>
                <TextEquiv>
                    <Unicode>bei besonders heftigen Erörterungen dieser Frage</Unicode>
                </TextEquiv>
            </TextLine>
            <TextLine id="r1l82" custom="readingOrder {index:81;}">
                <Coords points="1389,2741 1679,2758 1774,2729 2214,2758 2236,2718 1389,2694"/>
                <Baseline points="1400,2731 1441,2733 1482,2734 1523,2735 1564,2736 1606,2737 1647,2737 1688,2738 1729,2738 1770,2738 1812,2739 1853,2739 1894,2739 1935,2740 1976,2740 2018,2740 2059,2741 2100,2742 2141,2743 2182,2744 2224,2746"/>
                <TextEquiv>
                    <Unicode>sie brachten es aber mit Ausnahme Salus,</Unicode>
                </TextEquiv>
            </TextLine>
            <TextLine id="r1l83" custom="readingOrder {index:82;}">
                <Coords points="522,2780 890,2769 1301,2797 1373,2791 1374,2746 523,2733"/>
                <Baseline points="532,2769 573,2769 615,2768 656,2768 698,2768 739,2768 781,2768 822,2769 864,2769 905,2770 947,2770 988,2771 1030,2772 1071,2772 1113,2773 1154,2774 1196,2774 1237,2775 1279,2775 1320,2775 1362,2776"/>
                <TextEquiv>
                    <Unicode>zu sagen, „für eines seiner Stücke ein Lumpen¬</Unicode>
                </TextEquiv>
            </TextLine>
            <TextLine id="r1l84" custom="readingOrder {index:83;}">
                <Coords points="1391,2783 2233,2806 2234,2754 1391,2740"/>
                <Baseline points="1401,2777 1442,2777 1483,2778 1524,2779 1565,2780 1606,2780 1647,2781 1688,2782 1729,2782 1770,2783 1812,2784 1853,2784 1894,2784 1935,2785 1976,2785 2017,2786 2058,2786 2099,2786 2140,2786 2181,2786 2223,2786"/>
                <TextEquiv>
                    <Unicode>dessen „Susanna im Bade“ seinerzeit das Ueber¬</Unicode>
                </TextEquiv>
            </TextLine>
            <TextLine id="r1l85" custom="readingOrder {index:84;}">
                <Coords points="519,2822 1368,2829 1368,2788 1328,2781 1304,2800 1214,2777 519,2781"/>
                <Baseline points="530,2812 571,2811 612,2811 654,2811 695,2810 736,2811 778,2811 819,2812 860,2812 902,2813 943,2813 984,2814 1026,2815 1067,2816 1108,2817 1150,2818 1191,2818 1232,2819 1274,2819 1315,2820 1357,2820"/>
                <TextEquiv>
                    <Unicode>geld von so und so vielen Talern erhielt, be¬</Unicode>
                </TextEquiv>
            </TextLine>
            <TextLine id="r1l86" custom="readingOrder {index:85;}">
                <Coords points="1389,2829 2229,2841 2230,2800 1389,2784"/>
                <Baseline points="1400,2819 1443,2820 1486,2822 1529,2823 1572,2824 1615,2825 1658,2825 1701,2826 1744,2827 1787,2827 1831,2828 1874,2828 1917,2828 1960,2829 2003,2829 2046,2830 2089,2830 2132,2830 2175,2831 2219,2832"/>
                <TextEquiv>
                    <Unicode>brettl zu Hilfe kam, nur zu Buchdramen.</Unicode>
                </TextEquiv>
            </TextLine>
            <TextLine id="r1l87" custom="readingOrder {index:86;}">
                <Coords points="525,2861 1361,2877 1357,2827 525,2820"/>
                <Baseline points="536,2853 576,2853 617,2853 658,2854 699,2854 739,2855 780,2855 821,2856 862,2857 902,2857 943,2858 984,2858 1025,2859 1065,2860 1106,2860 1147,2861 1188,2861 1228,2862 1269,2862 1310,2863 1351,2864"/>
                <TextEquiv>
                    <Unicode>kommt heute Herr X. oder Y. für seinen Schwanl</Unicode>
                </TextEquiv>
            </TextLine>
            <TextLine id="r1l88" custom="readingOrder {index:87;}">
                <Coords points="1397,2871 1711,2875 1737,2899 1778,2876 2231,2889 2232,2840 2172,2835 1398,2828"/>
                <Baseline points="1408,2861 1448,2863 1489,2864 1529,2865 1570,2866 1611,2867 1651,2868 1692,2868 1732,2869 1773,2870 1814,2870 1854,2870 1895,2871 1935,2871 1976,2871 2017,2872 2057,2872 2098,2873 2138,2873 2179,2874 2220,2875"/>
                <TextEquiv>
                    <Unicode>Und Buchdramen geht es ähnlich wie den unglück¬</Unicode>
                </TextEquiv>
            </TextLine>
            <TextLine id="r1l89" custom="readingOrder {index:88;}">
                <Coords points="524,2907 1005,2901 1274,2927 1370,2924 1371,2886 524,2862"/>
                <Baseline points="534,2898 575,2898 616,2898 657,2897 699,2898 740,2898 781,2898 823,2899 864,2899 905,2900 947,2901 988,2902 1029,2903 1070,2904 1112,2905 1153,2905 1194,2906 1236,2907 1277,2908 1318,2908 1360,2909"/>
                <TextEquiv>
                    <Unicode>Hunderttausende von Mark!“ Bravo, Ihr Lieben,</Unicode>
                </TextEquiv>
            </TextLine>
            <TextLine id="r1l90" custom="readingOrder {index:89;}">
                <Coords points="1392,2917 2228,2924 2211,2881 1734,2896 1679,2872 1392,2870"/>
                <Baseline points="1402,2906 1442,2908 1483,2909 1524,2910 1565,2911 1605,2912 1646,2912 1687,2913 1728,2913 1768,2914 1809,2914 1850,2914 1891,2915 1931,2915 1972,2915 2013,2916 2054,2917 2094,2917 2135,2918 2176,2919 2217,2920"/>
                <TextEquiv>
                    <Unicode>seligen Versbüchern, nur daß ihre Vorgeschichte</Unicode>
                </TextEquiv>
            </TextLine>
            <TextLine id="r1l91" custom="readingOrder {index:90;}">
                <Coords points="521,2952 1370,2962 1370,2921 1323,2912 521,2905"/>
                <Baseline points="532,2941 573,2941 614,2941 656,2942 697,2942 739,2943 780,2943 821,2943 863,2944 904,2944 946,2945 987,2945 1028,2946 1070,2947 1111,2947 1153,2948 1194,2949 1235,2950 1277,2950 1318,2951 1360,2952"/>
                <TextEquiv>
                    <Unicode>Euere tiefempfundene Entrüstung ehrt Euch, aber</Unicode>
                </TextEquiv>
            </TextLine>
            <TextLine id="r1l92" custom="readingOrder {index:91;}">
                <Coords points="1395,2958 2165,2978 2233,2971 2234,2932 1395,2915"/>
                <Baseline points="1406,2950 1446,2951 1487,2952 1528,2953 1569,2954 1610,2954 1651,2955 1691,2956 1732,2956 1773,2957 1814,2957 1855,2958 1896,2958 1937,2959 1977,2960 2018,2960 2059,2960 2100,2961 2141,2962 2182,2963 2223,2964"/>
                <TextEquiv>
                    <Unicode>bei weitem mannigfaltiger und abwechslungsreicher</Unicode>
                </TextEquiv>
            </TextLine>
            <TextLine id="r1l93" custom="readingOrder {index:92;}">
                <Coords points="518,3002 1376,3007 1376,2964 1351,2957 519,2953"/>
                <Baseline points="530,2987 571,2987 613,2987 655,2987 697,2987 739,2987 780,2987 822,2988 864,2988 906,2989 948,2989 989,2990 1031,2990 1073,2991 1115,2991 1157,2992 1198,2993 1240,2993 1282,2994 1324,2994 1366,2995"/>
                <TextEquiv>
                    <Unicode>gerade da, wo Ihr hinreichende Beweise für ben</Unicode>
                </TextEquiv>
            </TextLine>
            <TextLine id="r1l94" custom="readingOrder {index:93;}">
                <Coords points="1398,3005 2226,3011 2226,2973 2183,2968 1399,2956"/>
                <Baseline points="1408,2994 1448,2995 1488,2996 1529,2998 1569,2998 1609,2999 1650,3000 1690,3000 1730,3001 1771,3001 1811,3001 1851,3002 1892,3002 1932,3002 1972,3003 2013,3003 2053,3003 2093,3004 2134,3005 2174,3005 2215,3006"/>
                <TextEquiv>
                    <Unicode>st. Ehe sich ein spekulativ zu sein wähnender</Unicode>
                </TextEquiv>
            </TextLine>
            <TextLine id="r1l95" custom="readingOrder {index:94;}">
                <Coords points="516,3045 1371,3053 1372,3008 516,2998"/>
                <Baseline points="526,3031 567,3030 609,3030 651,3030 693,3030 734,3030 776,3031 818,3031 860,3032 901,3032 943,3033 985,3034 1027,3034 1068,3035 1110,3036 1152,3036 1194,3037 1235,3037 1277,3037 1319,3037 1361,3038"/>
                <TextEquiv>
                    <Unicode>ungetrübten Idealismus unserer literarischen Alt¬</Unicode>
                </TextEquiv>
            </TextLine>
            <TextLine id="r1l96" custom="readingOrder {index:95;}">
                <Coords points="1390,3044 2226,3057 2214,3010 1390,3002"/>
                <Baseline points="1400,3038 1440,3039 1481,3039 1522,3040 1563,3041 1604,3041 1644,3042 1685,3043 1726,3043 1767,3044 1808,3044 1848,3045 1889,3045 1930,3045 1971,3046 2012,3046 2052,3047 2093,3048 2134,3048 2175,3048 2216,3049"/>
                <TextEquiv>
                    <Unicode>Verleger ihrer erbarmt, haben die Mannskripte</Unicode>
                </TextEquiv>
            </TextLine>
            <TextLine id="r1l97" custom="readingOrder {index:96;}">
                <Coords points="517,3080 1370,3092 1370,3052 1289,3040 517,3041"/>
                <Baseline points="528,3074 569,3074 611,3074 652,3075 694,3075 735,3075 777,3076 818,3076 860,3076 901,3077 943,3077 985,3078 1026,3079 1068,3079 1109,3080 1151,3080 1192,3081 1234,3082 1275,3082 1317,3083 1359,3084"/>
                <TextEquiv>
                    <Unicode>vorderen gefunden zu haben glaubt, liegt der</Unicode>
                </TextEquiv>
            </TextLine>
            <TextLine id="r1l98" custom="readingOrder {index:97;}">
                <Coords points="1396,3094 2226,3111 2214,3057 1397,3049"/>
                <Baseline points="1408,3081 1448,3082 1488,3083 1529,3083 1569,3084 1610,3084 1650,3085 1690,3086 1731,3086 1771,3087 1812,3088 1852,3088 1892,3089 1933,3089 1973,3090 2014,3091 2054,3091 2094,3092 2135,3092 2175,3092 2216,3093"/>
                <TextEquiv>
                    <Unicode>bereits bei den verschiedensten Theaterdirektoren</Unicode>
                </TextEquiv>
            </TextLine>
            <TextLine id="r1l99" custom="readingOrder {index:98;}">
                <Coords points="517,3131 620,3113 750,3144 879,3104 960,3141 1371,3136 1371,3091 1335,3087 1285,3106 926,3070 898,3090 518,3080"/>
                <Baseline points="528,3120 569,3120 611,3120 652,3120 694,3120 736,3120 777,3121 819,3121 861,3121 902,3122 944,3122 986,3122 1027,3123 1069,3123 1111,3124 1152,3124 1194,3125 1236,3125 1277,3125 1319,3126 1361,3126"/>
                <TextEquiv>
                    <Unicode>Hase im Pfeffer. Es ist wahr, daß ein</Unicode>
                </TextEquiv>
            </TextLine>
            <TextLine id="r1l100" custom="readingOrder {index:99;}">
                <Coords points="1388,3139 2235,3147 2236,3100 1665,3093 1645,3112 1607,3087 1389,3090"/>
                <Baseline points="1400,3126 1441,3126 1482,3126 1523,3127 1565,3127 1606,3128 1647,3129 1688,3129 1730,3130 1771,3131 1812,3132 1853,3133 1895,3133 1936,3134 1977,3135 2018,3135 2060,3136 2101,3137 2142,3137 2183,3137 2225,3138"/>
                <TextEquiv>
                    <Unicode>des In= und Auslandes odysseische Irrfahrten</Unicode>
                </TextEquiv>
            </TextLine>
            <TextLine id="r1l101" custom="readingOrder {index:100;}">
                <Coords points="514,3177 2244,3196 2180,3142 514,3132"/>
                <Baseline points="524,3164 609,3165 695,3166 780,3166 866,3167 951,3167 1037,3168 1122,3168 1208,3169 1293,3170 1379,3171 1464,3171 1550,3172 1635,3173 1721,3174 1806,3176 1892,3177 1977,3179 2063,3180 2148,3182 2234,3184"/>
                <TextEquiv>
                    <Unicode>Schiller z. B. für seine Unsterblichkeits= unternommen. Hier störte das zu düstere Milien,</Unicode>
                </TextEquiv>
            </TextLine>
            <TextEquiv>
                <Unicode>box 17/1
11. Reigen

Das Buchdrama. 6/10
arbeiten veritable Bettelgroschen erhalten hat, aber
„Was man nicht zur Aufführung bringen
glaubt Ihr, daß er itzemal mehr bekommen hätte,
kann, das sieht man als ein Buchdrama an.“
wenn er seine künstlerische Ueberzeugung geopfert
Ich glaube mit dieser auf Kosten des Rhythmus
und sich dem Geschmacke des breiteren Publikums
geschehenen Variante eines alten Schulspruches
ubordiniert hätte? Die Konjunktur, als Schau¬
das allgemeine Wesen des Buchdramas am deut¬
pieldichter zum Kapitalisten zu werden, war
lichsten gekennzeichnet zu haben. Die Auffassung
damals überhaupt nicht vorhanden. Und wäre
des Dramatikers bezüglich der Ausübung seines
sie vorhanden gewesen, trann, fast glaube ich, daß
Berufes hat im Laufe von Jahrzehnten eine
auch ein Schiller, zin Grabbe oder ein
der Zeit entsprechende wesentliche Umgestaltung
Kleist es nicht verschmäht hätten, ihren dich¬
erfahren. Heute sieht der Dramatiker,
terischen Emanationen Mittelchen einfließen zu
ist
er nicht von Vaters Seite auf eigene Beine
lassen, die das Geheimnis einer gesteigerten Er¬
ge¬
stellt worden oder durch des Schwiegervaters
tragsfähigkeit in sich einschließen.
Säckel zu seiner Muse in ein Unabhängikeitsver¬
Doch zurück ad rem! Es ist wohl illnsorisch,
hältnis getreten, die Ausübung seiner Kunst als
auzunehmen, daß sich heute irgend ein zünftiger
Broterwerb an, er wird, will er die Chancen
oder nicht zünftiger Literat mit der Ab¬
der Nutznießung aus seinen Werken erhöhen,
icht an den Schreibtisch setzt, ein Buchdrama zu
Konzessionen an den Geschmack des Publikums
schreiben. Ausgeschlossen! Jeder und wir dürfen
machen, vor allem aber damit rechnen, daß die
getrost einen Teil unserer anerkannten Literatur¬
seinem Stücke innewohnende Technik den An¬
größen mitnennen, trägt sich schon von vornherein
forderungen der modernen Bühne entspricht. Daß
mit dem Gedanken, ein Werk zu schaffen, das sich
bei solchen Rücksichtnahmen, bei all den hundert
möglichst viele Bühnen erobern soll und das
Fragen, die weniger an das Gewissen, denn an
demzufolge den Keim zu einem ansehnlichen Tan¬
die praktischen Erfahrungen gerichtet sind, das
tiémenertrag in sich birgt. Unter solchen Um¬
künstlerische Moment Schaden erleidet, ist un¬
tänden haben zweifelsohne auch jene gehandelt, die
bestreitbar. Aber darf man all diesen um ihre
bereits auf anderen künstlerischen Gebieten akkre¬
Existenz ringenden Menschen aus ihren Be¬
ditiert, ihre Zuflucht zum Drama genommen haben,
strebungen einen Vorwurf machen? Die gute
und trotz dem unangenehmen Resultat einer Selbst¬
alte Zeit! Das ist eine stehende Phrase ge¬
kritik in Bezug auf die Kraft und Entfaltungs¬
worden. Man denkt dabei an Schäferspiele, an
fähigkeit ihres Talentes, eine stattliche Anzahl
zierliche, weißgepuderte Rococodämchen, die nichts
von Dramen geschrieben haben. So Lilien¬
anderes
als
ein bischen Liebe
2000
cron, der doch sicherlich nicht zu den Ver¬
langten, und an die Dichter und Minne¬
schmähern des Mammons gehört, so Salus
sänger damaliger Zeit, die keine Bankkontis,
und Falke. Sie und viele andere mehr haben
keine Villen, geschweige denn Schlösser besaßen.
oftmals Versuche gewagt, ihre Gedanken und
„Während ein Schiller", pflegt man
Empfindungen in dramalische Formen zu pressen,
bei besonders heftigen Erörterungen dieser Frage
sie brachten es aber mit Ausnahme Salus,
zu sagen, „für eines seiner Stücke ein Lumpen¬
dessen „Susanna im Bade“ seinerzeit das Ueber¬
geld von so und so vielen Talern erhielt, be¬
brettl zu Hilfe kam, nur zu Buchdramen.
kommt heute Herr X. oder Y. für seinen Schwanl
Und Buchdramen geht es ähnlich wie den unglück¬
Hunderttausende von Mark!“ Bravo, Ihr Lieben,
seligen Versbüchern, nur daß ihre Vorgeschichte
Euere tiefempfundene Entrüstung ehrt Euch, aber
bei weitem mannigfaltiger und abwechslungsreicher
gerade da, wo Ihr hinreichende Beweise für ben
st. Ehe sich ein spekulativ zu sein wähnender
ungetrübten Idealismus unserer literarischen Alt¬
Verleger ihrer erbarmt, haben die Mannskripte
vorderen gefunden zu haben glaubt, liegt der
bereits bei den verschiedensten Theaterdirektoren
Hase im Pfeffer. Es ist wahr, daß ein
des In= und Auslandes odysseische Irrfahrten
Schiller z. B. für seine Unsterblichkeits= unternommen. Hier störte das zu düstere Milien,</Unicode>
            </TextEquiv>
        </TextRegion>
        <TextRegion orientation="0.0" id="r2" custom="readingOrder {index:1;}">
            <Coords points="2261,1140 2261,3203 3111,3203 3111,1140"/>
            <TextLine id="r2l1" custom="readingOrder {index:0;}">
                <Coords points="2274,1169 3042,1175 3042,1140 2976,1153 2893,1120 2274,1128"/>
                <Baseline points="2285,1160 2322,1161 2359,1161 2396,1162 2434,1162 2471,1163 2508,1163 2546,1163 2583,1163 2620,1163 2658,1163 2695,1164 2732,1164 2769,1164 2807,1165 2844,1165 2881,1166 2919,1167 2956,1168 2993,1169 3031,1171"/>
                <TextEquiv>
                    <Unicode>dort die szenischen Schwierigkeiten,</Unicode>
                </TextEquiv>
            </TextLine>
            <TextLine id="r2l2" custom="readingOrder {index:1;}">
                <Coords points="3034,1173 3047,1174 3053,1181 3063,1184 3074,1184 3085,1178 3087,1181 3098,1179 3102,1184 3117,1185 3121,1125 3110,1124 3101,1130 3093,1121 3089,1125 3078,1124 3069,1132 3063,1128 3058,1132 3056,1129 3037,1128"/>
                <Baseline points="3045,1168 3076,1168 3107,1172"/>
                <TextEquiv>
                    <Unicode>hier</Unicode>
                </TextEquiv>
            </TextLine>
            <TextLine id="r2l3" custom="readingOrder {index:2;}">
                <Coords points="2270,1218 2459,1200 2482,1224 2591,1204 2736,1233 2790,1203 2858,1228 3119,1224 3120,1183 2271,1164"/>
                <Baseline points="2281,1204 2322,1204 2363,1204 2405,1205 2446,1206 2488,1206 2529,1206 2570,1207 2612,1207 2653,1207 2695,1208 2736,1208 2777,1209 2819,1209 2860,1209 2902,1210 2943,1210 2984,1211 3026,1211 3067,1211 3109,1212"/>
                <TextEquiv>
                    <Unicode>die allzu große Tiefe der Gedanken, dort</Unicode>
                </TextEquiv>
            </TextLine>
            <TextLine id="r2l4" custom="readingOrder {index:3;}">
                <Coords points="2263,1254 3112,1260 3112,1217 3025,1210 2892,1237 2794,1203 2751,1235 2706,1213 2263,1213"/>
                <Baseline points="2273,1246 2314,1246 2355,1247 2397,1247 2438,1248 2480,1248 2521,1249 2563,1249 2604,1250 2646,1251 2687,1251 2728,1252 2770,1252 2811,1252 2853,1253 2894,1253 2936,1253 2977,1253 3019,1254 3060,1254 3102,1253"/>
                <TextEquiv>
                    <Unicode>vollständige Effektlosigkeit. Und es berührt</Unicode>
                </TextEquiv>
            </TextLine>
            <TextLine id="r2l5" custom="readingOrder {index:4;}">
                <Coords points="2271,1298 3114,1314 3099,1260 2271,1262"/>
                <Baseline points="2281,1290 2322,1291 2363,1291 2404,1292 2445,1292 2486,1293 2527,1293 2568,1294 2609,1294 2650,1294 2692,1295 2733,1295 2774,1295 2815,1295 2856,1296 2897,1296 2938,1296 2979,1297 3020,1297 3061,1297 3103,1298"/>
                <TextEquiv>
                    <Unicode>wenigstens mich komisch, wenn ich von einem bei</Unicode>
                </TextEquiv>
            </TextLine>
            <TextLine id="r2l6" custom="readingOrder {index:5;}">
                <Coords points="2271,1343 3109,1354 3123,1311 2271,1298"/>
                <Baseline points="2282,1333 2323,1334 2364,1335 2406,1335 2447,1336 2489,1336 2530,1337 2572,1338 2613,1338 2655,1338 2696,1339 2737,1339 2779,1339 2820,1340 2862,1340 2903,1340 2945,1340 2986,1340 3028,1340 3069,1340 3111,1340"/>
                <TextEquiv>
                    <Unicode>Pierson oder bei anderen sehr entgegen¬</Unicode>
                </TextEquiv>
            </TextLine>
            <TextLine id="r2l7" custom="readingOrder {index:6;}">
                <Coords points="2265,1382 3121,1396 3100,1346 2266,1342"/>
                <Baseline points="2276,1377 2317,1377 2359,1378 2401,1378 2443,1378 2484,1379 2526,1379 2568,1380 2610,1380 2651,1380 2693,1381 2735,1381 2777,1382 2818,1382 2860,1383 2902,1383 2944,1384 2985,1384 3027,1385 3069,1385 3111,1386"/>
                <TextEquiv>
                    <Unicode>kommenden Verlegern erschienenen Drama lese, daß</Unicode>
                </TextEquiv>
            </TextLine>
            <TextLine id="r2l8" custom="readingOrder {index:7;}">
                <Coords points="2272,1432 2879,1431 2992,1455 3106,1435 3106,1394 2967,1382 2272,1383"/>
                <Baseline points="2282,1421 2322,1421 2363,1422 2403,1422 2444,1423 2485,1423 2525,1424 2566,1424 2607,1425 2647,1425 2688,1425 2729,1426 2769,1426 2810,1426 2851,1426 2891,1427 2932,1427 2973,1427 3013,1428 3054,1428 3095,1428"/>
                <TextEquiv>
                    <Unicode>es vollauf dazu prädestiniert sei, öffentlich und</Unicode>
                </TextEquiv>
            </TextLine>
            <TextLine id="r2l9" custom="readingOrder {index:8;}">
                <Coords points="2275,1480 2472,1471 2656,1496 2850,1476 2914,1496 2989,1479 2990,1445 2308,1421 2275,1438"/>
                <Baseline points="2286,1465 2320,1466 2355,1467 2389,1467 2424,1468 2459,1468 2493,1469 2528,1469 2563,1469 2597,1469 2632,1470 2667,1470 2701,1470 2736,1470 2771,1470 2805,1470 2840,1471 2875,1471 2909,1471 2944,1471 2979,1472"/>
                <TextEquiv>
                    <Unicode>nit großem Erfolg aufgeführt zu werden.</Unicode>
                </TextEquiv>
            </TextLine>
            <TextLine id="r2l10" custom="readingOrder {index:9;}">
                <Coords points="2327,1535 2618,1523 2851,1549 3009,1525 3041,1549 3109,1535 3110,1488 2734,1479 2633,1502 2550,1477 2327,1477"/>
                <Baseline points="2337,1518 2375,1519 2413,1519 2451,1520 2489,1520 2527,1520 2565,1521 2603,1522 2641,1522 2679,1523 2718,1523 2756,1524 2794,1524 2832,1525 2870,1525 2908,1525 2946,1526 2984,1526 3022,1526 3060,1526 3099,1526"/>
                <TextEquiv>
                    <Unicode>Ein Buchdrama erscheinen zu lassen, heißt</Unicode>
                </TextEquiv>
            </TextLine>
            <TextLine id="r2l11" custom="readingOrder {index:10;}">
                <Coords points="2272,1572 3108,1588 3096,1532 2272,1520"/>
                <Baseline points="2282,1561 2322,1562 2363,1563 2404,1564 2445,1564 2486,1565 2526,1565 2567,1566 2608,1566 2649,1566 2690,1567 2730,1567 2771,1568 2812,1568 2853,1568 2894,1568 2934,1569 2975,1569 3016,1569 3057,1569 3098,1569"/>
                <TextEquiv>
                    <Unicode>aus der Not eine Tugend machen, und wenn sich</Unicode>
                </TextEquiv>
            </TextLine>
            <TextLine id="r2l12" custom="readingOrder {index:11;}">
                <Coords points="2265,1615 3114,1627 3114,1595 3044,1573 2265,1576"/>
                <Baseline points="2275,1606 2316,1606 2357,1607 2399,1607 2440,1608 2482,1608 2523,1609 2565,1609 2606,1609 2648,1610 2689,1610 2730,1611 2772,1611 2813,1611 2855,1612 2896,1612 2938,1612 2979,1613 3021,1613 3062,1613 3104,1614"/>
                <TextEquiv>
                    <Unicode>ein Dichter rühmt, nur Buchdramen zu schreiben,</Unicode>
                </TextEquiv>
            </TextLine>
            <TextLine id="r2l13" custom="readingOrder {index:12;}">
                <Coords points="2265,1656 3110,1666 3110,1625 3014,1616 2851,1636 2266,1614"/>
                <Baseline points="2276,1649 2317,1650 2358,1650 2399,1651 2440,1651 2482,1652 2523,1653 2564,1653 2605,1654 2646,1654 2688,1655 2729,1655 2770,1655 2811,1656 2852,1656 2894,1656 2935,1656 2976,1656 3017,1656 3058,1656 3100,1656"/>
                <TextEquiv>
                    <Unicode>weil er zu künstlerisch vergeistigt ist, um dem Götzen</Unicode>
                </TextEquiv>
            </TextLine>
            <TextLine id="r2l14" custom="readingOrder {index:13;}">
                <Coords points="2268,1703 3111,1718 3111,1666 3083,1662 2268,1656"/>
                <Baseline points="2278,1693 2319,1694 2360,1695 2401,1696 2442,1696 2483,1697 2524,1697 2565,1698 2606,1698 2647,1698 2689,1699 2730,1699 2771,1699 2812,1699 2853,1699 2894,1699 2935,1699 2976,1699 3017,1700 3058,1700 3100,1700"/>
                <TextEquiv>
                    <Unicode>Publikum zu opferu, so heißt das mit anderen</Unicode>
                </TextEquiv>
            </TextLine>
            <TextLine id="r2l15" custom="readingOrder {index:14;}">
                <Coords points="2271,1746 3109,1756 3109,1711 3037,1704 2690,1695 2555,1720 2494,1700 2410,1725 2271,1703"/>
                <Baseline points="2281,1738 2321,1739 2362,1739 2403,1740 2444,1741 2485,1741 2526,1741 2567,1742 2608,1742 2649,1742 2690,1742 2730,1742 2771,1743 2812,1743 2853,1743 2894,1743 2935,1744 2976,1744 3017,1745 3058,1745 3099,1746"/>
                <TextEquiv>
                    <Unicode>Worten, er hat trotz vielen Bemühungen keinen</Unicode>
                </TextEquiv>
            </TextLine>
            <TextLine id="r2l16" custom="readingOrder {index:15;}">
                <Coords points="2265,1788 3116,1809 3116,1757 3088,1751 2265,1745"/>
                <Baseline points="2276,1781 2317,1782 2358,1782 2400,1783 2441,1783 2483,1784 2524,1784 2566,1785 2607,1785 2649,1786 2690,1786 2731,1786 2773,1787 2814,1787 2856,1787 2897,1787 2939,1787 2980,1787 3022,1787 3063,1787 3105,1787"/>
                <TextEquiv>
                    <Unicode>Theaterdirektor gefunden, der sein Stück zur Auf¬</Unicode>
                </TextEquiv>
            </TextLine>
            <TextLine id="r2l17" custom="readingOrder {index:16;}">
                <Coords points="2260,1834 3060,1855 3109,1851 3110,1804 2261,1787"/>
                <Baseline points="2272,1826 2313,1826 2354,1827 2396,1827 2437,1827 2478,1828 2520,1828 2561,1828 2602,1829 2644,1829 2685,1829 2726,1830 2768,1830 2809,1830 2850,1830 2892,1831 2933,1831 2974,1831 3016,1831 3057,1832 3099,1832"/>
                <TextEquiv>
                    <Unicode>führung bringen will. Ich möchte durch meine voran¬</Unicode>
                </TextEquiv>
            </TextLine>
            <TextLine id="r2l18" custom="readingOrder {index:17;}">
                <Coords points="2267,1881 3116,1884 3116,1848 2982,1838 2267,1831"/>
                <Baseline points="2278,1872 2319,1871 2360,1871 2402,1871 2443,1871 2484,1872 2526,1872 2567,1872 2608,1872 2650,1873 2691,1873 2732,1873 2774,1874 2815,1874 2856,1874 2898,1875 2939,1875 2980,1875 3022,1876 3063,1876 3105,1876"/>
                <TextEquiv>
                    <Unicode>gehenden Zeilen absolut nicht den Glauben er¬</Unicode>
                </TextEquiv>
            </TextLine>
            <TextLine id="r2l19" custom="readingOrder {index:18;}">
                <Coords points="2273,1928 3120,1926 3120,1886 3037,1880 2273,1881"/>
                <Baseline points="2284,1913 2325,1914 2366,1914 2407,1915 2448,1915 2490,1916 2531,1916 2572,1916 2613,1917 2654,1917 2696,1917 2737,1918 2778,1918 2819,1919 2860,1919 2902,1920 2943,1921 2984,1922 3025,1923 3066,1924 3108,1925"/>
                <TextEquiv>
                    <Unicode>tehen lassen, daß ich dem Buchdrama, einzig</Unicode>
                </TextEquiv>
            </TextLine>
            <TextLine id="r2l20" custom="readingOrder {index:19;}">
                <Coords points="2262,1963 2974,1969 3004,1995 3122,1958 3122,1935 3039,1925 2263,1925"/>
                <Baseline points="2272,1957 2316,1957 2360,1958 2404,1958 2448,1959 2492,1959 2536,1960 2581,1960 2625,1960 2669,1961 2713,1961 2757,1962 2801,1962 2846,1963 2890,1963 2934,1964 2978,1965 3022,1965 3066,1966 3111,1967"/>
                <TextEquiv>
                    <Unicode>und allein darum, weil es eben nur „Buch“ ge¬</Unicode>
                </TextEquiv>
            </TextLine>
            <TextLine id="r2l21" custom="readingOrder {index:20;}">
                <Coords points="2267,2008 2406,2002 2442,2026 2656,2004 2990,2015 2990,1976 2967,1970 2590,1965 2481,1986 2436,1962 2267,1963"/>
                <Baseline points="2278,1999 2313,2001 2348,2002 2383,2003 2418,2004 2453,2005 2488,2005 2523,2005 2558,2005 2593,2005 2628,2005 2663,2005 2698,2005 2733,2005 2768,2005 2803,2005 2838,2005 2873,2005 2908,2006 2943,2007 2979,2008"/>
                <TextEquiv>
                    <Unicode>blieben ist, gewisse Werte abspreche.</Unicode>
                </TextEquiv>
            </TextLine>
            <TextLine id="r2l22" custom="readingOrder {index:21;}">
                <Coords points="3029,2014 3044,2013 3055,2022 3080,2014 3095,2018 3102,2016 3108,2009 3119,2009 3117,1966 3102,1967 3098,1971 3081,1969 3075,1976 3045,1968 3042,1971 3028,1971"/>
                <Baseline points="3040,2010 3074,2008 3108,2008"/>
                <TextEquiv>
                    <Unicode>Im</Unicode>
                </TextEquiv>
            </TextLine>
            <TextLine id="r2l23" custom="readingOrder {index:22;}">
                <Coords points="2268,2063 2456,2034 2557,2063 3115,2055 3115,2023 3030,2005 2268,2007"/>
                <Baseline points="2279,2044 2320,2045 2361,2046 2402,2047 2444,2047 2485,2048 2526,2048 2568,2048 2609,2049 2650,2049 2692,2049 2733,2049 2774,2050 2815,2050 2857,2050 2898,2050 2939,2051 2981,2051 3022,2051 3063,2052 3105,2052"/>
                <TextEquiv>
                    <Unicode>Gegenteil. Hat uns nicht Johann Wolf¬</Unicode>
                </TextEquiv>
            </TextLine>
            <TextLine id="r2l24" custom="readingOrder {index:23;}">
                <Coords points="2269,2102 3116,2108 3108,2054 2269,2053"/>
                <Baseline points="2280,2090 2321,2090 2362,2090 2403,2091 2445,2091 2486,2091 2527,2091 2569,2091 2610,2092 2651,2092 2693,2092 2734,2092 2775,2093 2816,2093 2858,2093 2899,2094 2940,2094 2982,2095 3023,2095 3064,2096 3106,2096"/>
                <TextEquiv>
                    <Unicode>gang von Goethe einen zweiten Teil</Unicode>
                </TextEquiv>
            </TextLine>
            <TextLine id="r2l25" custom="readingOrder {index:24;}">
                <Coords points="2267,2142 2286,2139 2294,2143 2303,2139 2316,2149 2326,2142 2337,2141 2336,2105 2325,2106 2303,2096 2297,2102 2288,2098 2278,2105 2265,2106"/>
                <Baseline points="2277,2135 2302,2132 2327,2133"/>
                <TextEquiv>
                    <Unicode>zum</Unicode>
                </TextEquiv>
            </TextLine>
            <TextLine id="r2l26" custom="readingOrder {index:25;}">
                <Coords points="2336,2133 2475,2149 2550,2122 2582,2152 2805,2136 2869,2154 2918,2122 2956,2154 3121,2143 3121,2113 3036,2097 2336,2092"/>
                <Baseline points="2346,2135 2384,2135 2422,2135 2460,2135 2499,2135 2537,2135 2575,2136 2613,2136 2652,2136 2690,2136 2728,2137 2766,2137 2805,2137 2843,2138 2881,2138 2919,2138 2958,2139 2996,2139 3034,2139 3072,2139 3111,2139"/>
                <TextEquiv>
                    <Unicode>„Haust“, hinterlassen und Christian</Unicode>
                </TextEquiv>
            </TextLine>
            <TextLine id="r2l27" custom="readingOrder {index:26;}">
                <Coords points="2276,2185 3107,2201 3123,2143 2276,2142"/>
                <Baseline points="2286,2177 2327,2177 2368,2177 2409,2177 2451,2178 2492,2178 2533,2178 2574,2179 2616,2179 2657,2180 2698,2180 2739,2181 2781,2181 2822,2181 2863,2182 2904,2182 2946,2182 2987,2183 3028,2183 3069,2183 3111,2183"/>
                <TextEquiv>
                    <Unicode>Dietrich Grabbe den „Napoleon“ und den</Unicode>
                </TextEquiv>
            </TextLine>
            <TextLine id="r2l28" custom="readingOrder {index:27;}">
                <Coords points="2270,2230 2668,2238 2723,2206 2822,2243 3117,2235 3117,2201 3046,2184 2999,2205 2942,2183 2606,2206 2542,2180 2270,2187"/>
                <Baseline points="2280,2225 2321,2224 2362,2224 2403,2224 2445,2224 2486,2224 2527,2224 2569,2224 2610,2224 2651,2224 2693,2224 2734,2224 2775,2225 2816,2225 2858,2225 2899,2226 2940,2226 2982,2226 3023,2226 3064,2227 3106,2227"/>
                <TextEquiv>
                    <Unicode>„Herzog Theodor von Gothland“? Sind</Unicode>
                </TextEquiv>
            </TextLine>
            <TextLine id="r2l29" custom="readingOrder {index:28;}">
                <Coords points="2269,2274 3118,2291 3118,2240 2994,2223 2705,2251 2269,2231"/>
                <Baseline points="2280,2265 2321,2265 2362,2265 2404,2265 2445,2265 2486,2266 2528,2266 2569,2266 2610,2267 2652,2267 2693,2268 2734,2268 2776,2269 2817,2269 2858,2270 2900,2270 2941,2270 2982,2271 3024,2271 3065,2272 3107,2272"/>
                <TextEquiv>
                    <Unicode>das nicht Buchdramen, wenn man auch in</Unicode>
                </TextEquiv>
            </TextLine>
            <TextLine id="r2l30" custom="readingOrder {index:29;}">
                <Coords points="2254,2318 3112,2323 3112,2287 3068,2271 2941,2293 2255,2277"/>
                <Baseline points="2266,2307 2307,2308 2349,2309 2391,2309 2433,2310 2474,2310 2516,2311 2558,2311 2600,2312 2641,2312 2683,2313 2725,2313 2767,2313 2808,2314 2850,2314 2892,2314 2934,2315 2975,2316 3017,2316 3059,2317 3101,2317"/>
                <TextEquiv>
                    <Unicode>neuester Zeit die Versuche gemacht hat, sie</Unicode>
                </TextEquiv>
            </TextLine>
            <TextLine id="r2l31" custom="readingOrder {index:30;}">
                <Coords points="2268,2357 3113,2369 3092,2319 2581,2339 2269,2315"/>
                <Baseline points="2279,2352 2320,2352 2361,2352 2402,2353 2443,2353 2485,2353 2526,2354 2567,2355 2608,2355 2649,2356 2691,2356 2732,2357 2773,2357 2814,2358 2855,2358 2897,2358 2938,2358 2979,2358 3020,2358 3061,2357 3103,2357"/>
                <TextEquiv>
                    <Unicode>bühnengerecht zu machen? Hat nicht erst</Unicode>
                </TextEquiv>
            </TextLine>
            <TextLine id="r2l32" custom="readingOrder {index:31;}">
                <Coords points="2270,2402 3111,2404 3111,2368 3026,2363 2271,2359"/>
                <Baseline points="2281,2396 2324,2396 2367,2396 2410,2396 2453,2396 2496,2397 2539,2397 2582,2398 2625,2398 2668,2399 2712,2399 2755,2400 2798,2400 2841,2400 2884,2401 2927,2401 2970,2401 3013,2401 3056,2400 3100,2400"/>
                <TextEquiv>
                    <Unicode>üngst Arthur Schnitzler mit seinem „Reigen“</Unicode>
                </TextEquiv>
            </TextLine>
            <TextLine id="r2l33" custom="readingOrder {index:32;}">
                <Coords points="2266,2447 3061,2461 3119,2447 3120,2404 2266,2402"/>
                <Baseline points="2276,2439 2317,2439 2359,2440 2400,2440 2442,2441 2484,2441 2525,2441 2567,2441 2608,2441 2650,2442 2692,2442 2733,2442 2775,2442 2816,2443 2858,2443 2900,2443 2941,2444 2983,2444 3024,2445 3066,2446 3108,2446"/>
                <TextEquiv>
                    <Unicode>bewiesen, daß gerade einem Buchdramo bedeutende</Unicode>
                </TextEquiv>
            </TextLine>
            <TextLine id="r2l34" custom="readingOrder {index:33;}">
                <Coords points="2255,2495 3115,2496 3103,2448 2256,2448"/>
                <Baseline points="2266,2482 2307,2482 2349,2482 2391,2483 2433,2483 2475,2483 2517,2483 2559,2484 2601,2484 2643,2485 2685,2485 2726,2485 2768,2486 2810,2486 2852,2487 2894,2488 2936,2488 2978,2489 3020,2490 3062,2490 3104,2491"/>
                <TextEquiv>
                    <Unicode>künstlerische Qualitäten innewohnen können? Doch,</Unicode>
                </TextEquiv>
            </TextLine>
            <TextLine id="r2l35" custom="readingOrder {index:34;}">
                <Coords points="2262,2536 3109,2538 3109,2502 3075,2495 2262,2495"/>
                <Baseline points="2272,2527 2313,2527 2354,2527 2395,2527 2437,2527 2478,2527 2519,2527 2561,2528 2602,2528 2643,2528 2685,2529 2726,2529 2767,2530 2808,2530 2850,2531 2891,2531 2932,2532 2974,2532 3015,2532 3056,2532 3098,2532"/>
                <TextEquiv>
                    <Unicode>gerats ich da in puncto Schnitzler nicht in</Unicode>
                </TextEquiv>
            </TextLine>
            <TextLine id="r2l36" custom="readingOrder {index:35;}">
                <Coords points="2258,2577 3111,2591 3112,2537 2259,2536"/>
                <Baseline points="2268,2569 2309,2570 2351,2570 2392,2570 2434,2571 2476,2571 2517,2571 2559,2571 2600,2572 2642,2572 2684,2572 2725,2572 2767,2573 2808,2573 2850,2573 2892,2574 2933,2574 2975,2575 3016,2576 3058,2577 3100,2577"/>
                <TextEquiv>
                    <Unicode>Widerspruch zu meinen früheren Behauptungen?</Unicode>
                </TextEquiv>
            </TextLine>
            <TextLine id="r2l37" custom="readingOrder {index:36;}">
                <Coords points="2264,2618 3107,2634 3107,2591 3075,2580 2264,2577"/>
                <Baseline points="2275,2612 2316,2613 2357,2613 2398,2614 2439,2615 2480,2615 2521,2616 2562,2616 2603,2616 2644,2617 2685,2617 2726,2617 2767,2618 2808,2618 2849,2618 2890,2618 2931,2619 2972,2619 3013,2619 3054,2619 3095,2620"/>
                <TextEquiv>
                    <Unicode>Nein, Schnitzler z. B. mußte von vornherein</Unicode>
                </TextEquiv>
            </TextLine>
            <TextLine id="r2l38" custom="readingOrder {index:37;}">
                <Coords points="2259,2673 2988,2683 3095,2676 3122,2622 3021,2641 2260,2619"/>
                <Baseline points="2270,2657 2312,2657 2354,2657 2396,2657 2438,2657 2480,2657 2522,2658 2564,2658 2606,2659 2648,2660 2690,2660 2732,2661 2774,2662 2816,2662 2858,2663 2900,2663 2942,2664 2984,2664 3026,2664 3068,2664 3110,2663"/>
                <TextEquiv>
                    <Unicode>felsenfest davon überzeugt gewesen sein, daß die</Unicode>
                </TextEquiv>
            </TextLine>
            <TextLine id="r2l39" custom="readingOrder {index:38;}">
                <Coords points="2255,2707 3100,2722 3100,2672 3075,2668 2255,2668"/>
                <Baseline points="2266,2699 2307,2700 2348,2700 2389,2701 2430,2701 2471,2701 2512,2702 2554,2702 2595,2702 2636,2703 2677,2703 2718,2704 2759,2704 2800,2705 2842,2705 2883,2705 2924,2706 2965,2706 3006,2707 3047,2707 3089,2708"/>
                <TextEquiv>
                    <Unicode>von ihm so meisterhaften Schilderungen durch</Unicode>
                </TextEquiv>
            </TextLine>
            <TextLine id="r2l40" custom="readingOrder {index:39;}">
                <Coords points="2254,2753 3097,2763 3097,2720 3033,2711 2255,2708"/>
                <Baseline points="2264,2745 2305,2745 2346,2744 2387,2744 2428,2744 2469,2744 2510,2745 2552,2745 2593,2746 2634,2746 2675,2747 2716,2747 2757,2748 2798,2749 2840,2749 2881,2750 2922,2750 2963,2750 3004,2750 3045,2750 3087,2750"/>
                <TextEquiv>
                    <Unicode>ihren erotischen Gehalt von öffentlichen Vos¬</Unicode>
                </TextEquiv>
            </TextLine>
            <TextLine id="r2l41" custom="readingOrder {index:40;}">
                <Coords points="2261,2798 3106,2802 3106,2764 3068,2757 2262,2749"/>
                <Baseline points="2272,2787 2313,2787 2354,2788 2395,2788 2436,2789 2477,2789 2518,2790 2560,2790 2601,2791 2642,2791 2683,2792 2724,2792 2765,2793 2806,2793 2848,2793 2889,2794 2930,2794 2971,2794 3012,2794 3053,2794 3095,2794"/>
                <TextEquiv>
                    <Unicode>führungen ausgeschlossen seien. Er konnte aber recht</Unicode>
                </TextEquiv>
            </TextLine>
            <TextLine id="r2l42" custom="readingOrder {index:41;}">
                <Coords points="2257,2838 3010,2859 3097,2851 3098,2804 2257,2798"/>
                <Baseline points="2268,2831 2311,2832 2354,2832 2397,2832 2440,2832 2483,2833 2526,2833 2569,2834 2612,2834 2655,2835 2699,2835 2742,2835 2785,2836 2828,2836 2871,2837 2914,2837 2957,2838 3000,2839 3043,2839 3087,2840"/>
                <TextEquiv>
                    <Unicode>wohl wissen, daß eben das Equivogue der</Unicode>
                </TextEquiv>
            </TextLine>
            <TextLine id="r2l43" custom="readingOrder {index:42;}">
                <Coords points="2262,2884 3109,2897 3110,2845 2263,2839"/>
                <Baseline points="2274,2875 2315,2875 2356,2875 2397,2875 2439,2876 2480,2876 2521,2876 2562,2877 2604,2877 2645,2878 2686,2878 2727,2879 2769,2879 2810,2880 2851,2880 2892,2881 2934,2881 2975,2881 3016,2881 3057,2882 3099,2882"/>
                <TextEquiv>
                    <Unicode>Szenenreihe eine behördliche Konfiskation und</Unicode>
                </TextEquiv>
            </TextLine>
            <TextLine id="r2l44" custom="readingOrder {index:43;}">
                <Coords points="2261,2928 2633,2925 2708,2947 2808,2918 3020,2942 3101,2934 3102,2893 2261,2883"/>
                <Baseline points="2272,2919 2312,2919 2353,2919 2394,2919 2435,2919 2476,2920 2517,2920 2558,2921 2599,2921 2640,2922 2681,2922 2721,2923 2762,2923 2803,2924 2844,2924 2885,2924 2926,2925 2967,2925 3008,2925 3049,2925 3090,2925"/>
                <TextEquiv>
                    <Unicode>damit eine gesteigerte Nachfrage nach dem Buche</Unicode>
                </TextEquiv>
            </TextLine>
            <TextLine id="r2l45" custom="readingOrder {index:44;}">
                <Coords points="2264,2979 2824,2962 2850,2986 2873,2967 3059,2986 3102,2976 3103,2933 2264,2930"/>
                <Baseline points="2274,2963 2314,2963 2355,2962 2396,2962 2437,2962 2478,2962 2519,2963 2560,2963 2601,2964 2642,2965 2683,2966 2723,2967 2764,2967 2805,2968 2846,2969 2887,2969 2928,2969 2969,2969 3010,2969 3051,2969 3092,2968"/>
                <TextEquiv>
                    <Unicode>m Gefolge haben werden. Und er hat sich nicht</Unicode>
                </TextEquiv>
            </TextLine>
            <TextLine id="r2l46" custom="readingOrder {index:45;}">
                <Coords points="2256,3019 3101,3021 3101,2976 2256,2974"/>
                <Baseline points="2266,3007 2307,3007 2348,3007 2389,3007 2430,3007 2472,3008 2513,3008 2554,3008 2595,3009 2636,3009 2678,3010 2719,3010 2760,3011 2801,3011 2842,3011 2884,3012 2925,3012 2966,3012 3007,3012 3048,3012 3090,3012"/>
                <TextEquiv>
                    <Unicode>getäuscht. Ja, Buchdramen verlangen eben weit</Unicode>
                </TextEquiv>
            </TextLine>
            <TextLine id="r2l47" custom="readingOrder {index:46;}">
                <Coords points="2259,3058 2954,3077 3101,3070 3102,3023 2259,3017"/>
                <Baseline points="2269,3050 2310,3049 2351,3049 2392,3050 2433,3050 2474,3051 2515,3051 2556,3052 2597,3052 2638,3053 2680,3054 2721,3054 2762,3055 2803,3056 2844,3056 2885,3057 2926,3057 2967,3057 3008,3057 3049,3057 3091,3056"/>
                <TextEquiv>
                    <Unicode>mehr als alles andere nach einem Blicke hinter</Unicode>
                </TextEquiv>
            </TextLine>
            <TextLine id="r2l48" custom="readingOrder {index:47;}">
                <Coords points="2251,3109 3105,3104 3105,3072 2992,3058 2951,3077 2252,3057"/>
                <Baseline points="2263,3094 2304,3094 2346,3093 2387,3093 2429,3093 2471,3094 2512,3094 2554,3095 2595,3096 2637,3097 2679,3097 2720,3098 2762,3099 2803,3100 2845,3101 2887,3101 2928,3101 2970,3102 3011,3101 3053,3101 3095,3100"/>
                <TextEquiv>
                    <Unicode>die Kulissen. Und es ist eigentlich ein un¬</Unicode>
                </TextEquiv>
            </TextLine>
            <TextLine id="r2l49" custom="readingOrder {index:48;}">
                <Coords points="2249,3163 2369,3169 2470,3138 2619,3169 2690,3146 2737,3164 2992,3154 2975,3106 2904,3123 2712,3097 2250,3108"/>
                <Baseline points="2261,3139 2297,3139 2333,3139 2369,3140 2405,3140 2441,3140 2477,3141 2513,3141 2549,3141 2585,3141 2621,3141 2657,3141 2693,3142 2729,3142 2765,3142 2801,3143 2837,3144 2873,3144 2909,3146 2945,3147 2981,3148"/>
                <TextEquiv>
                    <Unicode>erschöpfliches Thema, das Buchdrama ..</Unicode>
                </TextEquiv>
            </TextLine>
            <TextLine id="r2l50" custom="readingOrder {index:49;}">
                <Coords points="2776,3195 2840,3192 2849,3201 2904,3205 2943,3194 3063,3196 3062,3125 3017,3134 2994,3153 2970,3147 2947,3160 2900,3147 2878,3164 2857,3154 2819,3163 2806,3150 2776,3154"/>
                <Baseline points="2787,3189 2813,3191 2839,3193 2866,3193 2892,3193 2919,3192 2945,3191 2971,3190 2998,3190 3024,3191 3051,3193"/>
                <TextEquiv>
                    <Unicode>Leo Heller.</Unicode>
                </TextEquiv>
            </TextLine>
            <TextEquiv>
                <Unicode>dort die szenischen Schwierigkeiten,
hier
die allzu große Tiefe der Gedanken, dort
vollständige Effektlosigkeit. Und es berührt
wenigstens mich komisch, wenn ich von einem bei
Pierson oder bei anderen sehr entgegen¬
kommenden Verlegern erschienenen Drama lese, daß
es vollauf dazu prädestiniert sei, öffentlich und
nit großem Erfolg aufgeführt zu werden.
Ein Buchdrama erscheinen zu lassen, heißt
aus der Not eine Tugend machen, und wenn sich
ein Dichter rühmt, nur Buchdramen zu schreiben,
weil er zu künstlerisch vergeistigt ist, um dem Götzen
Publikum zu opferu, so heißt das mit anderen
Worten, er hat trotz vielen Bemühungen keinen
Theaterdirektor gefunden, der sein Stück zur Auf¬
führung bringen will. Ich möchte durch meine voran¬
gehenden Zeilen absolut nicht den Glauben er¬
tehen lassen, daß ich dem Buchdrama, einzig
und allein darum, weil es eben nur „Buch“ ge¬
blieben ist, gewisse Werte abspreche.
Im
Gegenteil. Hat uns nicht Johann Wolf¬
gang von Goethe einen zweiten Teil
zum
„Haust“, hinterlassen und Christian
Dietrich Grabbe den „Napoleon“ und den
„Herzog Theodor von Gothland“? Sind
das nicht Buchdramen, wenn man auch in
neuester Zeit die Versuche gemacht hat, sie
bühnengerecht zu machen? Hat nicht erst
üngst Arthur Schnitzler mit seinem „Reigen“
bewiesen, daß gerade einem Buchdramo bedeutende
künstlerische Qualitäten innewohnen können? Doch,
gerats ich da in puncto Schnitzler nicht in
Widerspruch zu meinen früheren Behauptungen?
Nein, Schnitzler z. B. mußte von vornherein
felsenfest davon überzeugt gewesen sein, daß die
von ihm so meisterhaften Schilderungen durch
ihren erotischen Gehalt von öffentlichen Vos¬
führungen ausgeschlossen seien. Er konnte aber recht
wohl wissen, daß eben das Equivogue der
Szenenreihe eine behördliche Konfiskation und
damit eine gesteigerte Nachfrage nach dem Buche
m Gefolge haben werden. Und er hat sich nicht
getäuscht. Ja, Buchdramen verlangen eben weit
mehr als alles andere nach einem Blicke hinter
die Kulissen. Und es ist eigentlich ein un¬
erschöpfliches Thema, das Buchdrama ..
Leo Heller.</Unicode>
            </TextEquiv>
        </TextRegion>
    </Page>
</PcGts>
