<?xml version="1.0" encoding="UTF-8" standalone="yes"?>
<PcGts xmlns="http://schema.primaresearch.org/PAGE/gts/pagecontent/2013-07-15" xmlns:xsi="http://www.w3.org/2001/XMLSchema-instance" xsi:schemaLocation="http://schema.primaresearch.org/PAGE/gts/pagecontent/2013-07-15 http://schema.primaresearch.org/PAGE/gts/pagecontent/2013-07-15/pagecontent.xsd">
    <Metadata>
        <Creator>prov=University of Rostock/Institute of Mathematics/CITlab/Gundram Leifert/gundram.leifert@uni-rostock.de:name=ONB_Newseye_GT_M1+(htr_id=10810)::::v=2.4.3
prov=University of Rostock/Institute of Mathematics/CITlab/Tobias Gruening/tobias.gruening@uni-rostock.de:name=de.uros.citlab.module.baseline2polygon.B2PSeamMultiOriented:v=2.4.3
prov=University of Rostock/Institute of Mathematics/CITlab/Tobias Gruening/tobias.gruening@uni-rostock.de:name=/net_tf/LA73_249_0mod360.pb:de.uros.citlab.segmentation.CITlab_LA_ML:v=2.4.3
Transkribus</Creator>
        <Created>2019-10-07T11:36:47.168+02:00</Created>
        <LastChange>2019-12-04T11:54:10.037+01:00</LastChange>
        <TranskribusMetadata docId="223982" pageId="9501523" pageNr="22" tsid="20367446" status="IN_PROGRESS" userId="40391" imgUrl="https://files.transkribus.eu/Get?id=ONIKKGWARXFAMLYGUKIGNQIX&amp;fileType=view" xmlUrl="https://files.transkribus.eu/Get?id=ULSXPOKCSSYIHWFTKZIVPJDP" imageId="6191745"/>
    </Metadata>
    <Page imageFilename="223982_0022.jpeg" imageWidth="3436" imageHeight="4224">
        <ReadingOrder>
            <OrderedGroup id="ro_1711448210512" caption="Regions reading order">
                <RegionRefIndexed index="0" regionRef="r1"/>
                <RegionRefIndexed index="1" regionRef="r2"/>
            </OrderedGroup>
        </ReadingOrder>
        <TextRegion orientation="0.0" id="r1" custom="readingOrder {index:0;}">
            <Coords points="91,159 91,3037 948,3037 948,159"/>
            <TextLine id="r1l1" custom="readingOrder {index:0;}">
                <Coords points="218,206 317,213 367,199 443,233 655,229 659,127 595,144 558,128 480,141 445,128 351,140 222,126"/>
                <Baseline points="232,187 257,188 283,188 308,189 334,191 360,192 385,193 411,195 437,197 462,198 488,200 513,202 539,202 565,203 590,203 616,203 642,202"/>
                <TextEquiv>
                    <Unicode>11. Reige</Unicode>
                </TextEquiv>
            </TextLine>
            <TextLine id="r1l2" custom="readingOrder {index:1;}">
                <Coords points="109,1173 131,1170 142,1180 153,1172 203,1176 211,1168 222,1176 233,1170 241,1178 252,1169 257,1175 274,1174 272,1100 258,1101 250,1093 220,1110 209,1105 190,1124 149,1120 141,1126 132,1118 108,1124"/>
                <Baseline points="122,1160 149,1161 177,1160 204,1159 232,1158 260,1158"/>
                <TextEquiv>
                    <Unicode>ereiten.</Unicode>
                </TextEquiv>
            </TextLine>
            <TextLine id="r1l3" custom="readingOrder {index:2;}">
                <Coords points="103,1261 952,1274 952,1225 903,1211 104,1206"/>
                <Baseline points="118,1255 161,1256 204,1256 247,1257 290,1257 333,1258 376,1258 419,1258 462,1258 505,1258 549,1258 592,1258 635,1258 678,1257 721,1258 764,1258 807,1258 850,1258 893,1259 937,1260"/>
                <TextEquiv>
                    <Unicode>des Verfassers etreicht werden soll. Der</Unicode>
                </TextEquiv>
            </TextLine>
            <TextLine id="r1l4" custom="readingOrder {index:3;}">
                <Coords points="97,1332 962,1333 962,1270 97,1263"/>
                <Baseline points="112,1315 153,1315 195,1316 237,1316 279,1316 321,1316 362,1316 404,1316 446,1316 488,1316 530,1316 571,1316 613,1316 655,1316 697,1316 739,1316 780,1316 822,1316 864,1317 906,1317 948,1317"/>
                <TextEquiv>
                    <Unicode>Dichters ist es ja nicht, mit den einzelnen</Unicode>
                </TextEquiv>
            </TextLine>
            <TextLine id="r1l5" custom="readingOrder {index:4;}">
                <Coords points="108,1398 949,1384 921,1323 831,1347 713,1319 108,1333"/>
                <Baseline points="123,1374 163,1374 204,1374 244,1373 285,1373 326,1373 366,1374 407,1374 448,1374 488,1374 529,1374 570,1375 610,1375 651,1375 692,1376 732,1376 773,1376 814,1377 854,1377 895,1377 936,1377"/>
                <TextEquiv>
                    <Unicode>zenen die Sinne des Lesers zu kitzein. Wer</Unicode>
                </TextEquiv>
            </TextLine>
            <TextLine id="r1l6" custom="readingOrder {index:5;}">
                <Coords points="115,1445 953,1447 953,1383 115,1401"/>
                <Baseline points="128,1432 168,1433 209,1433 249,1434 290,1434 330,1434 371,1434 411,1434 452,1434 492,1434 533,1434 573,1434 614,1433 654,1433 695,1434 735,1434 776,1434 816,1434 857,1435 897,1436 938,1436"/>
                <TextEquiv>
                    <Unicode>ndiesem Sinne liest, ist einfach ein Trottel,</Unicode>
                </TextEquiv>
            </TextLine>
            <TextLine id="r1l7" custom="readingOrder {index:6;}">
                <Coords points="106,1511 955,1504 955,1452 925,1439 598,1462 106,1442"/>
                <Baseline points="120,1491 161,1492 202,1492 243,1492 284,1492 325,1492 366,1492 407,1492 448,1492 489,1492 530,1492 571,1492 612,1492 653,1492 694,1492 735,1492 776,1492 817,1493 858,1494 899,1494 940,1496"/>
                <TextEquiv>
                    <Unicode>ter, indifferenter Lackel, der sich — ist's</Unicode>
                </TextEquiv>
            </TextLine>
            <TextLine id="r1l8" custom="readingOrder {index:7;}">
                <Coords points="187,1558 256,1547 313,1580 374,1550 725,1554 857,1579 950,1563 951,1505 187,1503"/>
                <Baseline points="200,1547 236,1548 273,1548 310,1549 347,1550 384,1550 420,1550 457,1550 494,1550 531,1550 568,1550 604,1550 641,1550 678,1550 715,1550 752,1550 788,1550 825,1550 862,1551 899,1551 936,1552"/>
                <TextEquiv>
                    <Unicode>in einen Veteranenverein einschreiben</Unicode>
                </TextEquiv>
            </TextLine>
            <TextLine id="r1l9" custom="readingOrder {index:8;}">
                <Coords points="124,1629 962,1615 962,1557 855,1579 657,1556 596,1581 371,1553 314,1583 124,1522"/>
                <Baseline points="139,1608 179,1608 219,1609 260,1609 300,1609 341,1609 381,1609 422,1609 462,1609 503,1609 543,1609 583,1609 624,1609 664,1609 705,1610 745,1610 786,1610 826,1610 867,1611 907,1611 948,1612"/>
                <TextEquiv>
                    <Unicode>ist's ein Weid, unter dem Schutze der</Unicode>
                </TextEquiv>
            </TextLine>
            <TextLine id="r1l10" custom="readingOrder {index:9;}">
                <Coords points="105,1692 248,1668 663,1700 726,1673 954,1677 954,1616 152,1632 106,1604"/>
                <Baseline points="120,1665 161,1666 202,1666 243,1667 284,1667 325,1667 366,1668 407,1668 448,1668 489,1668 530,1668 571,1668 612,1668 653,1668 694,1668 735,1668 776,1669 817,1669 858,1669 899,1670 940,1670"/>
                <TextEquiv>
                    <Unicode>n der Reuschule Tänze aufführen soll. Er</Unicode>
                </TextEquiv>
            </TextLine>
            <TextLine id="r1l11" custom="readingOrder {index:10;}">
                <Coords points="110,1748 300,1719 448,1754 715,1726 750,1751 962,1747 949,1678 811,1702 726,1674 693,1701 561,1675 111,1682"/>
                <Baseline points="125,1724 166,1724 207,1725 248,1725 289,1725 330,1726 371,1726 413,1726 454,1727 495,1727 536,1727 577,1728 618,1728 659,1728 701,1729 742,1729 783,1730 824,1730 865,1731 906,1731 948,1732"/>
                <TextEquiv>
                    <Unicode>nur den Kasienunterschier, den unsere</Unicode>
                </TextEquiv>
            </TextLine>
            <TextLine id="r1l12" custom="readingOrder {index:11;}">
                <Coords points="148,1799 953,1794 953,1744 925,1733 813,1755 692,1732 437,1756 308,1717 242,1745 148,1736"/>
                <Baseline points="162,1781 200,1783 239,1785 278,1785 317,1786 356,1787 395,1787 434,1787 473,1787 512,1787 551,1787 589,1786 628,1786 667,1786 706,1786 745,1786 784,1786 823,1786 862,1787 901,1787 940,1789"/>
                <TextEquiv>
                    <Unicode>Weltordnung geschaffen, ad absurdum</Unicode>
                </TextEquiv>
            </TextLine>
            <TextLine id="r1l13" custom="readingOrder {index:12;}">
                <Coords points="112,1865 255,1838 313,1866 958,1865 953,1793 113,1805"/>
                <Baseline points="126,1845 166,1845 207,1845 248,1844 289,1844 330,1844 371,1844 412,1844 453,1844 494,1844 535,1844 575,1844 616,1844 657,1844 698,1845 739,1845 780,1846 821,1846 862,1847 903,1847 944,1848"/>
                <TextEquiv>
                    <Unicode>zeigen, daß das Rein=Menschliche sich an</Unicode>
                </TextEquiv>
            </TextLine>
            <TextLine id="r1l14" custom="readingOrder {index:13;}">
                <Coords points="96,1934 310,1902 912,1922 944,1917 945,1854 536,1871 239,1847 184,1869 96,1846"/>
                <Baseline points="111,1898 154,1900 197,1901 240,1902 283,1903 326,1903 369,1903 412,1904 455,1903 498,1903 542,1903 585,1903 628,1903 671,1903 714,1903 757,1904 800,1904 843,1905 886,1906 930,1908"/>
                <TextEquiv>
                    <Unicode>nilen nicht stoßt. Daß dieses Rein=Mensch¬</Unicode>
                </TextEquiv>
            </TextLine>
            <TextLine id="r1l15" custom="readingOrder {index:14;}">
                <Coords points="115,1984 305,1960 749,1988 942,1970 942,1915 862,1937 667,1902 604,1935 552,1907 115,1918"/>
                <Baseline points="130,1959 172,1959 214,1959 256,1960 298,1960 340,1960 382,1960 424,1961 466,1961 508,1961 550,1961 592,1962 634,1962 676,1963 718,1963 760,1963 802,1963 844,1964 886,1964 929,1965"/>
                <TextEquiv>
                    <Unicode>nur bei edel denkenden Menschen — in</Unicode>
                </TextEquiv>
            </TextLine>
            <TextLine id="r1l16" custom="readingOrder {index:15;}">
                <Coords points="93,2027 956,2037 956,1977 885,1960 750,1987 302,1962 94,1981"/>
                <Baseline points="106,2017 147,2018 189,2018 231,2019 273,2019 315,2019 356,2019 398,2019 440,2019 482,2019 524,2019 565,2019 607,2020 649,2020 691,2020 733,2020 774,2021 816,2021 858,2022 900,2023 942,2024"/>
                <TextEquiv>
                    <Unicode>e vom Dichter — mit dem Schimmer</Unicode>
                </TextEquiv>
            </TextLine>
            <TextLine id="r1l17" custom="readingOrder {index:16;}">
                <Coords points="95,2118 156,2091 326,2112 386,2085 944,2110 944,2044 917,2036 96,2028"/>
                <Baseline points="110,2077 151,2076 192,2076 233,2076 274,2076 315,2077 356,2077 397,2078 438,2078 479,2079 520,2079 561,2080 602,2080 643,2081 684,2082 725,2082 766,2082 807,2082 848,2082 889,2082 930,2082"/>
                <TextEquiv>
                    <Unicode>ebeslust verklärt werden kann, ist eben die</Unicode>
                </TextEquiv>
            </TextLine>
            <TextLine id="r1l18" custom="readingOrder {index:17;}">
                <Coords points="107,2212 343,2200 401,2228 574,2205 675,2233 722,2195 782,2226 898,2221 939,2216 940,2139 698,2154 657,2131 539,2163 322,2118 107,2146"/>
                <Baseline points="120,2193 160,2193 200,2193 240,2194 281,2194 321,2194 361,2194 402,2195 442,2195 482,2196 523,2196 563,2196 603,2197 643,2197 684,2198 724,2198 764,2198 805,2199 845,2199 885,2199 926,2199"/>
                <TextEquiv>
                    <Unicode>schlechtlichen Vorgänge an sich sind Aus¬</Unicode>
                </TextEquiv>
            </TextLine>
            <TextLine id="r1l19" custom="readingOrder {index:18;}">
                <Coords points="106,2267 955,2277 955,2225 914,2213 675,2233 620,2208 107,2212"/>
                <Baseline points="120,2249 161,2251 202,2251 243,2252 284,2253 325,2254 366,2254 407,2255 448,2255 489,2255 530,2255 571,2255 612,2256 653,2256 694,2256 735,2256 776,2257 817,2257 858,2257 899,2258 940,2259"/>
                <TextEquiv>
                    <Unicode>atur und die ekelerregende oder banale</Unicode>
                </TextEquiv>
            </TextLine>
            <TextLine id="r1l20" custom="readingOrder {index:19;}">
                <Coords points="93,2343 351,2318 653,2337 779,2316 818,2339 925,2326 953,2282 93,2264"/>
                <Baseline points="106,2308 147,2309 189,2310 230,2311 272,2312 314,2312 355,2313 397,2314 438,2314 480,2315 522,2315 563,2316 605,2316 646,2316 688,2316 730,2316 771,2316 813,2316 854,2316 896,2315 938,2315"/>
                <TextEquiv>
                    <Unicode>ben, die uns anstößig erscheint und es</Unicode>
                </TextEquiv>
            </TextLine>
            <TextLine id="r1l21" custom="readingOrder {index:20;}">
                <Coords points="77,2370 170,2412 393,2377 769,2378 950,2417 951,2321 616,2347 77,2324"/>
                <Baseline points="91,2376 133,2374 175,2373 218,2372 260,2372 302,2372 345,2372 387,2372 429,2372 472,2373 514,2373 556,2374 599,2375 641,2375 683,2375 726,2376 768,2376 810,2375 853,2375 895,2374 938,2373"/>
                <TextEquiv>
                    <Unicode>h ist, nur die Wirkung unserer sozialen</Unicode>
                </TextEquiv>
            </TextLine>
            <TextLine id="r1l22" custom="readingOrder {index:21;}">
                <Coords points="108,2506 929,2515 946,2425 861,2452 762,2418 553,2444 108,2412"/>
                <Baseline points="122,2487 162,2487 203,2487 243,2487 284,2487 324,2487 365,2487 405,2487 446,2488 486,2488 527,2488 567,2489 608,2489 648,2490 689,2490 729,2491 770,2491 810,2492 851,2492 891,2493 932,2494"/>
                <TextEquiv>
                    <Unicode>iße Mädel! Warum ist diese Bezeichnung</Unicode>
                </TextEquiv>
            </TextLine>
            <TextLine id="r1l23" custom="readingOrder {index:22;}">
                <Coords points="117,2561 864,2569 941,2556 942,2512 118,2511"/>
                <Baseline points="130,2548 169,2547 209,2547 249,2546 289,2546 329,2546 369,2546 408,2546 448,2546 488,2547 528,2547 568,2548 608,2548 648,2549 687,2549 727,2550 767,2551 807,2551 847,2551 887,2552 927,2552"/>
                <TextEquiv>
                    <Unicode>gekommen? Weil so ein liebes, herziges</Unicode>
                </TextEquiv>
            </TextLine>
            <TextLine id="r1l24" custom="readingOrder {index:23;}">
                <Coords points="123,2607 949,2635 949,2560 914,2555 123,2566"/>
                <Baseline points="135,2604 175,2604 215,2603 255,2603 295,2603 335,2604 375,2604 415,2604 455,2605 495,2605 535,2605 575,2606 615,2607 655,2607 695,2607 735,2607 775,2608 815,2608 855,2607 895,2607 935,2607"/>
                <TextEquiv>
                    <Unicode>wenn es den Blütenstaub der materiellen</Unicode>
                </TextEquiv>
            </TextLine>
            <TextLine id="r1l25" custom="readingOrder {index:24;}">
                <Coords points="104,2678 945,2693 945,2633 868,2616 772,2632 640,2607 549,2642 525,2617 308,2602 105,2612"/>
                <Baseline points="117,2665 157,2664 198,2663 239,2663 279,2663 320,2663 361,2664 401,2664 442,2665 483,2665 524,2665 564,2666 605,2667 646,2667 686,2667 727,2667 768,2667 808,2667 849,2666 890,2666 931,2665"/>
                <TextEquiv>
                    <Unicode>gestreift, wirklich süß und begehrenswert</Unicode>
                </TextEquiv>
            </TextLine>
            <TextLine id="r1l26" custom="readingOrder {index:25;}">
                <Coords points="116,2747 945,2739 946,2689 668,2666 116,2689"/>
                <Baseline points="130,2724 170,2723 210,2723 250,2722 290,2722 330,2722 370,2722 410,2722 450,2722 490,2722 531,2722 571,2723 611,2723 651,2723 691,2724 731,2724 771,2724 811,2725 851,2725 891,2725 932,2726"/>
                <TextEquiv>
                    <Unicode> zum Spielballe des Erstbesten wird, der</Unicode>
                </TextEquiv>
            </TextLine>
            <TextLine id="r1l27" custom="readingOrder {index:26;}">
                <Coords points="141,2786 949,2787 949,2740 142,2737"/>
                <Baseline points="154,2777 193,2778 232,2779 271,2779 310,2780 349,2780 388,2781 427,2781 466,2782 505,2782 544,2782 583,2783 622,2783 661,2783 700,2783 739,2784 778,2784 817,2785 856,2785 895,2786 934,2787"/>
                <TextEquiv>
                    <Unicode>die trauliche Liebeszweisamkeit zwischen</Unicode>
                </TextEquiv>
            </TextLine>
            <TextLine id="r1l28" custom="readingOrder {index:27;}">
                <Coords points="97,2854 789,2868 882,2847 943,2870 943,2793 921,2790 97,2794"/>
                <Baseline points="110,2834 151,2836 192,2836 233,2837 274,2838 315,2838 356,2839 397,2839 438,2839 479,2840 520,2840 561,2840 602,2840 643,2841 684,2841 725,2841 766,2841 807,2842 848,2842 889,2842 930,2843"/>
                <TextEquiv>
                    <Unicode>änden eines Separtes oder in den Räumen</Unicode>
                </TextEquiv>
            </TextLine>
            <TextLine id="r1l29" custom="readingOrder {index:28;}">
                <Coords points="99,2914 898,2921 944,2910 945,2869 99,2851"/>
                <Baseline points="112,2897 153,2898 194,2898 235,2898 276,2898 317,2899 358,2899 399,2899 440,2899 481,2899 522,2899 563,2899 604,2899 645,2899 686,2900 727,2900 768,2900 809,2901 850,2901 891,2902 932,2903"/>
                <TextEquiv>
                    <Unicode>giquartiers zu bezahlen und daß das süße</Unicode>
                </TextEquiv>
            </TextLine>
            <TextLine id="r1l30" custom="readingOrder {index:29;}">
                <Coords points="93,2970 774,2962 914,2988 947,2981 948,2906 93,2912"/>
                <Baseline points="107,2950 148,2952 189,2954 230,2955 272,2956 313,2957 354,2958 396,2958 437,2958 478,2959 520,2959 561,2959 602,2959 643,2959 685,2959 726,2959 767,2959 809,2960 850,2960 891,2961 933,2962"/>
                <TextEquiv>
                    <Unicode>immer Süßigkeit für den ist, der es sicht</Unicode>
                </TextEquiv>
            </TextLine>
            <TextLine id="r1l31" custom="readingOrder {index:30;}">
                <Coords points="93,3022 514,3018 878,3064 936,3040 937,2993 775,2964 94,2970"/>
                <Baseline points="106,3010 146,3012 187,3014 228,3015 269,3016 310,3016 350,3017 391,3018 432,3018 473,3018 514,3018 554,3019 595,3019 636,3019 677,3019 718,3019 758,3020 799,3020 840,3021 881,3022 922,3023"/>
                <TextEquiv>
                    <Unicode>r damit kaust, daß er die Gelegenheit bezah,</Unicode>
                </TextEquiv>
            </TextLine>
            <TextEquiv>
                <Unicode>11. Reige
ereiten.
des Verfassers etreicht werden soll. Der
Dichters ist es ja nicht, mit den einzelnen
zenen die Sinne des Lesers zu kitzein. Wer
ndiesem Sinne liest, ist einfach ein Trottel,
ter, indifferenter Lackel, der sich — ist's
in einen Veteranenverein einschreiben
ist's ein Weid, unter dem Schutze der
n der Reuschule Tänze aufführen soll. Er
nur den Kasienunterschier, den unsere
Weltordnung geschaffen, ad absurdum
zeigen, daß das Rein=Menschliche sich an
nilen nicht stoßt. Daß dieses Rein=Mensch¬
nur bei edel denkenden Menschen — in
e vom Dichter — mit dem Schimmer
ebeslust verklärt werden kann, ist eben die
schlechtlichen Vorgänge an sich sind Aus¬
atur und die ekelerregende oder banale
ben, die uns anstößig erscheint und es
h ist, nur die Wirkung unserer sozialen
iße Mädel! Warum ist diese Bezeichnung
gekommen? Weil so ein liebes, herziges
wenn es den Blütenstaub der materiellen
gestreift, wirklich süß und begehrenswert
 zum Spielballe des Erstbesten wird, der
die trauliche Liebeszweisamkeit zwischen
änden eines Separtes oder in den Räumen
giquartiers zu bezahlen und daß das süße
immer Süßigkeit für den ist, der es sicht
r damit kaust, daß er die Gelegenheit bezah,</Unicode>
            </TextEquiv>
        </TextRegion>
        <TextRegion orientation="0.0" id="r2" custom="readingOrder {index:1;}">
            <Coords points="930,163 930,3054 3198,3054 3198,163"/>
            <TextLine id="r2l1" custom="readingOrder {index:0;}">
                <Coords points="916,224 1004,234 1114,222 1144,236 1221,226 1254,238 1276,224 1303,239 1334,228 1335,132 1302,137 1267,117 1231,117 1198,138 918,139"/>
                <Baseline points="930,191 956,191 982,192 1008,192 1034,193 1060,194 1086,195 1112,195 1138,196 1164,197 1190,197 1216,197 1242,197 1268,197 1294,196 1320,195"/>
                <TextEquiv>
                    <Unicode>box 17/1</Unicode>
                </TextEquiv>
            </TextLine>
            <TextLine id="r2l2" custom="readingOrder {index:1;}">
                <Coords points="998,1192 2086,1193 2086,1094 1713,1120 1633,1092 1487,1132 999,1113"/>
                <Baseline points="1011,1172 1064,1172 1117,1173 1170,1174 1223,1174 1276,1175 1329,1175 1382,1175 1435,1175 1488,1176 1541,1176 1594,1176 1647,1176 1700,1176 1753,1176 1806,1177 1859,1177 1912,1178 1965,1178 2018,1179 2072,1180"/>
                <TextEquiv>
                    <Unicode>Gruseln gelesen haben, wie bei einer erfolgreichen</Unicode>
                </TextEquiv>
            </TextLine>
            <TextLine id="r2l3" custom="readingOrder {index:2;}">
                <Coords points="1024,1289 3191,1297 3191,1234 2543,1247 2368,1182 2027,1245 1025,1228"/>
                <Baseline points="1037,1270 1144,1269 1251,1269 1358,1270 1465,1271 1572,1272 1679,1273 1786,1275 1893,1277 2000,1279 2107,1280 2214,1282 2321,1283 2428,1285 2535,1285 2642,1286 2749,1286 2856,1285 2963,1284 3070,1281 3178,1278"/>
                <TextEquiv>
                    <Unicode>nd dieses süße Mädel nur unter den einigermaßen nicht: Bruder in „tristo“) — wie solltest du ihm es</Unicode>
                </TextEquiv>
            </TextLine>
            <TextLine id="r2l4" custom="readingOrder {index:3;}">
                <Coords points="989,1354 3210,1369 3211,1281 989,1282"/>
                <Baseline points="1002,1329 1111,1329 1221,1328 1331,1329 1441,1329 1551,1330 1660,1332 1770,1333 1880,1335 1990,1336 2100,1338 2209,1339 2319,1341 2429,1342 2539,1343 2649,1343 2758,1343 2868,1343 2978,1342 3088,1340 3198,1338"/>
                <TextEquiv>
                    <Unicode>kapitals kräftigen Unternehmungslustigen wählen kann=Dneiden? Das Dichterhandwerk hat wohl einen</Unicode>
                </TextEquiv>
            </TextLine>
            <TextLine id="r2l5" custom="readingOrder {index:4;}">
                <Coords points="988,1401 2073,1401 2073,1341 989,1354"/>
                <Baseline points="1001,1386 1056,1386 1112,1386 1168,1387 1223,1387 1279,1387 1335,1387 1391,1388 1446,1388 1502,1388 1558,1389 1614,1389 1669,1390 1725,1391 1781,1391 1837,1392 1892,1392 1948,1393 2004,1394 2060,1395"/>
                <TextEquiv>
                    <Unicode>und es ganz ausgeschlossen erscheint, daß auch ein</Unicode>
                </TextEquiv>
            </TextLine>
            <TextLine id="r2l6" custom="readingOrder {index:5;}">
                <Coords points="2103,1421 3155,1423 3193,1411 3193,1356 2103,1369"/>
                <Baseline points="2118,1404 2171,1403 2224,1402 2277,1402 2330,1401 2383,1401 2436,1401 2489,1401 2542,1401 2595,1401 2648,1401 2701,1401 2754,1401 2807,1401 2860,1401 2913,1401 2966,1400 3019,1400 3072,1399 3125,1398 3179,1397"/>
                <TextEquiv>
                    <Unicode>goldenen Boden, aber der Dichter, der seinem Brot¬</Unicode>
                </TextEquiv>
            </TextLine>
            <TextLine id="r2l7" custom="readingOrder {index:6;}">
                <Coords points="994,1462 2077,1461 2044,1403 995,1396"/>
                <Baseline points="1009,1446 1061,1445 1114,1445 1167,1444 1220,1444 1272,1444 1325,1445 1378,1445 1431,1446 1483,1446 1536,1447 1589,1447 1642,1448 1694,1449 1747,1450 1800,1451 1853,1451 1905,1452 1958,1452 2011,1452 2064,1453"/>
                <TextEquiv>
                    <Unicode>Arbeitsstlave erfahren könnte, wie so ein süßes Mädel</Unicode>
                </TextEquiv>
            </TextLine>
            <TextLine id="r2l8" custom="readingOrder {index:7;}">
                <Coords points="2101,1481 3197,1474 3196,1422 3073,1414 2101,1420"/>
                <Baseline points="2115,1465 2168,1464 2221,1463 2275,1462 2328,1461 2381,1460 2435,1460 2488,1460 2541,1460 2595,1460 2648,1460 2701,1460 2755,1460 2808,1460 2861,1460 2915,1460 2968,1460 3021,1460 3075,1459 3128,1459 3182,1458"/>
                <TextEquiv>
                    <Unicode>geber, dem Verleger, nicht parieren will, liegt gerade¬</Unicode>
                </TextEquiv>
            </TextLine>
            <TextLine id="r2l9" custom="readingOrder {index:8;}">
                <Coords points="996,1528 1853,1535 1963,1513 1963,1461 996,1462"/>
                <Baseline points="1010,1505 1056,1505 1103,1505 1150,1504 1197,1504 1244,1504 1291,1504 1338,1504 1385,1504 1432,1505 1479,1505 1525,1505 1572,1505 1619,1506 1666,1506 1713,1506 1760,1507 1807,1507 1854,1508 1901,1508 1948,1508"/>
                <TextEquiv>
                    <Unicode>schmeckt, das ist das korrupte bei der Geschichte.</Unicode>
                </TextEquiv>
            </TextLine>
            <TextLine id="r2l10" custom="readingOrder {index:9;}">
                <Coords points="2101,1545 2556,1551 2724,1510 2793,1545 3194,1544 3193,1475 3103,1464 2100,1479"/>
                <Baseline points="2113,1524 2166,1522 2219,1521 2272,1520 2326,1519 2379,1519 2432,1518 2486,1518 2539,1518 2592,1518 2646,1518 2699,1518 2752,1518 2805,1518 2859,1518 2912,1518 2965,1518 3019,1518 3072,1518 3125,1518 3179,1517"/>
                <TextEquiv>
                    <Unicode>so auf der Straße wie ihr. Schnitzler hat seinen</Unicode>
                </TextEquiv>
            </TextLine>
            <TextLine id="r2l11" custom="readingOrder {index:10;}">
                <Coords points="1098,1570 1256,1605 1589,1575 1888,1608 2015,1598 2064,1577 2065,1535 1098,1513"/>
                <Baseline points="1110,1562 1157,1562 1204,1562 1251,1563 1298,1563 1345,1564 1392,1564 1439,1564 1486,1565 1533,1565 1580,1566 1627,1566 1674,1567 1721,1567 1768,1568 1815,1568 1862,1569 1909,1569 1956,1569 2003,1570 2050,1570"/>
                <TextEquiv>
                    <Unicode>Sie praktizieren die freie Liebe und uns höhnen</Unicode>
                </TextEquiv>
            </TextLine>
            <TextLine id="r2l12" custom="readingOrder {index:11;}">
                <Coords points="2102,1604 3198,1585 3197,1542 2791,1545 2742,1510 2102,1544"/>
                <Baseline points="2115,1583 2168,1581 2221,1579 2275,1578 2328,1577 2382,1576 2435,1576 2488,1576 2542,1576 2595,1576 2649,1576 2702,1577 2755,1577 2809,1577 2862,1578 2916,1578 2969,1578 3022,1577 3076,1577 3129,1576 3183,1574"/>
                <TextEquiv>
                    <Unicode>„Reigen“ im Winter 1896/97 geschrieben. Warum¬</Unicode>
                </TextEquiv>
            </TextLine>
            <TextLine id="r2l13" custom="readingOrder {index:12;}">
                <Coords points="992,1645 1014,1644 1025,1633 1083,1645 1101,1628 1124,1633 1135,1644 1143,1635 1157,1640 1167,1629 1184,1631 1182,1576 1158,1582 1133,1569 1111,1570 1089,1590 1067,1574 1037,1580 1009,1567 990,1568"/>
                <Baseline points="1004,1626 1031,1622 1059,1620 1087,1619 1115,1619 1143,1620 1171,1619"/>
                <TextEquiv>
                    <Unicode>sie damit.</Unicode>
                </TextEquiv>
            </TextLine>
            <TextLine id="r2l14" custom="readingOrder {index:13;}">
                <Coords points="2107,1643 3016,1661 3184,1638 3184,1589 2107,1602"/>
                <Baseline points="2122,1637 2174,1636 2226,1636 2279,1636 2331,1636 2384,1636 2436,1636 2489,1636 2541,1636 2594,1636 2646,1636 2698,1636 2751,1636 2803,1636 2856,1636 2908,1636 2961,1636 3013,1635 3066,1634 3118,1633 3171,1632"/>
                <TextEquiv>
                    <Unicode>erschien das Buch erst solange danach? Kein Ver¬</Unicode>
                </TextEquiv>
            </TextLine>
            <TextLine id="r2l15" custom="readingOrder {index:14;}">
                <Coords points="1085,1694 2074,1714 2074,1635 1992,1609 1934,1636 1718,1609 1599,1644 1366,1620 1335,1650 1086,1628"/>
                <Baseline points="1100,1678 1148,1679 1196,1680 1244,1680 1292,1681 1340,1681 1388,1682 1436,1682 1484,1682 1532,1682 1580,1682 1628,1683 1676,1683 1724,1683 1772,1684 1820,1684 1868,1685 1916,1686 1964,1687 2012,1689 2060,1691"/>
                <TextEquiv>
                    <Unicode>Denn, wenn der „Reigen“ schon nachweist, daß sich</Unicode>
                </TextEquiv>
            </TextLine>
            <TextLine id="r2l16" custom="readingOrder {index:15;}">
                <Coords points="2109,1705 3202,1726 3202,1630 2974,1663 2109,1650"/>
                <Baseline points="2122,1698 2175,1697 2228,1696 2281,1695 2335,1694 2388,1694 2441,1693 2494,1693 2548,1693 2601,1693 2654,1693 2707,1694 2761,1694 2814,1694 2867,1694 2920,1695 2974,1695 3027,1695 3080,1694 3133,1694 3187,1693"/>
                <TextEquiv>
                    <Unicode>leger hätte es damals drucken lassen, wenn er nicht</Unicode>
                </TextEquiv>
            </TextLine>
            <TextLine id="r2l17" custom="readingOrder {index:16;}">
                <Coords points="988,1747 2048,1764 2073,1715 988,1681"/>
                <Baseline points="1002,1737 1054,1737 1107,1738 1160,1738 1213,1738 1266,1739 1319,1739 1372,1739 1425,1740 1478,1740 1531,1740 1583,1741 1636,1741 1689,1742 1742,1742 1795,1743 1848,1743 1901,1744 1954,1745 2007,1746 2060,1746"/>
                <TextEquiv>
                    <Unicode>alles im Reigen dreht, warum soll dann der, der die</Unicode>
                </TextEquiv>
            </TextLine>
            <TextLine id="r2l18" custom="readingOrder {index:17;}">
                <Coords points="988,1820 2018,1823 2059,1810 2060,1763 989,1746"/>
                <Baseline points="1003,1797 1055,1797 1107,1797 1159,1796 1211,1796 1263,1796 1315,1797 1367,1797 1419,1797 1471,1798 1524,1798 1576,1799 1628,1799 1680,1800 1732,1800 1784,1801 1836,1802 1888,1802 1940,1803 1992,1804 2045,1804"/>
                <TextEquiv>
                    <Unicode>Dekoration für die Räume des verseinerten Lebens¬</Unicode>
                </TextEquiv>
            </TextLine>
            <TextLine id="r2l19" custom="readingOrder {index:18;}">
                <Coords points="2111,1830 3182,1834 3182,1765 2111,1770"/>
                <Baseline points="2124,1813 2176,1813 2228,1813 2280,1813 2332,1812 2385,1812 2437,1812 2489,1812 2541,1812 2593,1812 2646,1812 2698,1812 2750,1812 2802,1812 2854,1812 2907,1812 2959,1812 3011,1813 3063,1813 3115,1814 3168,1815"/>
                <TextEquiv>
                    <Unicode>Auflage von 200 für seine Freunde drucken zu lassen,</Unicode>
                </TextEquiv>
            </TextLine>
            <TextLine id="r2l20" custom="readingOrder {index:19;}">
                <Coords points="990,1874 1940,1883 2067,1866 2067,1809 990,1824"/>
                <Baseline points="1003,1860 1055,1859 1107,1858 1160,1857 1212,1856 1265,1856 1317,1855 1370,1855 1422,1856 1475,1856 1527,1856 1579,1857 1632,1857 1684,1858 1737,1858 1789,1859 1842,1860 1894,1860 1947,1860 1999,1861 2052,1861"/>
                <TextEquiv>
                    <Unicode>genusses liefert, nur unten am Schlammboden der</Unicode>
                </TextEquiv>
            </TextLine>
            <TextLine id="r2l21" custom="readingOrder {index:20;}">
                <Coords points="2100,1879 3187,1887 3187,1832 3132,1824 2100,1830"/>
                <Baseline points="2113,1873 2166,1873 2219,1872 2272,1872 2325,1872 2378,1871 2431,1871 2484,1871 2537,1871 2590,1870 2643,1870 2696,1870 2749,1870 2802,1870 2855,1870 2908,1871 2961,1871 3014,1871 3067,1872 3120,1872 3174,1873"/>
                <TextEquiv>
                    <Unicode>die daun, wie bei uns die Vertrauensmänner, den</Unicode>
                </TextEquiv>
            </TextLine>
            <TextLine id="r2l22" custom="readingOrder {index:21;}">
                <Coords points="987,1926 2047,1945 2067,1876 987,1874"/>
                <Baseline points="1002,1913 1054,1913 1107,1914 1159,1914 1212,1914 1264,1914 1317,1914 1369,1915 1422,1915 1474,1915 1527,1916 1579,1916 1632,1917 1684,1917 1737,1918 1789,1919 1842,1919 1894,1921 1947,1921 1999,1923 2052,1924"/>
                <TextEquiv>
                    <Unicode>Liebe unter freiem Himmel oder im Proletarierehejoch</Unicode>
                </TextEquiv>
            </TextLine>
            <TextLine id="r2l23" custom="readingOrder {index:22;}">
                <Coords points="2105,1940 3105,1971 3193,1938 3193,1891 3099,1878 2105,1891"/>
                <Baseline points="2118,1931 2171,1931 2224,1930 2277,1930 2330,1930 2383,1930 2436,1930 2489,1930 2542,1930 2595,1930 2648,1930 2701,1930 2754,1930 2807,1930 2860,1930 2913,1930 2966,1931 3019,1931 3072,1931 3125,1931 3178,1931"/>
                <TextEquiv>
                    <Unicode>nötigen Druck ausübten, heute noch würde das Manu¬</Unicode>
                </TextEquiv>
            </TextLine>
            <TextLine id="r2l24" custom="readingOrder {index:23;}">
                <Coords points="988,1987 1521,1983 1581,2014 1828,1985 1952,2019 2065,1992 2065,1943 1933,1925 1488,1952 1365,1916 988,1924"/>
                <Baseline points="1002,1973 1054,1973 1107,1972 1159,1972 1212,1973 1264,1973 1317,1973 1369,1974 1422,1974 1474,1975 1527,1975 1579,1976 1632,1976 1684,1977 1737,1977 1789,1977 1842,1978 1894,1978 1947,1978 1999,1979 2052,1979"/>
                <TextEquiv>
                    <Unicode>oben in der Dachkammer tanzen? Auch das ist eine</Unicode>
                </TextEquiv>
            </TextLine>
            <TextLine id="r2l25" custom="readingOrder {index:24;}">
                <Coords points="2109,2024 2219,1991 2340,2016 2595,1999 2626,2021 2659,1996 2843,1999 2843,1958 2799,1944 2109,1944"/>
                <Baseline points="2123,1990 2158,1990 2193,1989 2229,1989 2264,1988 2299,1988 2335,1988 2370,1988 2405,1987 2441,1987 2476,1987 2511,1987 2547,1987 2582,1987 2617,1988 2653,1988 2688,1988 2723,1989 2759,1989 2794,1990 2830,1990"/>
                <TextEquiv>
                    <Unicode>skript in Schnitzlers Tischlade liegen.</Unicode>
                </TextEquiv>
            </TextLine>
            <TextLine id="r2l26" custom="readingOrder {index:25;}">
                <Coords points="976,2044 2072,2048 2072,2001 1998,1987 1946,2014 976,1978"/>
                <Baseline points="989,2033 1042,2033 1096,2033 1149,2033 1203,2033 1256,2033 1310,2033 1363,2033 1417,2034 1470,2034 1524,2034 1577,2034 1631,2035 1684,2035 1738,2036 1791,2036 1845,2037 1898,2038 1952,2038 2005,2039 2059,2040"/>
                <TextEquiv>
                    <Unicode>soziale Frage! Die mächtigste — meine ich. — „Wie</Unicode>
                </TextEquiv>
            </TextLine>
            <TextLine id="r2l27" custom="readingOrder {index:26;}">
                <Coords points="2199,2064 3193,2059 3193,2015 3034,1979 2959,2012 2660,1997 2627,2022 2199,1995"/>
                <Baseline points="2212,2047 2260,2046 2308,2046 2357,2046 2405,2046 2454,2046 2502,2047 2550,2047 2599,2047 2647,2048 2696,2048 2744,2048 2792,2049 2841,2049 2889,2049 2938,2049 2986,2049 3034,2049 3083,2048 3131,2048 3180,2047"/>
                <TextEquiv>
                    <Unicode>Warum das Buch so teuer ist? Das Publikum</Unicode>
                </TextEquiv>
            </TextLine>
            <TextLine id="r2l28" custom="readingOrder {index:27;}">
                <Coords points="981,2107 1871,2096 1956,2127 2055,2095 2011,2048 981,2047"/>
                <Baseline points="995,2090 1047,2090 1099,2090 1152,2090 1204,2091 1256,2091 1309,2091 1361,2091 1413,2092 1466,2092 1518,2092 1570,2093 1623,2093 1675,2094 1727,2094 1780,2094 1832,2095 1884,2095 1937,2095 1989,2096 2042,2096"/>
                <TextEquiv>
                    <Unicode>die Hunde auf der Straße möchten sie es machen!“</Unicode>
                </TextEquiv>
            </TextLine>
            <TextLine id="r2l29" custom="readingOrder {index:28;}">
                <Coords points="2100,2123 3180,2133 3155,2054 2647,2054 2584,2085 2463,2049 2100,2063"/>
                <Baseline points="2115,2107 2167,2106 2220,2106 2272,2106 2325,2106 2378,2106 2430,2106 2483,2106 2535,2106 2588,2106 2641,2106 2693,2107 2746,2107 2798,2107 2851,2107 2904,2106 2956,2106 3009,2106 3061,2105 3114,2104 3167,2103"/>
                <TextEquiv>
                    <Unicode>schreit nach dem Buch — Schnitzler verlangt — wie</Unicode>
                </TextEquiv>
            </TextLine>
            <TextLine id="r2l30" custom="readingOrder {index:29;}">
                <Coords points="981,2159 1972,2184 2055,2168 2056,2102 1951,2128 1874,2097 982,2107"/>
                <Baseline points="995,2150 1047,2149 1099,2149 1151,2149 1204,2149 1256,2149 1308,2149 1361,2149 1413,2150 1465,2150 1518,2151 1570,2151 1622,2152 1674,2153 1727,2154 1779,2155 1831,2156 1884,2157 1936,2158 1988,2160 2041,2161"/>
                <TextEquiv>
                    <Unicode>höre ich da unser sittsames Spießervolk schreien. „Ihr,</Unicode>
                </TextEquiv>
            </TextLine>
            <TextLine id="r2l31" custom="readingOrder {index:30;}">
                <Coords points="981,2215 2066,2228 2066,2165 981,2160"/>
                <Baseline points="995,2208 1047,2208 1100,2208 1153,2208 1206,2208 1259,2208 1312,2208 1364,2209 1417,2209 1470,2209 1523,2210 1576,2211 1629,2211 1682,2212 1734,2212 1787,2213 1840,2213 1893,2213 1946,2214 1999,2214 2052,2214"/>
                <TextEquiv>
                    <Unicode>ihr habt doch an jeder Straßenecke ein Haus, in das</Unicode>
                </TextEquiv>
            </TextLine>
            <TextLine id="r2l32" custom="readingOrder {index:31;}">
                <Coords points="2099,2234 2583,2219 2984,2256 3187,2229 3187,2179 3083,2174 2100,2184"/>
                <Baseline points="2114,2222 2167,2222 2220,2222 2273,2222 2326,2222 2379,2222 2432,2223 2485,2223 2538,2224 2591,2224 2644,2224 2697,2225 2750,2225 2803,2225 2856,2225 2909,2225 2962,2225 3015,2225 3068,2224 3121,2224 3174,2223"/>
                <TextEquiv>
                    <Unicode>will bei der Geschichte eben auch die günstige Kon¬</Unicode>
                </TextEquiv>
            </TextLine>
            <TextLine id="r2l33" custom="readingOrder {index:32;}">
                <Coords points="985,2290 2059,2281 2054,2226 985,2221"/>
                <Baseline points="999,2266 1051,2266 1103,2266 1156,2267 1208,2267 1260,2267 1313,2267 1365,2267 1417,2268 1470,2268 1522,2268 1574,2268 1627,2269 1679,2269 1731,2270 1784,2270 1836,2271 1888,2272 1941,2273 1993,2274 2046,2275"/>
                <TextEquiv>
                    <Unicode>ihr mit „ehrbarer“ Miene schleicht und aus dem ihr</Unicode>
                </TextEquiv>
            </TextLine>
            <TextLine id="r2l34" custom="readingOrder {index:33;}">
                <Coords points="2090,2295 3186,2300 3186,2243 3068,2229 2969,2264 2887,2228 2090,2229"/>
                <Baseline points="2105,2281 2158,2281 2211,2281 2265,2281 2318,2281 2371,2281 2425,2281 2478,2281 2531,2282 2585,2282 2638,2282 2691,2282 2745,2283 2798,2283 2851,2283 2905,2283 2958,2283 3011,2283 3065,2283 3118,2282 3172,2282"/>
                <TextEquiv>
                    <Unicode>junktur, wie man in der Profitsprache sagt, ausnützen.</Unicode>
                </TextEquiv>
            </TextLine>
            <TextLine id="r2l35" custom="readingOrder {index:34;}">
                <Coords points="982,2340 2026,2349 2051,2286 983,2288"/>
                <Baseline points="997,2323 1049,2323 1101,2323 1153,2324 1205,2324 1257,2324 1309,2325 1361,2325 1413,2326 1465,2326 1517,2327 1569,2327 1621,2328 1673,2328 1725,2329 1777,2329 1829,2330 1881,2330 1933,2330 1985,2331 2038,2331"/>
                <TextEquiv>
                    <Unicode>mit einem saunischen Lächeln auf den Lippen heraus¬</Unicode>
                </TextEquiv>
            </TextLine>
            <TextLine id="r2l36" custom="readingOrder {index:35;}">
                <Coords points="2091,2355 3022,2363 3179,2349 3179,2299 2091,2300"/>
                <Baseline points="2104,2340 2157,2340 2210,2340 2263,2340 2316,2340 2369,2340 2422,2340 2475,2340 2528,2340 2581,2340 2635,2340 2688,2340 2741,2341 2794,2341 2847,2340 2900,2340 2953,2340 3006,2340 3059,2339 3112,2339 3166,2338"/>
                <TextEquiv>
                    <Unicode>und für sich wenigstens ebensoviel als der Dichter be¬</Unicode>
                </TextEquiv>
            </TextLine>
            <TextLine id="r2l37" custom="readingOrder {index:36;}">
                <Coords points="984,2392 2050,2403 2050,2348 1992,2339 985,2337"/>
                <Baseline points="998,2380 1049,2382 1101,2383 1153,2384 1205,2385 1257,2386 1309,2386 1361,2386 1413,2387 1465,2387 1517,2387 1568,2387 1620,2387 1672,2387 1724,2387 1776,2387 1828,2387 1880,2387 1932,2388 1984,2388 2036,2389"/>
                <TextEquiv>
                    <Unicode>tretet.“ Es ist ganz gut, daß Arthur Schnitzler dem</Unicode>
                </TextEquiv>
            </TextLine>
            <TextLine id="r2l38" custom="readingOrder {index:37;}">
                <Coords points="2093,2410 3181,2406 3181,2359 3115,2348 2252,2378 2093,2353"/>
                <Baseline points="2107,2396 2162,2397 2218,2398 2274,2399 2329,2400 2385,2400 2441,2401 2497,2401 2552,2401 2608,2401 2664,2401 2720,2401 2775,2401 2831,2400 2887,2400 2943,2400 2998,2399 3054,2399 3110,2399 3166,2398"/>
                <TextEquiv>
                    <Unicode>kommt, herausschlagen. Fraget nur einen Genossen¬</Unicode>
                </TextEquiv>
            </TextLine>
            <TextLine id="r2l39" custom="readingOrder {index:38;}">
                <Coords points="980,2455 2023,2469 2057,2417 980,2392"/>
                <Baseline points="994,2441 1046,2441 1098,2441 1151,2441 1203,2441 1256,2441 1308,2441 1360,2442 1413,2442 1465,2443 1518,2443 1570,2444 1622,2445 1675,2445 1727,2446 1780,2446 1832,2447 1884,2447 1937,2447 1989,2448 2042,2448"/>
                <TextEquiv>
                    <Unicode>Proletarier, der den Grasen füglich als Schwager an¬</Unicode>
                </TextEquiv>
            </TextLine>
            <TextLine id="r2l40" custom="readingOrder {index:39;}">
                <Coords points="2093,2465 3192,2463 3159,2403 3057,2436 3030,2408 2563,2435 2093,2410"/>
                <Baseline points="2107,2456 2160,2457 2214,2457 2267,2457 2321,2458 2374,2458 2428,2458 2481,2458 2535,2458 2588,2458 2642,2458 2696,2458 2749,2458 2803,2458 2856,2458 2910,2458 2963,2458 3017,2458 3070,2458 3124,2458 3178,2457"/>
                <TextEquiv>
                    <Unicode>Buchdrucker, der wird euch schon die Sache klar</Unicode>
                </TextEquiv>
            </TextLine>
            <TextLine id="r2l41" custom="readingOrder {index:40;}">
                <Coords points="982,2516 2054,2510 2054,2474 1985,2457 983,2453"/>
                <Baseline points="995,2498 1047,2498 1099,2499 1151,2499 1204,2499 1256,2499 1308,2500 1361,2500 1413,2500 1465,2501 1518,2501 1570,2502 1622,2502 1674,2503 1727,2503 1779,2504 1831,2505 1884,2505 1936,2506 1988,2507 2041,2508"/>
                <TextEquiv>
                    <Unicode>reden kann, die Uniform des gemeinen Soldaten ange¬</Unicode>
                </TextEquiv>
            </TextLine>
            <TextLine id="r2l42" custom="readingOrder {index:41;}">
                <Coords points="2101,2520 3180,2539 3180,2465 2101,2471"/>
                <Baseline points="2113,2515 2165,2515 2218,2516 2270,2516 2323,2516 2376,2516 2428,2516 2481,2516 2533,2516 2586,2516 2639,2516 2691,2516 2744,2516 2796,2516 2849,2516 2902,2516 2954,2517 3007,2517 3059,2518 3112,2518 3165,2520"/>
                <TextEquiv>
                    <Unicode>machen. In der Welt, die vom Mehrwert lebt, gehr</Unicode>
                </TextEquiv>
            </TextLine>
            <TextLine id="r2l43" custom="readingOrder {index:42;}">
                <Coords points="977,2573 2065,2590 2065,2524 2032,2516 978,2513"/>
                <Baseline points="990,2562 1043,2561 1096,2560 1149,2559 1202,2559 1255,2559 1308,2559 1361,2559 1414,2559 1467,2560 1521,2560 1574,2561 1627,2562 1680,2563 1733,2563 1786,2564 1839,2564 1892,2564 1945,2564 1998,2564 2052,2564"/>
                <TextEquiv>
                    <Unicode>zogen hat; wenigstens weiß er, wozu er in dieser</Unicode>
                </TextEquiv>
            </TextLine>
            <TextLine id="r2l44" custom="readingOrder {index:43;}">
                <Coords points="2100,2580 3171,2598 3155,2530 2101,2525"/>
                <Baseline points="2113,2575 2165,2575 2217,2574 2269,2574 2322,2574 2374,2574 2426,2574 2479,2574 2531,2574 2583,2575 2636,2575 2688,2575 2740,2576 2792,2576 2845,2577 2897,2577 2949,2577 3002,2578 3054,2578 3106,2578 3159,2578"/>
                <TextEquiv>
                    <Unicode>es nicht anders — bei uns in Oesterreich schon gar</Unicode>
                </TextEquiv>
            </TextLine>
            <TextLine id="r2l45" custom="readingOrder {index:44;}">
                <Coords points="980,2636 2065,2641 2043,2580 1859,2568 980,2578"/>
                <Baseline points="994,2618 1046,2617 1099,2617 1152,2617 1205,2617 1258,2617 1310,2617 1363,2618 1416,2618 1469,2619 1522,2619 1574,2620 1627,2621 1680,2621 1733,2622 1786,2622 1838,2623 1891,2623 1944,2623 1997,2623 2050,2623"/>
                <TextEquiv>
                    <Unicode>gottgewollten Ordnung gut genug ist. Daß er, wenn</Unicode>
                </TextEquiv>
            </TextLine>
            <TextLine id="r2l46" custom="readingOrder {index:45;}">
                <Coords points="2099,2651 3176,2639 3176,2600 3050,2581 2662,2608 2099,2579"/>
                <Baseline points="2113,2632 2165,2632 2217,2633 2270,2633 2322,2633 2375,2633 2427,2633 2479,2634 2532,2634 2584,2634 2637,2634 2689,2634 2741,2634 2794,2634 2846,2634 2899,2634 2951,2634 3003,2634 3056,2634 3108,2634 3161,2634"/>
                <TextEquiv>
                    <Unicode>nicht, da die Druckereibesitzer wie die Apotheker Kon¬</Unicode>
                </TextEquiv>
            </TextLine>
            <TextLine id="r2l47" custom="readingOrder {index:46;}">
                <Coords points="982,2687 2025,2703 2061,2695 2062,2629 982,2638"/>
                <Baseline points="996,2671 1048,2671 1101,2672 1153,2673 1206,2674 1259,2674 1311,2675 1364,2676 1416,2676 1469,2677 1522,2677 1574,2678 1627,2678 1679,2679 1732,2679 1785,2679 1837,2680 1890,2680 1942,2680 1995,2681 2048,2681"/>
                <TextEquiv>
                    <Unicode>er die bunte Jacke ausgezogen, arbeitet und Werte</Unicode>
                </TextEquiv>
            </TextLine>
            <TextLine id="r2l48" custom="readingOrder {index:47;}">
                <Coords points="2092,2708 3075,2720 3179,2706 3179,2640 2092,2651"/>
                <Baseline points="2105,2694 2158,2693 2211,2693 2264,2692 2317,2692 2370,2692 2423,2692 2476,2692 2529,2692 2582,2692 2635,2692 2688,2693 2741,2693 2794,2693 2847,2693 2900,2693 2953,2693 3006,2693 3059,2693 3112,2692 3166,2692"/>
                <TextEquiv>
                    <Unicode>zessionen haben. Das gilt aber auch da nur für die</Unicode>
                </TextEquiv>
            </TextLine>
            <TextLine id="r2l49" custom="readingOrder {index:48;}">
                <Coords points="983,2750 1755,2762 1832,2727 2057,2768 2035,2693 984,2687"/>
                <Baseline points="997,2733 1049,2732 1101,2732 1154,2731 1206,2731 1258,2732 1311,2732 1363,2733 1415,2733 1468,2734 1520,2734 1572,2735 1625,2736 1677,2737 1729,2737 1782,2738 1834,2738 1886,2739 1939,2739 1991,2739 2044,2739"/>
                <TextEquiv>
                    <Unicode>schofft, das betrachtet das „bessere Volk“ doch nur</Unicode>
                </TextEquiv>
            </TextLine>
            <TextLine id="r2l50" custom="readingOrder {index:49;}">
                <Coords points="2098,2758 3051,2758 3086,2789 3166,2753 3131,2704 2098,2706"/>
                <Baseline points="2113,2749 2165,2749 2217,2749 2269,2749 2321,2749 2373,2750 2425,2750 2477,2750 2529,2751 2581,2751 2633,2751 2685,2751 2737,2751 2789,2752 2841,2752 2893,2752 2945,2752 2997,2752 3049,2751 3101,2751 3153,2751"/>
                <TextEquiv>
                    <Unicode>Großen. Die kleineren Druckec, wie unserer, der ver¬</Unicode>
                </TextEquiv>
            </TextLine>
            <TextLine id="r2l51" custom="readingOrder {index:50;}">
                <Coords points="985,2796 2048,2818 2065,2750 985,2746"/>
                <Baseline points="998,2788 1050,2789 1103,2789 1155,2790 1208,2791 1261,2791 1313,2792 1366,2792 1418,2793 1471,2793 1524,2794 1576,2794 1629,2794 1681,2795 1734,2795 1787,2795 1839,2796 1892,2796 1944,2796 1997,2797 2050,2797"/>
                <TextEquiv>
                    <Unicode>als Nebenbeschäftigung, obgleich es von diesen Werten</Unicode>
                </TextEquiv>
            </TextLine>
            <TextLine id="r2l52" custom="readingOrder {index:51;}">
                <Coords points="2091,2823 3179,2814 3154,2754 3086,2789 3045,2756 2602,2785 2092,2762"/>
                <Baseline points="2105,2808 2158,2808 2211,2808 2264,2809 2317,2809 2370,2809 2423,2810 2476,2810 2529,2810 2582,2810 2635,2811 2688,2811 2741,2811 2794,2811 2847,2811 2900,2811 2953,2811 3006,2811 3059,2810 3112,2810 3166,2809"/>
                <TextEquiv>
                    <Unicode>hält sich zum „Wiener Verlag“ geradeso, wie die</Unicode>
                </TextEquiv>
            </TextLine>
            <TextLine id="r2l53" custom="readingOrder {index:52;}">
                <Coords points="981,2858 2063,2867 2028,2806 982,2803"/>
                <Baseline points="996,2846 1048,2847 1101,2848 1154,2849 1206,2849 1259,2850 1312,2850 1364,2850 1417,2851 1470,2851 1523,2851 1575,2852 1628,2852 1681,2852 1733,2853 1786,2854 1839,2855 1891,2856 1944,2857 1997,2858 2050,2860"/>
                <TextEquiv>
                    <Unicode>lebt und sich das Vergnügen des süßen Mädels gönn“,</Unicode>
                </TextEquiv>
            </TextLine>
            <TextLine id="r2l54" custom="readingOrder {index:53;}">
                <Coords points="2091,2879 3072,2872 3173,2900 3174,2831 3105,2817 2092,2824"/>
                <Baseline points="2105,2866 2157,2866 2210,2866 2263,2866 2316,2866 2368,2866 2421,2867 2474,2867 2527,2867 2579,2868 2632,2868 2685,2868 2738,2869 2790,2869 2843,2869 2896,2869 2949,2870 3001,2870 3054,2869 3107,2869 3160,2869"/>
                <TextEquiv>
                    <Unicode>Maus zum Löwen. Doch die Maus, sie nagt und wird</Unicode>
                </TextEquiv>
            </TextLine>
            <TextLine id="r2l55" custom="readingOrder {index:54;}">
                <Coords points="978,2915 1162,2942 1245,2912 1758,2913 1840,2953 1959,2929 2057,2961 2058,2873 1987,2864 979,2863"/>
                <Baseline points="993,2906 1045,2906 1098,2906 1150,2906 1203,2906 1255,2907 1308,2908 1360,2908 1413,2909 1465,2910 1518,2911 1571,2912 1623,2913 1676,2914 1728,2914 1781,2915 1833,2915 1886,2916 1938,2916 1991,2915 2044,2915"/>
                <TextEquiv>
                    <Unicode>das ihm, wenn der Rahm abgeschöpft ist, als Dirne</Unicode>
                </TextEquiv>
            </TextLine>
            <TextLine id="r2l56" custom="readingOrder {index:55;}">
                <Coords points="2086,2929 2180,2960 2622,2931 2814,2967 2874,2931 3176,2956 3177,2896 2086,2872"/>
                <Baseline points="2101,2924 2154,2925 2207,2926 2260,2927 2313,2928 2366,2928 2419,2928 2472,2929 2525,2929 2578,2929 2631,2929 2684,2928 2737,2928 2790,2928 2843,2928 2896,2928 2949,2928 3002,2928 3055,2928 3108,2929 3162,2929"/>
                <TextEquiv>
                    <Unicode>die Stricke zerbeißen, die den anderen Löwen sesseln.</Unicode>
                </TextEquiv>
            </TextLine>
            <TextLine id="r2l57" custom="readingOrder {index:56;}">
                <Coords points="983,3002 1197,2963 1785,2997 1785,2937 1742,2922 1305,2912 1176,2941 1143,2916 984,2919"/>
                <Baseline points="996,2966 1034,2965 1073,2965 1112,2964 1151,2964 1190,2964 1228,2964 1267,2964 1306,2965 1345,2965 1384,2966 1422,2967 1461,2967 1500,2968 1539,2969 1578,2969 1616,2970 1655,2971 1694,2971 1733,2972 1772,2972"/>
                <TextEquiv>
                    <Unicode>zusällt — und dann nicht ausschließlich.</Unicode>
                </TextEquiv>
            </TextLine>
            <TextLine id="r2l58" custom="readingOrder {index:57;}">
                <Coords points="2858,3000 2899,3008 2918,2994 2960,2991 2992,3011 3023,2994 3047,3008 3061,2997 3091,2997 3116,3017 3138,3014 3138,2956 3061,2940 3042,2950 3028,2939 2943,2948 2932,2939 2858,2934"/>
                <Baseline points="2872,2985 2897,2986 2922,2986 2947,2986 2972,2986 2998,2985 3023,2985 3048,2985 3073,2986 3098,2986 3124,2988"/>
                <TextEquiv>
                    <Unicode>Willbald.</Unicode>
                </TextEquiv>
            </TextLine>
            <TextLine id="r2l59" custom="readingOrder {index:58;}">
                <Coords points="1063,3050 1195,3029 1318,3064 1440,3027 1986,3066 2063,3040 2064,2979 1064,2987"/>
                <Baseline points="1076,3023 1124,3024 1173,3024 1222,3024 1270,3025 1319,3025 1368,3026 1416,3027 1465,3028 1514,3028 1563,3029 1611,3030 1660,3031 1709,3031 1757,3032 1806,3032 1855,3033 1903,3033 1952,3033 2001,3032 2050,3032"/>
                <TextEquiv>
                    <Unicode>Dem Dichter, dem neid ich's nicht; du wohl auch</Unicode>
                </TextEquiv>
            </TextLine>
            <TextLine id="r2l60" custom="readingOrder {index:59;}">
                <Coords points="2182,3078 2399,3048 2520,3081 2759,3040 3031,3057 3031,3013 2935,2991 2754,3007 2663,2963 2584,2982 2496,2957 2441,2987 2331,2965 2306,2990 2183,2968"/>
                <Baseline points="2197,3040 2238,3039 2279,3039 2320,3039 2361,3039 2402,3039 2443,3039 2484,3039 2525,3039 2566,3040 2607,3040 2648,3040 2689,3040 2730,3041 2771,3041 2812,3041 2853,3041 2894,3040 2935,3040 2976,3040 3018,3039"/>
                <TextEquiv>
                    <Unicode>* Trist (lateinisch), traurig — in der Lebenslage.</Unicode>
                </TextEquiv>
            </TextLine>
            <TextEquiv>
                <Unicode>box 17/1
Gruseln gelesen haben, wie bei einer erfolgreichen
nd dieses süße Mädel nur unter den einigermaßen nicht: Bruder in „tristo“) — wie solltest du ihm es
kapitals kräftigen Unternehmungslustigen wählen kann=Dneiden? Das Dichterhandwerk hat wohl einen
und es ganz ausgeschlossen erscheint, daß auch ein
goldenen Boden, aber der Dichter, der seinem Brot¬
Arbeitsstlave erfahren könnte, wie so ein süßes Mädel
geber, dem Verleger, nicht parieren will, liegt gerade¬
schmeckt, das ist das korrupte bei der Geschichte.
so auf der Straße wie ihr. Schnitzler hat seinen
Sie praktizieren die freie Liebe und uns höhnen
„Reigen“ im Winter 1896/97 geschrieben. Warum¬
sie damit.
erschien das Buch erst solange danach? Kein Ver¬
Denn, wenn der „Reigen“ schon nachweist, daß sich
leger hätte es damals drucken lassen, wenn er nicht
alles im Reigen dreht, warum soll dann der, der die
Dekoration für die Räume des verseinerten Lebens¬
Auflage von 200 für seine Freunde drucken zu lassen,
genusses liefert, nur unten am Schlammboden der
die daun, wie bei uns die Vertrauensmänner, den
Liebe unter freiem Himmel oder im Proletarierehejoch
nötigen Druck ausübten, heute noch würde das Manu¬
oben in der Dachkammer tanzen? Auch das ist eine
skript in Schnitzlers Tischlade liegen.
soziale Frage! Die mächtigste — meine ich. — „Wie
Warum das Buch so teuer ist? Das Publikum
die Hunde auf der Straße möchten sie es machen!“
schreit nach dem Buch — Schnitzler verlangt — wie
höre ich da unser sittsames Spießervolk schreien. „Ihr,
ihr habt doch an jeder Straßenecke ein Haus, in das
will bei der Geschichte eben auch die günstige Kon¬
ihr mit „ehrbarer“ Miene schleicht und aus dem ihr
junktur, wie man in der Profitsprache sagt, ausnützen.
mit einem saunischen Lächeln auf den Lippen heraus¬
und für sich wenigstens ebensoviel als der Dichter be¬
tretet.“ Es ist ganz gut, daß Arthur Schnitzler dem
kommt, herausschlagen. Fraget nur einen Genossen¬
Proletarier, der den Grasen füglich als Schwager an¬
Buchdrucker, der wird euch schon die Sache klar
reden kann, die Uniform des gemeinen Soldaten ange¬
machen. In der Welt, die vom Mehrwert lebt, gehr
zogen hat; wenigstens weiß er, wozu er in dieser
es nicht anders — bei uns in Oesterreich schon gar
gottgewollten Ordnung gut genug ist. Daß er, wenn
nicht, da die Druckereibesitzer wie die Apotheker Kon¬
er die bunte Jacke ausgezogen, arbeitet und Werte
zessionen haben. Das gilt aber auch da nur für die
schofft, das betrachtet das „bessere Volk“ doch nur
Großen. Die kleineren Druckec, wie unserer, der ver¬
als Nebenbeschäftigung, obgleich es von diesen Werten
hält sich zum „Wiener Verlag“ geradeso, wie die
lebt und sich das Vergnügen des süßen Mädels gönn“,
Maus zum Löwen. Doch die Maus, sie nagt und wird
das ihm, wenn der Rahm abgeschöpft ist, als Dirne
die Stricke zerbeißen, die den anderen Löwen sesseln.
zusällt — und dann nicht ausschließlich.
Willbald.
Dem Dichter, dem neid ich's nicht; du wohl auch
* Trist (lateinisch), traurig — in der Lebenslage.</Unicode>
            </TextEquiv>
        </TextRegion>
    </Page>
</PcGts>
