3444 4320
265 105 425 204 11.
464 115 778 200 Reigen
974 96 1382 180 box 18/1
1855 46 1956 90 E
2137 94 2196 189 1
2067 225 2705 320 Schnitzlers „Reigen“.
1875 292 2966 363 Das Erotische in der Kunst ist ein uraltes Kapitel. Und lange
1802 347 2900 398 bevor die Menschheit bestand, muß die Erotik gewesen sein
1802 388 2965 441 denn sonst häcke es keine Menschen gegeben. Also gegen diesen
1808 438 2972 488 zweckvollen Frich, dem auch die Herrn des Landgerichts III und
1803 483 2973 529 die Geheimi des Kultusministeriums ihr sittenreines Leben
1812 525 2957 583 verdanken, richtet sich ein interessanter Kampf, der um Schnitz
1812 574 2972 616 ers „Reigen“ entstanden ist. Wir wollen dem Urteil nicht vor¬
1809 618 2966 661 greisen, aber wir wollen uns wenigstens unser Urteil bilden.
1805 658 2966 720 Und das steht seil: Ueber das Theater und die Kunst hat der
1805 699 2364 751 Staatsanwalt nicht zu urteilen.
1876 740 2969 796 Der „Neigen“ ist keine Schöpfung der neuesten Zeit. Vor
1801 776 2961 836 einem Viertelzahrhundert hat ihn Schnitzler in Buchsolm seinen
1801 832 2969 880 Freunden verehrt. Er war damals 34 Jahre, ein jünger Arzt,
1802 879 2971 924 der die erotische Seite des Lebens pathologisch behandelte. In
1800 917 2970 967 zehn Bildern tanzt der Reigen der Liebe an uns vorbei. Und
1808 952 2961 1005 in dies m Neigen sind durch die leicht löslichen=Ban#e illegitimer“
1802 1001 2962 1053 Liebe alle Klassen der Gesellschaft miteinander verbunden. Diese
1805 1043 2971 1094 Liebe kennt keine Klassengegensäße, sie überbrückt alle Stände.
1801 1088 2964 1140 Ist es nicht wahr? Jeder von uns kennt das Thema aus eigenster
1806 1134 2958 1183 Erfahrung. Auch dem Kultusministerium dürfte es nicht fremd
1806 1176 2959 1232 sein. Und gar der Musikhochschule. Wenn man jedes Musikstück
1806 1219 2971 1270 verbieten würde, dessen Motiv erotisch angehaucht ist, würden die
1801 1262 2959 1308 Musiksäle stumm und still daliegen. Wenn man sich gegen ero¬
1801 1307 2974 1361 tische Kunst auf der Bühne wenden will, so tue man es gegen
1803 1352 2972 1403 Wedekind. Es ist Ansichtssache, ob man dessen Kunst noch als
1801 1400 2959 1452 Kunst betrachten will. Sie ist immerhin ein unerhörtes Be¬
1804 1440 2964 1498 kenntnis und Geständnis einer bankrotten Welt, voll greinender
1798 1481 2967 1534 Scheusäligkeit und schamloser Bresthaftigkeit. Einer Welt, wo
1801 1530 2967 1583 das Dasein, die Sinne und Triebe zu Spuk und Greuel, das
1800 1565 2972 1626 Leben eine wüste Vagabundage geworden ist, wo es keine Men¬
1814 1613 2968 1672 schen mehr gibt, sondern nur Tiere. Diese erotische Kunst Wede¬
1802 1662 2975 1713 kinds ist ein Ende, wo es keine Entwicklung, keine Zukunft
1802 1703 2978 1756 mehr gibt. Anders dagegen bei Schnitzter. Der Arzt und Dichter
1812 1744 2970 1799 betrachtet das Leben durch seine Brille. Er steht die Realitäten.
1803 1790 2964 1846 Er will nichts verbrämen, nichts herunterreißen. Er macht
1809 1828 2970 1888 nichts lächerlich, er steht nur dem Ernst der Dinge ins Auge.
1815 1878 2966 1929 Auch im Spiel der Triebe ist der dunkle Zwang der Nakur.
1805 1923 2967 1976 Idoen von Schopenhauer werden zu Bildern umgeformt. Sie
1804 1971 2966 2023 sind uns alltäglich. Man spricht zwar nicht davon. Aber der
1806 2010 2977 2063 Dichter hat den Mut, das Kind beim rechten Namen zu nennen.
1810 2058 2978 2109 Und darum will man ihn und die strafen, die es wagen, in seinem
1804 2096 2976 2144 Namen zu sprechen. Wir haben heute morgen schon zum Aus¬
1804 2150 2979 2197 druck gebracht, daß die Aufführung glänzend und dezent war.
1810 2191 2977 2237 Was das Buch an eventuell anstößgen Szenen bietet, war
1810 2232 2982 2292 sorgsam mit dem Schleier geschickter Regie (Hubert Neusich)
1806 2287 2977 2335 verdeckt. Nur die ersten be den Bilder, die in dem schmutzigen
1817 2322 2976 2372 Niveau der Gasse spielen, lassen arge Bedenken zu. Sie gehören
1806 2364 2764 2419 aber zum Reigen und sind ein wichtig's Glied in ihm.
1885 2406 2976 2469 Der Reigen beginnt mit der Dirne und dem Soldaten.
1804 2447 2983 2498 Der übliche Dialog, der da beginnt „Komm, Schatz'. Else
1815 2490 2977 2545 Bäck und Louis Ralph hatten wenig Ensola damik.— Der
1810 2530 2978 2601 Soldat und das Stubenmädchen (Vera Skidelsky) und dann
1806 2583 2981 2644 das Stubenmädchen und der junge Herr (Kurt Götz) Hier be¬
1805 2620 2988 2685 ginnt sich das Publikum zu eiwärmen. Der erste Beifall setzte
1802 2680 2979 2729 ein. Man merkt, die gedrückte Stimmung hinter den Kulissen
1810 2760 2973 2816 Herr und die junge Frau auf. Jetzt wird das Erotische geist¬
1819 2803 2983 2866 reich. Magda Mohr gab als Künstlerin etwas Großes. Das
1815 2850 2984 2904 Mittelglied des Reigens ist die junge Frau und der Ehemann
1810 2890 2982 2944 (Viktor Schwanneke). Ein Ehedialog im Schlafzimmer. Die
1818 2932 2987 2990 Kette wird fortgesetzt: Der Ehemann und das süße Mädel, dann
1817 2981 2977 3023 das süße Mildel und der Dichter. Poldi Müller war wirk¬
1809 3021 2973 3084 lich ein süßes Mädel, leichtes Wiener Bur echt weanerisch im
1819 3109 2974 3156 Dichter kopierte Arthur Schnißler. Vielleicht paßt die Dichter¬
1810 3152 2977 3205 Figur der Flegenden Blätter besser in den Relgen. Nun weiter:
1818 3198 2962 3262 Der Dichter und die Schauspielerin, die Schauspielerin und de
1805 3244 2974 3289 Gpaf Blanche Dergan ist eine Schauspielerin und wenn
1806 3288 2973 3339 eine Schauspielerin dargestellt werden soll, brauchte also nicht be¬
1806 3332 2976 3381 sonders gespielt zu werden. Ich meine, es war zu stark aufge¬
1812 3377 2970 3422 tragen und darunter verschwand der Liebreiz. Nobert Fonster¬
1806 3415 2968 3474 Larrinago (der auch die verbindende Musik zusammengestell
1808 3463 2971 3512 hatte, beherrschte die Grasenrolle glänzend. Er beschließt aus
1812 3506 2963 3551 den Reigen nach einer trunkenen Nacht: (der Graf und die Dirne
1814 3549 2973 3597 im grauen stillosen Raum der Prostituierten. Die Klassengeg#a¬
1812 3596 2965 3645 sätze waren überbrückt. Und wenn ich ironisch sein könnte, würt
1814 3642 2974 3687 ich behaupten, das ist der Weg zur Demokratie, hier gibt es keine
1803 3681 2231 3750 Klassengegensätze mehr.
2825 3679 2945 3752 H. S.
1889 3754 2955 3813 Wie wir hören, wird die „Hochschule für Musik'
1812 3813 2966 3864 auf deren Antrag die einstweil'ge Verfügung des Landgerichts II
1814 3847 2983 3904 ergangen ist, nach dem Eindruck der gestrigen Erstausführung ihren
1818 3894 2973 3955 Protest gegen die Aufführung von Schnitzlers „Reigen' zu¬
1812 3941 2090 4010 rückziehen.
