3436 4352
306 153 940 209 am Sudpart nach dem Rennplatz.
383 198 1553 262 Grunewald, 6. Mai. Preis von Neustadt, 35000 Mark,
535 260 1542 296 1. Isabella (Balke), 2. Staffelstab, 3. Linden¬
307 247 537 305 1800 Meter.
307 283 1553 335 blüte. Tot. 39:10. Platz 11, 11, 11:10. Ferner: Maikäfer, Wal¬
924 319 1545 368 Potrimpos=Ausgleich,
307 327 867 389 tari, Casanova, Herbststurm.
309 365 1544 413 35000 Mark, 1400 Meter. 1. Moralda (Kalff), 2. Volaca, 3.
320 404 1543 456 Ostflucht. Tot. 358:10. Pl.: 80, 34, 27:10. Unpl. Protos, Lehn¬
318 439 1554 496 dorff. Friedericus, Pleite, Theobald. Young Star, Jessy, Element,
318 477 1543 529 Hartenstein, Schade. — Flegeolet=Rennen, 55000 Mark
312 516 1541 570 1600 Meter: 1. Wolfram III (G. Janek), 2. Heinrich geh. 3
312 552 1543 607 Schlingel. Tot. 70:10. Pl. 29, 20:10. Unpl. Freigeist. — Consul¬
307 590 1547 643 Rennen, 35 000 Mark, 1200 Meter: 1. Charlatan (Bleuler)
320 628 1544 684 2. Saloppe, 3. Gravosa. Tot. 205:10, Pl. 34, 23, 28:10. Unpl
329 670 1545 719 Frigoyen, Belsazar, Mistel, Tempelritter, Isis II. Lola, Goddelau
324 706 1545 757 Elida, Garderobe, Kirsche. — Preis der Nachtigall, 55 000
307 752 1543 804 Mark, 1800 Meter: 1. König Midas (Olejnik), 2. Damenweg
912 787 1554 832 Mai=Rennen, 35000 Mark,
322 788 830 837 3. Freibeuter. Tot. 15:10.
315 828 1546 872 1600 Meter. 1. Nicotin (Staudinger), 2. Radiola, 3. Wickinger.
1208 859 1545 911 — Engadin¬
317 870 1209 925 Tot. 28:10. Pl. 15, 19:10. Unpl. Liebesgott.
318 897 1542 949 Ausgleich, 35000 Mark. 1800 Meter 1. Kern (Bleuler)
310 945 1554 989 2. Räuberhauptmann, 3. Fasching. Tot. 85:10. Pl. 26, 19, 25:10.
317 974 1557 1024 Unpl. Hörselberg, Augur, Givet, Scapa, Vellejus, Schipper, Land¬
324 1016 1554 1075 streicher, Pillao, Aladar, Harmodius, Otello, Walhall, Dalai Lama,
319 1056 543 1123 Black Mark.
500 1116 1367 1190 Turnerschaft und Sporkverbände.
394 1183 1550 1250 * Zwischen der deutschen Turnerschaft und dem deut¬
315 1236 1557 1300 schen Fußball=Bund, dem deutschen Schwimmverband
322 1283 1557 1331 und der deutschen Sportbehörde für Leichtathletik bestanden
315 1325 1549 1378 über die gegenseitige Beteiligung der Mitglieder an den Wett¬
325 1374 1549 1422 kämpfen Verträge, die zum 1. April d. J. kündbar waren. Auf
321 1415 1563 1466 dem deutschen Turntage in Hassel im vorigen Herbst war nun
329 1460 1557 1514 festgestellt worden, daß diese Verträge die Entwickelung der deut¬
334 1503 1555 1560 schen Turnerschaft beeinträchtigen, und deshalb beschlossen worden,
320 1557 1550 1608 die Verträge zu kündigen und Verhandlungen über neue Verein¬
327 1593 1558 1646 barungen anzubahnen. Inzwischen haben die drei Sportverbände
318 1639 1553 1694 Erklärungen erlassen, die dem Vorstande der deutschen Turnerschaft
325 1680 1553 1737 weitere Verhandlungen zurzeit nicht als aussichtsvoll erscheinen
333 1731 1547 1783 assen. Die deutsche Turnerschaft hat aber in einer in der Deut¬
326 1766 1548 1829 schen Turnzeitung veröffentlichten Erklärung örtliche Ar¬
324 1819 1561 1877 beitsgemeinschaften als zulässig erklärt, wenn sie auf
326 1859 1562 1915 der Grundlage der Gleichberechtigung abgeschlossen werden.
331 1904 1554 1963 Die Sportverbände hingegen haben mit dem Startverbot
327 1959 1565 2010 geantwortet. Dieser vertragslose Zustand hat nun wieder einen
323 2001 1557 2049 Streit der Meinungen entfacht, der aus folgendem offenen Brief¬
320 2044 721 2112 wechsel ersichtlich ist:
649 2069 1242 2140 Ein Mahnruf in letzter Stunde.
395 2128 1548 2193 Ist der von der Deutschen Turnerschaft heraufbeschworene
311 2158 1234 2227 Kampf gegen die Sportverbände nötig gewesen?
402 2200 1557 2261 Diese Frage muß jeder deutsche Mann, der sein Vaterland
322 2247 1553 2297 lieb hat, mit einem glatten „Nein“ beantworten. Es ist jetzt
335 2290 1559 2334 nicht die Zeit zu inneren Zwistigkeiten; es ist jetzt nicht die Zeit,
324 2329 1564 2371 Verwaltungsfragen zu entscheiden. — Weshalb kundigt die Deutsche
1386 2360 1565 2414 Deutschen
1249 2362 1312 2410 der
323 2367 1068 2418 Turnerschaft einen Vertrag, der
1183 2370 1246 2414 1
1069 2366 1188 2417 in
326 2405 1559 2454 Turnerschaft und in den Sportverbänden ein harmonisches Zu¬
335 2438 1559 2491 sammenarbeiten zwischen Sportlern und Turnern ermöglichte. Die
328 2478 1566 2533 Deutsche Turnerschaft trifft der schwere Vorwurf, den Vertrag ohne
333 2525 1560 2575 zwingenden Grund gebrochen zu haben. Alle angeführten
328 2559 1345 2610 Gründe sind im Verhältnis zu der Not der Zeit nichtig
408 2586 1564 2653 Welchen Erfolg die Führer der Deutschen Turnerschaft sich
327 2636 1567 2686 auch in dem Verlangen der Lösung des bestehenden Vertrages
1513 2676 1561 2723 der
324 2678 1469 2727 versprechen mögen, welchen Ausgang die Kampfansage
332 2717 1560 2765 Deutschen Tunerschaft gegen die Sportverbände auch nehmen möge,
330 2757 1479 2804 nie wird man es begreifen können, daß in der jetzigen Zeit
324 2796 1468 2841 Männer finden zu Streitigkeiten über Fragen kleinlicher
329 2828 1472 2880 Nie werden die aktiven Turner und Mitglieder der von
324 2878 1415 2925 Deutschen Turnerschaft anerkannten Sportabteilungen
328 2903 1485 2958 Führern vergessen, daß sie ihnen Gelegenheit nehmen wollen,
340 2955 1558 3000 o zu betätigen, wie es der freie, vom fröhlichen und frisch
327 2989 1558 3037 Kampfesmut beseelte Turner und Sportler wunscht. Nie wer#n
329 3030 1569 3075 die Turnvereine und die Sportvereine vergessen, daß die Fühler
332 3069 1557 3131 der Deutschen Turnerschaft es waren, die einen Keil hineintrielen
1515 3107 1564 3158 en
334 3107 1485 3156 n das harmonische Zusammenarbeiten und gemeinsame Stre
336 3150 1320 3211 für die hohen und idealen Ziele der Jugendbewegung.
417 3188 1141 3225 Ich möchte ermahnend daran erinnern:
1516 3204 1564 3269 i¬
408 3212 1492 3274 Die Sportvereine und die den Sportverbänden (Schwir
1516 3262 1561 3311 en
340 3257 1492 3313 erband, Fußballverband und Leichtathletikverband) angehörer
395 3460 1440 3533 Cegen rauhe aufgesprumgene Haut
366 3531 1396 3654 CREME MOUSO
444 3646 1416 3728 vollkorrunenstes Hautpflegemittel
1594 139 2828 186 110 Kreiswarte gehören, angreift, und das Vermissenlassen jeder
1594 177 2831 227 Sachlichkeit dienen der Herbeiführung friedlicher Zustände ganz
1593 214 2835 263 gewiß nicht. Wir hätten es lieber gesehen, wenn Herr Gellrich
1593 251 2831 294 versucht hätte, die Gründe, die die D. T. am 31. März zur
1592 287 2824 337 Kündigung, nicht zum Bruche, der Verträge veranlaßte
1591 322 2837 371 zu verstehen. Für ihn waren diese Gründe nicht zwingend. für die
1593 357 2833 407 D. T. waren sie es gar sehr Herr Gellrich glaubt. mit welchem
1587 397 2831 444 Recht ist uns unbekannt, sich als Wortführer der Turner auf¬
1599 433 2830 483 spielen zu können, indem er saat: „Nie werden die alten Turner
1598 475 2831 525 ihren Führern vergessen .. .“ oder „Nie werden die Turnvereine
1603 514 2840 565 und die Sportvereine vergessen, daß die Führer der D. T. es
1721 554 2840 605 .... Er täuscht sich #ewaltig über die Stimmuna der
1590 563 1717 607 waren
1593 592 2835 641 großen Masse der deutschen Turner, insbesondere auch der schlesi¬
1697 622 2839 673 Er täuscht sick auch sehr, wenn er annimmt, daß die den
1602 661 2830 719 Sportverbänden angehörenden Sportabteilungen der D. T ver¬
1603 709 2831 759 pflichtet sind, den Maßnahmen der Sportverbänden eher zu folgen,
1601 741 2832 797 als denen ihres Stammverbandes. Herr Gellrich berührt hier
1597 774 2832 833 unbewußt die Bestimmung der alten Verträge, durch die sich die
1608 819 2829 877 Turnerschaft am meisten beenat fühlte, von deren Aufbebung aber
1596 858 2837 909 die Sportverbände durchaus nichts wissen wollten. Ein praktisches
1592 895 2833 946 Beispiel möge der Masse der Unkundigen zur Erläuteruna dienen.
1593 931 2828 989 Wenn der Turngau Breslau außer seinem alljährlichen Gauspirl¬
1598 980 2843 1025 und Sportfeste eine leichtatbletische Veranstaltung abhalten wollte,
2264 1016 2839 1059 Sportabteilungen der Turn¬
1597 1024 2255 1068 dann durften die Mitalieder der
1596 1055 2835 1101 vereine, die dem Südostdeutschen Leichtatbletikverbande angehörten,
1598 1083 2843 1139 des T. V. Vorwärts, des Alten Turnvereins, des 8. Turnvereins.
1596 1124 2837 1181 des Turnklubs Jahn usw. an dieser Veranstaltung nicht teil¬
1598 1165 2839 1216 nehmen, wenn der Verband dazu nicht die Genebmiauna aab. Die
1596 1198 2837 1254 Turnvereine und der Turngau konnten also über ihre eigenen
1602 1242 2838 1294 Mitglieder nicht verfügen und man wird zuaeben müssen, daß ein
1602 1280 2843 1334 solcher Zustand für die D. T. auf die Dauer unbaltbar war. Herr
1603 1319 2842 1372 Gellrich täuscht sich weiter, wenn er annimmt, daß die Sport¬
1598 1352 2832 1413 abteilungen der Turnvereine den Maßnahmen der Sportverbände
1596 1395 2833 1447 ausnahmslos folgen werden: sie wurzeln zum weitaus größten
1602 1419 2831 1483 Teile fester in der D. T, als Herr Gellrich zu glauben scheint, und
1601 1473 2828 1521 der schlesische Turnkreis wird kaum Zwangsmaßnahmen anu¬
1598 1505 2831 1563 wenden haben, um ihnen ihre Pflichten gegen die D. T. zum Be¬
2051 1542 2832 1597 Diejenigen Einzelversonen. Abteilungen
1606 1557 1996 1607 wußtsein zu bringen.
1608 1582 2831 1640 oder Vereine, die da glauben, daß sie als Zugehörige zur D. T.
1599 1621 2840 1677 nicht auf ihre Kosten kommen, sich insolaedessen bei uns nicht wohl
1606 1658 2830 1717 fühlen mögen ruhig zu den Sportverbänden aehen: die D. T. wird
1603 1699 2830 1759 ihren Verlust zu verschmerzen wissen. Sie wird. in sich gefestigt
1602 1745 2837 1795 und dadurch nach außen hin gestärkt, ihre Aufgaben besser erfüllen
1610 1786 2229 1831 und sich freier entwickeln können.
1686 1800 2836 1868 Herr Gellrich bietet sich als Vermittler zur Beileauna des
1613 1849 2847 1914 Streites in Schlesien an. Wir wissen seine aute Absicht zu schätzen,
1613 1890 2844 1948 edauern aber, ihn als Vermittler ablehnen zu müssen, weil ihn
1601 1929 2848 1984 die einseitige Stellungnahme in seinem Offenen Briefe gegen die
1602 1956 2833 2026 Turner und sein Auftreten gegen die Turnerschaft in einer Zeit
1603 2001 2852 2058 als von einem Kampfe noch keine Rede war —. wir erinnern an
2779 2047 2823 2082 —
1598 2037 2788 2097 die Versammlung im Zoologischen Garten vor etwa 1¼ Jahren
1604 2079 2834 2136 dazu nicht geeignet erscheinen lassen, und weil er als Ebrenvor¬
1605 2127 2847 2180 sitzender des Südostdeutschen Leichtathletilverbandes von vornherein
1606 2163 2839 2214 als Partei zu betrachten ist. Wir glauben, auf einem anderen
1611 2193 2837 2252 Wege unter Ausschaltung jeder Erörteruna über die Schuldfrage.
1599 2238 2842 2293 die doch zwecklos wäre, weil jede Partei auf ihrem Standvunkt
1601 2273 2846 2328 verharren würde, besser zu einem Einvernehmen mit den Sport¬
1607 2307 2845 2365 verbänden gelangen zu können Die Verordnungen der D. T. lassen
1614 2354 2844 2408 hierzu durchaus die Möglichkeit offen. In jedem Falle aber
1604 2400 2852 2445 werden sich die Turner hinter ihre Führer stellen und damit das¬
1606 2432 2855 2492 selbe tun, was die Svortverbände von ihren Angehörigen erwarten.
1795 2466 2660 2533 Der Kreisturnrat des schlesischen Turnkreises
1999 2500 2466 2562 Professor Sternitzky.
1693 2527 2845 2614 Es ist zu hoffen, daß sich aus dem Meinungsaustausch doch
1618 2596 2857 2655 noch eine Grundlage herausbilden wird, auf der die beiden großen
1622 2645 2850 2708 Verbände### einer Arbeitsgemeinschaft zum Nutzen der Allgemein¬
1616 2689 1994 2750 heit gueken können.
1943 2790 2498 2868 Theater und Konzerfe.
1685 2860 2857 2928 Schauburg. Im Viktoriatheater, das sich seit einiger Zeit
1620 2923 2850 2970 Schauburg“ nennt, spielt man jetzt wieder wirkliches Theater.
1608 2959 2855 3014 Leider wurde die neue Spielzeit mit Schnitzlers berüchtigtem
1614 3008 2858 3059 „Reigen“ eröffnet. Die üblen Erfahrungen, die man mil den
1617 3041 2850 3098 Vorstellungen dieses Stückes in Krietern gemacht hatte, scheinen
1612 3087 2851 3147 die Leitung der Schauburg nicht abzuschrecken. Aber der berechtigte
1615 3129 2850 3190 Kampf gegen die Aufführung der gehn Dialoge entspringt nicht,
1617 3180 2852 3230 wie dies Dummköpfe behaupten, irgendwelchem Muckertum oder
1620 3212 2845 3272 parteipolitischer Rückständigkeit, sondern dem einfachen Empfinden
1616 3258 2856 3327 für Anstand und dem rein künstlerischen Gefühl. Immer ziehen
1613 3302 2845 3363 die Verteidiger der „Reigen“=Aufführungen jenes groteske Urteil
1607 3344 2845 3413 des Berliner Kammergerichtes heran, demzufolge Schnitzlers
1609 3386 2846 3461 Stück einen „sittlichen Gedanken“ verfolge und sein Inhalt ein
1621 3420 2851 3496 ethischer sei. Wäre dies wirklich der Fall, dann hätte es der Dichter
1620 3472 2852 3534 nicht nötig gehabt, sein Werk als Privatdruck für Freunde heraus¬
1623 3516 2852 3579 zugeben. Noch weit mehr jedoch fällt gegenüber dem paradoxen
1611 3558 2846 3626 Berliner Urteil (wie weidlich höhnten unsere Radikalen früher,
1608 3610 2852 3667 wenn Richter sich literarische oder künstlerische Werteinschätzungen
1620 3651 2845 3717 gestatteten!), die Tatsache ins Gewicht, daß der „Reigen“, so wie
1612 3692 2848 3748 er nun einmal gedacht und geschrieben ist, auf keinen Fall auf der
1619 3740 2847 3798 Bühne gespielt werden kann, vielmehr für die Wiedergabe ganz
1606 3789 2858 3842 gehörig umgemodelt und „versittlicht“ werden muß. In dieser
2888 131 3336 178 latz besetzt. „Deutsch
2879 170 3327 217 gramm, und man empfing
2882 203 3335 255 dichtung. In einer kur
2885 243 3335 290 Vortragende dar, wie die
2882 281 3328 322 kraft auf dem Gebiete de
2879 312 3287 371 versagt scheine, Ersatz
2881 356 3328 400 die große dramatische St
2883 381 3340 434 Droste=Hülshoff vielleicht
2879 430 3312 480 moderne Frauenballade
2886 468 3334 510 der Redner an den ange
2881 503 3325 550 lebenden Balladendichter
2892 534 3333 586 Huch: „Heroische Landsche
2890 582 3351 631 das Abklingen der Stin
2882 608 3051 659 Ausdruck.
3114 616 3354 666 In den Pra
2886 649 3357 696 Miegel (von dieser stand
2881 690 3345 748 Fähre“ auf dem Progran
2882 720 3341 770 Torney („Die Mütter“.
2879 767 3304 811 v. Handel=Mazzetti
3302 753 3339 810 (
2884 798 3317 855 vor allem tiefste Tiefen
2885 837 3337 887 Bei Agnes Miegel tritt
2883 868 3354 924 mythisches Element herv
2892 915 3341 959 Eigenart einer jeden die
2892 954 3350 1002 Wiedergabe der Dichtung
2890 993 3320 1042 voller Hingebung seine
2885 1005 3346 1077 bot, brachte der Hörersch
2891 1060 3349 1115 auch bei Dichtungen, die
2889 1098 3350 1143 wünschte Abwechselung ir
2886 1137 3363 1184 Stücke mit frohem Ausk
2888 1177 3358 1234 einmütiger und anhalten
2961 1213 3361 1271 Wohltätigkeitskonzert
2895 1250 3363 1317 fand am Mittwoch im S
2896 1300 3353 1358 sich hauptsächlich die Bri
2880 1341 3368 1389 Kraeker, drei auf dem
2882 1377 3362 1433 folgreich musizierende Lit
2894 1418 3360 1485 Gades Noveletten (Op.
2888 1459 3356 1508 Haydn zeigte sich der Gei
2887 1496 3365 1552 ost gepflegter Hausmusik
2891 1539 3349 1583 waren hier stärter als in
2896 1578 3360 1626 sich Herbert Kraeker als
2891 1621 3336 1674 stücken von Mozart und
2887 1658 3365 1708 lichen Beifall. Charlo
2882 1694 3365 1750 Reger und Schubert, daß
2881 1732 3372 1785 gemacht hat. Ihre Art
2887 1770 3374 1830 Neben dem klangvollen Fo
2883 1812 3374 1858 keit das schwebende Piano,
2895 1848 3357 1904 Rahmen wären allerding
2886 1888 3303 1940 Unterweisungen nötig.
3042 2145 3220 2229 I
3012 2247 3358 2319 W. Arnold. M.
3009 2302 3355 2354 Compton. Hans
3011 2339 3350 2385 W. Firle. Prof.
3011 2372 3342 2428 K. Hagemeister.
3005 2405 3326 2450 Hey. Prof. A
3009 2439 3365 2480 Kaiser. Richard
3013 2464 3375 2517 G. von Luche. En
3000 2505 3382 2552 E. Rau. F. Raupp.
3005 2535 3381 2589 Prof. C. C. Schl
3006 2564 3317 2617 Albert Singer.
2996 2607 3378 2668 Prof. W. Trübner.
3011 2668 3345 2831 Brun
3065 2817 3384 2905 Gemäldeausst
3102 3066 3335 3172 Gale
3205 3209 3356 3291 Neu
2970 3273 3389 3333 Courbet, Schuch, Tr
3021 3314 3339 3366 von Oskar Moll.
3088 3404 3346 3490 Bad
2977 3417 3032 3497 7
2993 3558 3329 3638 OEFAO
3026 3624 3403 3705 Haus allerersten
3023 3690 3405 3763 gegenüber gelege
