3496 4320
391 113 911 214 11. Reigen
1103 116 1521 198 box 17/5
1551 2555 1589 2621 6
1554 2773 1587 2813 0
1553 2807 1589 2856 1
1720 227 2557 375 Der „Reigen“-Skandal.
1587 366 2678 473 Die Schieberwäsche in veml Kammerspielen.
1636 433 2672 514 Die Schieberwäsche in den Kat#erspielen hat in den
1586 489 2675 556 breitesten Schichten unserer Beuberung, und zwar gerade
1608 518 2666 590 n ihren besten Kreisen lebhafte Befricdigung hervorgerufen
1596 557 2677 627 Denn darüber besteht kein Zweifel, daß die Schieber und
1600 592 2666 666 sonstigen Leute, denen ihr Einkompen den kostspieligen
1597 636 2663 704 Luxus gestattet, einer „Reigen“=Auffüihrung beizuwohnen (man
1604 679 2678 747 zahlte dafür in den letzten Tagen im Schleichhandel bis zu
1602 713 2666 780 1000 K.) nicht aus Kunstbegeisterung die Kammerspiele auf¬
1604 755 2666 835 uchen, sondern um sich an den dort gebotenen Pikanterien,
1600 799 2640 855 sagen wir es nur grad und offen auf gut deutsch, zu „begeilen
1601 824 2667 898 Die Namen der Frauenzimmer, die so schamlos waren, dorthin
1599 867 2674 932 zu gehen, sollken öffentlich bekannt gegeben werden. Gestern
1544 895 1578 950 n
1599 904 2660 974 sind diese Leute einmal nicht auf ihre Rechnung gekommen,
1539 940 1583 989 r
1600 947 2665 1012 und durch die Unvorsichtigkeit übereifriger Organe, die die
1537 985 1570 1031 r
1593 977 2659 1053 Hydranten gegen die Demonstranten in Anwendung brachten,
1599 1017 2664 1091 kamen sie auch noch, da die Demonstranten, über deren ver¬
1601 1063 2659 1128 gebliches Bemühen die Judenpresse in den letzten Tagen
1512 1071 1588 1147 8
1601 1096 2665 1168 in der frechsten Weise spottet, sich als die stärkeren erwiesen,
1600 1135 2673 1203 zu einem unfretwilligen Bade. Triefend von der nassen
1603 1171 2668 1245 Flut schlichen sie, in ihren erotischen Gefühlen gründlich
1591 1215 2662 1277 abgekühlt, wie die begossenen Pudel nach Hause und üben
1540 1241 2689 1334 s dieses Bild lacht heute ganz Wien. Die Stammesgenossen
1581 1290 2698 1395 brich und Vertag dir Oesterreichischon Duuck= aund Vorlagig
2036 1482 2675 1582 Deutschee Volksblatt, W
2244 1552 2553 1643 Abendblatt
1697 1675 2062 1752 17. Februae 1921
2342 1694 2647 1757 Nr. 11533
1600 1758 2698 1821 Schnitzlers Natürlich ausgenommen, der jetzt „fast all¬
1613 1821 2665 1871 abendlich den Vorstellungen seines „Reigen“ beiwohnt“ un
1609 1854 2680 1915 ihnen dadurch besondere Bedeutung und seinen Bewunderern
1616 1900 2687 1944 gegenüber erhöhten Reiz zu verleihen sucht und der um
1615 1934 2677 1988 ein Haar vost dem großen Reinigungsbade mitereilt worden
1607 1969 2682 2027 wäre. Er blieb glücklicherweise davon verschont; seine
1622 2012 2652 2065 Gemeinde“ atmet wieder auf. Trockenen Fußes, i
1608 2030 2666 2097 seine Vorfahren beim Marsche durch das Rote Meer, konnt
1606 2092 2681 2142 er das Theater verlassen, das dieser Schweinerei Obbach
1605 2129 2669 2181 bot, bis es nun von der gerechten Empörung des boden¬
1617 2161 2688 2207 tändigen Wien und einem orkanartigen Volkssturm mit
1617 2200 2676 2256 begreiflicher Entrüstung etwas unsauft daran gemahnt wurde,
1610 2239 2671 2297 daß es in Wien auch nochs andere Leute gibt, wie die Juden,
1603 2282 2681 2330 auf die die Direktion des Volkstheaters, wie es scheint,
1600 2318 2675 2365 allein glaubte, Rücksicht nehmen zu müssen, weil ja die
1606 2356 2671 2406 Mehrzahl der Stammgäste des Volkstheaters und der
1605 2395 2089 2450 Kammerspiele Juden sind.
1655 2434 2672 2502 Wir sind im allgemeinen keine Freunde von derartigen
1604 2469 2209 2527 Demonstrationen, wie sie ge#ter
2244 2476 2677 2532 sich ereigneten; man
1602 2511 2660 2558 konnte auch darüber im Zweis“ sein, ob sie angebracht
1609 2553 2675 2603 waren, so lange die Auffülrungen, mochten sie auch mit
1609 2588 2673 2637 den Gesühlen der erdrückenden Mehrheit der Bevölkerung
1598 2625 2677 2682 in schroffstem Widees#riche sehen, von den dazu berufenen
1601 2663 2671 2714 Behörden gestatten burden. Anders aber liegen die Dinge,
1599 2700 2677 2750 scidem die Regisrung auf Grund einstimmigen Beschlusses
1600 2746 2676 2790 ein Verbyt der „Reigen“=Auffährungen ##assen hat. Die
1604 2768 2675 2832 Weiseraufführungen dieses Stückes stellen sich als
1596 2815 2678 2864 eine direkne. Auflehnung gegen eine höchst¬
1600 2856 2675 2913 obrigkeitische Verfügung dar, begangen nicht allein
1592 2894 2669 2946 durch den Bürgerweister von Wien, der nach dem klaren
1602 2931 2664 2976 Wortlgut der Vertastung in diese Angelegenheit das Voll¬
1602 2966 1949 3025 zugsorhan der Reei
2005 2972 2673 3030 #### sondern auch von der Direktion
1598 3003 1854 3057 des Deuismen
2077 3010 2664 3053 ##. Ja. an sann die Weiter¬
1599 3036 1943 3095 aufführung #rch
2081 3050 2672 3099 nach dem Regierungsverbote als
1601 3087 2672 3139 einen revolntien#en Att gegen diese bezeichnen. Und in
1590 3124 2671 3183 diesem Sinne erscheint die gestrige Demonstration, abgesehen
1594 3162 2657 3214 von den sonstigen ti#lichen Gründen, die sie veranlaßten,
1590 3199 1918 3249 geradezn als
1929 3200 2581 3256 eine latträftige Unterstützung
1601 3237 2208 3283 Regierungsausoritäl gegensber
2412 3236 2662 3284 holutionären
2207 3235 2348 3283 den
1597 3266 2653 3328 Elemenien, die sich frech gegen den Willen der auf die
1601 3316 2662 3372 Meyrheit der Bepölkerung gestützten Regierung auflehnen.
1595 3359 2649 3406 Zu diesem Bit## raßte auch gar ruflich, daß diese Demon¬
1599 3392 2652 3445 stration den, Denungs reunde“ so tum ####'sche Szenen
1601 3416 2329 3481 ie auch im Gesoige hatte, doch die erst
1604 3466 2650 3517 staltung war. bei der keine Diesstähle vorkamen. Es war
1597 3504 2659 3556 die Auflehnung der wahrhaft demokratischen Volkskreise
1583 3546 2658 3595 gegen die rerolutionären, an deren Spitze der derzeitige
1592 3588 2658 3635 Bürgerme ster von Wien. Jasob Reumanz marschiert, von
1599 3631 2653 3682 dem und ein gesiges Geimie hoch endlich erlosen möge,
1587 3654 2659 3709 Dann wird Wie: end ich vmn dem Brandmale befreit.Pel¬
1583 3698 2657 3762 das die in immer steigendem Maße angekündigten Abends
1601 3741 2656 3810 und Nachtvorstellungen von „Reigen" und „Flazume“
1593 3776 2044 3842 unserer Stadt auforücken.
2108 3806 2143 3879 35
2698 547 2732 586 1
2704 299 2753 375 a
2714 436 2747 467 —
