3484 4224
648 87 1802 156 Rew-Jork, 5. Dezember. (W. T. B. Durch Funkspruch.) Wie „Asso¬
535 127 1814 197 ciated Preß“ aus Washington meldet, wurde von nichtoffiziellen
529 172 1802 234 japanischen Kreisen die Ausdehnung des chinesischen
532 219 1808 280 Bankenkonsortiums oder seine Erweiterung auf Grund eines um¬
533 258 1809 328 fassenderen Abkommens als zweckmäßiger Ersatz für das englisch japanische
528 306 1804 372 Bündnis angeregt. An dem Konsortium sollen Amerika, Japan, England und
535 339 991 411 Frankreich beteiligt werden.
830 403 1533 479 Amerika und die Abrüstung.
647 480 1805 551 T. Paris, 6. Dezember. (Drahtmeldung unseres Sonderberichterstatters.)
534 518 1803 581 Der amerikanische Kongreß ist gestern mittag wiederum zu¬
534 567 1802 636 sammengetreten. Senator Penrose teilte dem Senot mit, daß er für
533 616 1812 669 heute die Erörterung des Gesetzesvorschlages wegen der Schulden der
531 658 1801 721 Alliierten fordern werde. Das neue Zolltarifgesetz wird vom Senat
525 699 1321 760 erst nach den Weihnachtsferien erörtert werden.
638 746 1803 795 Präsident Harding erklärte: Falls die Washingtoner Kon¬
526 779 1805 854 ferenz scheitern sollte, müßten die Vereinigten Staaten mehr als
523 838 1812 899 800 Millionen Dollar für Militär= und Marineauslagen im Budgetjahre vor¬
539 873 1799 937 sehen. Das ist um 60 Millionen weniger als im laufenden Jahre, aber noch
532 920 1809 972 immer weit mehr als jemals im Militär= und Marinekredit vor dem
526 963 1802 1013 Kriege gefordert worden war. Die Vereinigten Staaten könnten im Falle
520 1003 1812 1056 des Scheiterns der Konferenz einer starken Herabsetzung der Marine= und
526 1048 1814 1106 Militärkredite so lange nicht zustimmen, als die anderen Mächtes#cht¬
529 1087 770 1142 dasselbe täten.
638 1124 1804 1190 Die Einnahmen der Vereinigten Staaten für 1923 werden mit
525 1175 1804 1235 3328 Millionen, die Ausgaben mit 3505 Millionen beziffert, davon für
1421 1228 1613 1294 K
849 1290 1485 1387 Neues Schauspielhaus.
791 1368 1568 1456 Reigen“ von Arlhur Schnitzler.
638 1416 1719 1499 Ein saures Amt und heut' zumal. Nämlich das Kritisieren.
1715 1454 1805 1507 Man
533 1473 1796 1554 kann über dies Werk, nachdem es so viel Staub aufgewirbelt, so hitz'ge
519 1530 1804 1597 Meinungskämpfe entfesselt, solche umständlichen Prozeßapparate in Bewegung
523 1577 1793 1641 gesetzt hat, beim besten Willen kein künstlerisches Werturteil fällen, ohne
527 1623 1805 1686 zugleich ein ethisch=ästhetisches Judicium abzugeben. Kritisieren heißt in diesem
528 1663 1796 1723 Falle grundsätzliche Stellung nehmen. Zuvor aber muß, nach dem Bühnen¬
530 1707 1804 1765 eindruck, den wir jetzt gewonnen haben, eins festgestellt werden: hier ist durch
536 1746 1794 1809 übertriebenes Wichtignehmen von allen Seiten aus einer Mücke ein Elefant
524 1787 1795 1867 gemacht worden. Die riesige Billettpolonäse, die seit einiger Zeit täglich
526 1840 1800 1898 Hunderte Neugieriger vor der Kasse unserer Kammerspielbühne aufführen,
530 1879 1799 1947 steht in einem schreienden Mißverhältnis zux Bedeutung des „Reigens",
527 1925 1798 1983 der im Inneren getanzt wird. Was die meisten dieser — Kunstenthusiasten
522 1964 1795 2035 lockt, ist wohl der Kitzel der Sensation, die Aussicht, etwas in einer öffent¬
532 2009 1800 2076 lichen Schauanstalt zu erleben, was sich sonst nur zwischen den verschwiegenen
530 2051 1791 2116 vier Wänden von Privathäusern abzuwickeln pflegt. Das erleben die
536 2101 1110 2157 „Reigen“=Besucher nun allerdings.
652 2141 1799 2203 Schnitzler oarüert in dieser Dialogreihe, die er 1896/97 schrieb und
529 2191 1799 2250 zunächst durch Privatdruck einem beschränkten Leserkreise unterbreitete, das
528 2234 1801 2294 von ihm mit Vorliebe besungene Thema der sinnlichen Liebe auf zehn ver¬
529 2273 1789 2336 schiedene, nach dem sozialen Stande und dem geistigen Niveau der Sprechen
526 2324 1804 2380 abgestufte Arten. Die ersten beiden Szenen, die sich zwischen Angehörigen
528 2357 1797 2426 der einfachen Volkskreise abspielen, sind naturgemäß von keinerlei Geist oder
534 2402 1800 2475 Weltanschauung beschwert. Was die Dirne und der Soldat, derselbe Soldat
536 2452 1788 2516 und das Stubenmädchen miteinander zu verhandeln haben, findet in shlichten
528 2493 1804 2552 ja banalen, nur das Nötigste berührenden Worten Ausdruck. Auch im Gespräch
531 2537 1800 2601 des Stubenmädchens mit dem jungen Herrn taucht noch kein bemerkenswerter
534 2573 1793 2635 Einfall auf. Einen etwas höheren Aufschwung nimmt das Liebeswerben des
532 2622 1788 2683 jungen Herrn um die junge Frau, obwohl auch diese Szene nicht unbedingt
525 2674 1797 2722 ein Dichter geschrieben haben muß. Dichterisch im Sinne verfeinerter
524 2710 1800 2774 Psychologie, differenzierter Empfindung und philosophischer, auf höhere
524 2752 1790 2813 Gesichtspunkte gerichteter Denkweise wird's erst im nächtlichen Zwiegespräch
521 2798 1787 2860 der Frau mit ihrem Gatten. Hier fallen wenigstens ein paar beachtliche
522 2851 1797 2898 allgemeine Bemerkungen über Ehe, Liebe, welbliche Sexualethik und was
530 2887 1787 2946 dazu gehört. Im folgenden Dialog, den der Gatte und das süße Mäde
536 2928 1786 2992 führen, verengt sich wieder der geistige Horizont. Dafür weht uns, eigentlich
521 2978 1789 3029 zum ersten Male, ein erfrischender Hauch aus der bekannten Schnitzlerwelt,
527 3022 1800 3084 aus der reizvollen Sphäre der Anatols und Mizis, des lässig=weltmännischen
534 3060 1795 3116 Genießertums und der behaglichen Enge kleinbürgerlichen Vorstadtlebens an.
532 3104 1782 3166 Auch das Bildchen Süßes=Mädel=Dichter almet Wiener Luft und Schnitzler
522 3145 1785 3206 schen Geist (was ja zum Teil auf dasselbe hinauskommt). Sehr hübsch und
522 3191 1799 3248 echt schnitzlerisch die leis=ironischen Streiflichter, mit denen der Dichter (nämlich
524 3235 1800 3293 der Dichter des „Reigen“) den Gegensatz zwischen dem Empfindungsleben
522 3273 1796 3339 des idealistischen Schwärmers und der nüchtern=real denkenden Grisette
525 3321 1795 3384 beleuchtet. Noch deutlicher offenbart sich dieser Gegensatz in der Unterhaltung
523 3364 1789 3426 des Dichters mit der Schauspielerin, die die lyrischen Ergüsse ihres Partners
517 3416 1787 3469 noch durch einige chavakteristische und amüsante Proben aus dem Phrasen¬
522 3455 1791 3507 schatz der Komödiantensprache und ihre Vorgängerin durch prosaische Lebens¬
524 3500 1797 3561 auffassung übertrumpft. Ihrem nächsten Liebhaber, dem Grafen, gegenüber
520 3546 1785 3598 zieht die Diva etwas andere Seiten auf, doch kann sie letzten Endes auch
532 3588 1797 3642 hier ihre wahre Natur nicht verleugnen und ihre rein erotischen Absichten
523 3633 1783 3681 nicht verbergen. Im letzten Bild landet der Graf nach nächtlicher alkohol¬
522 3672 1786 3752 schwerer Bummelfahrt bei der Dirne, die als A und O der ganzen Szenen¬
526 3720 1426 3778 folge den Reigen schließt, wie sie ihn eröffnet hatte.
1849 90 3123 157 tung unverfehrt an China zurückgegeben wird, die direkten Ver¬
1858 132 3127 201 handlungen beendigen und diese Frage der Abrüstungskonftrenz
1853 176 3126 250 unterbreiten, da sie eine unvermeidliche Quelle für Streitigkeiten und dazu
1847 224 2740 277 angetan sei, den Frieden im fernen Osten zu stören.
1964 269 3127 340 New-Bork, 6. Dezember. (W.=T.=B.=Funkspruch.) Der Genermi¬
1857 321 3120 391 sekretär der chinesischen Delegation in Washington, Tiao, zeigte wie „Asso¬
1860 368 3130 445 ciated Preß“ meldet, nach Peking telegraphisch den Rücktritt als Mit¬
1856 424 3120 486 glied der Delegation als Protest gegen die negativen Ergebnisse
1852 477 2806 530 an, die China mit seinen Forderungen bisher erreichte.
2268 574 2736 667 Aus dem Reich.
1960 656 3127 727 Berlin, 6. Dezember. (Drahtmeldung.) Laut einer Meldung der
1859 708 3130 777 „Deutschen Allg. Zig.“ beschäftigte sich das Reichskabinett gestern
1857 753 3125 822 mit den laufenden Angelegenheiten. Die Reparationsfrage war
1844 792 2431 842 nicht Gegenstand der Beratung,
1961 827 3140 897 Wie der „Vorwärts“ mitteilt, tritt am Vormittag in der Reichskanzlei
1855 879 3127 941 der interfraktionelle Ausschuß der Koalitionspar¬
1850 921 3140 1005 teien zusammen, um die politische Lage und die Finanzreformvorschläge
1856 964 2362 1026 des Reichskabinelts zu beraten.
1965 1015 3133 1086 Berlin, 6. Dezember. (Drahtmeldung.) Gestern begann im Leip¬
1835 1061 3128 1112 aziger Volkshaus der erste Reichsbetriebsrätekongreß für, die
1843 1105 3126 1166 Metallindustrie. Außer den Regierungsbehörden waren der inter¬
1844 1155 3139 1214 nationale Metallarbeiterverband, die Metallarbeiterverbände Norwegens,
1842 1188 3129 1243 Oesterreichs und der Tschechoslowakei, sowie die großindustriellen Unter¬
1955 1293 3128 1352 Alle diese Gespräche, ob sie banal oder geistvoll, ernst oder lustig,
1845 1335 3124 1391 wort= oder gedankenreich sind, steuern mehr oder weniger direkt auf ein und
1844 1384 3134 1440 dasselbe Ziel los: jenen heiklen Punkt, um den sich im letzten Grunde alle
1842 1427 3119 1475 Beziehungen zwischen Mann und Frau und, seit der Freigabe des „Reigens“
1859 1469 3128 1522 ür die Bühne, die Meinungskämpfe vieler Berufener und Unberufener drehen.
1840 1518 3119 1572 Diese Kämpfe sind, so sehr man ihre Ausartungen bedauern muß, verständlich
1850 1561 3122 1616 wenn man bedenkt, daß der besagte Punkt hier nicht, wie sonst in Liebes¬
1840 1603 3117 1653 dramen, als unsichtbares Aktschlußzeichen fungiert, sondern, vom Dichter
1844 1652 3128 1702 zu unzweideutigen Gedankenstrichen verlängert, mitten in den Dialog gesetzt
1849 1692 3121 1734 wird. Eine solche dichterische Freiheit hat sich vor Schnitzler aller¬
1842 1734 3127 1784 dings kein Dramatiker erlaubt, nicht einmal Aristophanes, der
1842 1771 3127 1827 doch gewiß nicht prüde war, und die Frage, ob dergleichen
1843 1821 3130 1879 auf die Bühne gehört, läßt sich nicht von der Hand weisen.
1837 1856 3129 1918 Man braucht kein Pharisäer oder Philister, kein Mucker oder Astlochgucker
1848 1914 3117 1964 zu sein, um sie grundsätzlich zu verneinen. Gewisse intime Vorgänge ent¬
1847 1952 3127 2007 ziehen sich aus ethischen wie ästthetischen Gründen unter allen Umständen
1846 2000 3119 2047 der dramatischen Darstellung, darüber helfen keine beschönigenden Sprich¬
1839 2046 3114 2096 worte wie „Dem Reinen ist alles rein“, helfen auch keine Gerichtsurteile
1855 2088 3129 2140 inweg. Nun bekommt man freilich in der Aufführung von diesen stummen
1843 2132 3117 2184 Zwischenakten de facto nichts oder nur die z. T. recht zaghaften Prälu¬
1849 2174 3119 2227 dien zu sehen, denn da, wo der Dichter die Gedankenstriche einschaltet,
1851 2216 3125 2266 schaltet der Regisseur die Lampen aus. Für das Bewußtsein des
1849 2264 3120 2311 Zuschauers ändert dieser Notbehelf aber nichts an der Peinlichkeit der
1846 2309 3124 2362 Situation, mag auch dem Auge das Schlimmste erspart bleiben. Die
1850 2343 3120 2400 Verdunkelung der Bühne erhellt den Tatbestand erst recht und das Ver¬
1844 2393 3126 2456 stummen des Gesprächts besagt ebenso deutlich, wie es Worte verm####en,
1840 2443 2967 2504 was man sich bei den Gedankenstrichen im Buch zu denken hat.
1947 2472 3131 2550 Als mildernden Umstand könnte man immerhin die künft##ischen
1850 2525 3119 2583 Werte des Werks gelten lassen. Sie sind natürlich vorhanden, denn
1844 2579 3118 2632 Schnitzler bleibt eben Schnitzler, auch wenn er einmal unter sein Niveau
1844 2624 3128 2686 sinkt. Trotzdem muß man auch von diesem Gesichtspunkt sagen: er hat
1850 2665 3124 2725 schon Besseres, seiner Würdigeres geschrieben. Gewiß bergen die Zwiege¬
1849 2713 3111 2762 spräche manches feine und kluge Wort, blißt hier ein dichterischer Ge¬
1841 2755 3120 2815 dankenfunke, dort ein witzig=satirisches Schlaglicht auf. Ein sehr feiner,
1835 2794 3120 2857 mit der trüben Unerquicklichkeit der ganzen Situation versöhnender Zug
1843 2845 3123 2892 z. B., wenn im letzten Bild der Graf bedauert, daß er die Dirne, in
1839 2890 3117 2951 deren=Zimmer er sich findet, nicht nur auf die Augen geküßt hat. „Es wäre
1841 2932 3126 2979 beinah ein Abenteuer gewesen: Das ist der Schnitzler, den wir kennen
1849 2978 3112 3027 und lieben, der gemütvolle zartsinnige Poet und geistreiche Sinnierer.
1841 3019 3120 3073 Auch spürt man in der Zeichnung der Personen und ihren charakterologisch
1843 3067 3125 3114 aufschlußreichen Wechselbeziehungen zueinander die sicher formende Hand
1846 3110 3116 3171 des dramatischen Gestalters. Und die ganze Wortmusik zu diesem Reigen
1834 3154 3110 3210 durchzieht jener bekannte Unterton melancholischer Resignation und Genuß¬
1850 3198 3114 3243 müdigkeit, der in allen Schnitzlerschen Dichtungen, auch den heiteren, irgend¬
1839 3245 3110 3300 wo anklingt und das erotische Leitmotiv des „Reigens“ gelegentlich fast
1841 3289 3119 3343 zum Leidmotiv macht. An sich ist diese Schnitzlersche Mischung aus Zynis¬
1835 3336 3118 3387 mus und Wehmut, aus Epikuräertum und Lust am Spintisieren überhaupt
1837 3369 3114 3432 nicht ohne Reiz. Wir kennen sie aus dem „Anatol“=Zyklus und es scheint,
1841 3417 3118 3476 daß jenes Anatolien und das Bereich des „Reigens“ eng aneinander
1839 3455 3108 3510 grenzen. Hier wie dort malt sich in den mikrokosmischen Bildausschnitten
1843 3505 3108 3558 die der Dichter uns zeigt, die große Welt, die dahinter liegt, ab: Wien
1843 3550 3109 3606 mit allem, was zu diesem Begriff gehört. Auch der „Reigen“ wird stellen¬
1845 3586 3119 3644 weise mit jener spielerisch=müden Grazie getanzt, die Schnitzler so leicht
1837 3632 3119 3684 keiner nachmacht und die Musik, die man sich dann dazu wünschte, müßte
1843 3686 3109 3738 von Mozart oder Schubert sein. Schade nur, daß die mit insamer Regel¬
1841 3719 3141 3798 mäßigkeit einsetzenden „Gedankenstriche“ uns immer wieder mit brutgler!
3173 82 3364 145 in Bröffde
3171 130 3335 187 ihnen das
3167 172 3362 229 „Herren“
3165 209 3367 266 über den t#
3164 256 3357 313 gehört, das
3174 298 3372 356 genießen völ
3170 345 3339 399 rechtigung“
3169 371 3373 440 Vertrete
3167 426 3367 482 mit dop
3166 470 3373 525 lut notn
3173 513 3382 572 rung des
3174 557 3371 613 ein dur
3162 594 3387 656 Posen en
3168 638 3381 696 bürgt w
3174 685 3383 754 vielleich
3272 819 3382 887 R B
3175 859 3379 946 In Berli
3176 932 3381 999 fach zu P
3172 980 3357 1053 erfolglosen
3175 1041 3384 1108 festzuneh
3162 1083 3382 1153 gnber
3172 1134 3388 1209 Alarmbereitf
3175 1190 3401 1256 hatte sich ges
3169 1293 3364 1362 Deutlichkeit
3178 1341 3375 1406 innern und
3176 1384 3389 1458 kleiden. Ein
3173 1432 3367 1496 geschlossenen
3180 1476 3368 1539 des gleichen
3167 1525 3387 1580 müdend, also
3176 1568 3391 1627 Lichtblicke m
3166 1612 3386 1676 mit ihnen so
3166 1659 3371 1714 die uns in
3174 1696 3372 1755 anhnalischer
3164 1742 3379 1804 Zweck der 2
3177 1789 3396 1847 scheinend au
3171 1830 3401 1890 daß er seine
3164 1873 3368 1937 hatte Ihn
3170 1965 3382 2024 entfesselt hat
3171 2008 3381 2069 Dichtung au
3167 2051 3371 2126 französischer
3275 2099 3360 2150 Wie
3172 2125 3382 2195 in Königsbei
3163 2183 3368 2243 Ob Direktor
3165 2224 3385 2290 entschlossen h
3162 2271 3380 2327 schweren. Ze
3163 2317 3380 2375 In jjedem F
3170 2360 3390 2421 liche aufgebos
3174 2405 3388 2462 regeln wie d
3165 2447 3379 2509 jeden sensatt
3164 2493 3402 2553 vons Regi'en
3170 2537 3368 2604 des Künst.
3163 2582 3363 2638 rückt. Die
3171 2625 3385 2680 sind von ein
3162 2663 3397 2727 verschleiernde
3162 2713 3360 2776 sinnbildlicht
3172 2753 3383 2815 „apfés“ üb
3168 2804 3398 2866 interteurs bis
3168 2846 3394 2903 großenteils
3169 2889 3396 2951 sonderen M#
3169 2931 3383 2997 müht, wiene
3168 2978 3384 3035 Holt=Wa
3161 3020 3390 3081 mildernd. D
3171 3065 3386 3124 Herren sind.
3168 3108 3381 3172 elegant, aber
3160 3148 3397 3209 Haus Pep
3158 3192 3376 3259 Frau und d
3166 3234 3385 3298 unterscheidend
3164 3282 3382 3343 warmem frif
3166 3330 3388 3386 beste Leistung
3155 3374 3387 3429 nicht lyrisch=
3161 3414 3393 3477 köstlich ording
3155 3458 3393 3518 Oskar Wal
3162 3505 3383 3577 Zivil schwern
3261 3551 3349 3604 Das
3348 3551 3387 3608 P
3153 3583 3378 3651 schweigend a
3163 3638 3382 3698 Mancher, der
3150 3682 3387 3759 von dieser in
