3496 4320
1050 189 1474 289 box 17/5
362 187 873 294 11. Reigen
816 726 999 806 Seite 2
1440 743 1607 806 Montag
717 812 1818 870 geführte Inszenierung des „Reigen“ dadurch zu mildern,
719 861 1809 920 daß anstatt der Verdunkelung der Szene während der
711 908 1811 962 bekannten Dialogstellen der Vorhang fallen würde. Die
711 957 1809 1022 Regierung hat sich zu diesem Vorschlag Direktor Bernaus
712 1000 1127 1083 bisher nicht geäußert.
786 1108 1746 1241 Die Herren „Oberlehrer“
833 1219 1709 1306 Bemerkungen zur „Reigen“=Affäre.
820 1278 1814 1353 Man soll den Streit um die Aufführung des
717 1349 1804 1401 Schnitzlerschen „Reigens“ nicht schelten; er hatte, von
713 1396 1811 1454 dem nicht unbeträchtlichen politischen Hintergrund abge¬
716 1445 1814 1513 sehen, auch darin sein Gutes, daß er wieder einmal den
716 1496 1808 1556 an sich lächerlichen, aber in seiner Anmaßlichkeit doch
721 1541 1814 1595 auch störenden Typus der Oberlehrer=Naturen mit ent¬
720 1592 1814 1656 sprechender Deutlichkeit allen vor Augen geführt hat. Im
720 1640 1811 1699 alten Staat war die Bevormundung der Bürger durch
720 1681 1808 1743 den Staat ein Stück jenes großen Systems von Siche¬
714 1733 1816 1792 rungen, welche zur Erhaltung der Macht erfunden und
711 1784 1812 1843 planmäßig ausgebaut worden waren. Es lag im Wesen
720 1830 1809 1890 dieses Systems, nicht nur das Tun, sondern auch das
717 1886 1807 1938 Denken zu überwachen, denn da das Denken das Tun
717 1923 1810 1986 erzeugt, schien es zweckmäßig, hinter jedes Hirn einen
717 1977 1809 2041 unsichtbaren Polizisten zu stellen, der darauf zu achten
718 2030 1819 2095 hatte, daß alles respektiert werde, was zur Erhaltung der
711 2073 1808 2133 Macht gehört. Vom ersten Lesebuch an, welches das Kind
718 2130 1815 2184 in die Hände bekam, bis zum vaterländischen Geschichts¬
712 2181 1810 2236 werk, vom ernsten Theaterstück, welches der Dramatiker
717 2217 1809 2278 dem Bühnendirektor übergab, bis herunter zum kleinen
716 2267 1814 2318 Couplet des Brettelsängers wurde jede Zeile auf ihren
720 2315 1810 2374 Geist und die Harmlosigkeit oder Bösartigkeit dieses
721 2364 1812 2421 Geistes geprüft. Die Methode hatte einen bestimmten
724 2419 1814 2483 Zweck: die Erhaltung der Macht. Wer diese Macht be¬
723 2471 1817 2523 jahte, mußte logischerweise auch die Mittel zu ihrer Er¬
723 2521 1814 2568 haltung gutheißen, wer sie verneinte, sah in dieser
717 2565 1823 2625 Methode das größte Hindernis einer wirklichen Befreiung
718 2605 926 2673 der Köpfe.
828 2630 1817 2716 Nun leben wir, sagt man, in der Freiheit. Wir
717 2701 1817 2761 könnten zumindest frei leben, weil der Zwang, ein=kom¬
730 2748 1817 2812 pliziertes Herrschaftssystem aufrechtzuerhalten, wegfällt.
720 2793 1829 2865 Der Staat kann sich auf seine natürlichen Funktionen
727 2852 1813 2912 beschränken: der Schützer des Lebens und Eigentums
726 2905 1816 2962 Polizist und Nachtwächter zu sein. Woher kommt es nun
729 2945 1817 2999 daß er dennoch rückfällig, daß er Mentor und Vormund,
728 3001 1818 3060 Einbrecher in die Privatsphäre des Bürgers wird? Dies
730 3047 1826 3108 liegt nicht an irgendeiner mysteriösen Funktion des
718 3102 1824 3152 abstrakten Ungeheuers „Staat“, sondern an dem wider¬
718 3144 1830 3203 wärtigsten Menschentypus, an den sogenannten Oberlehrer¬
725 3186 1826 3244 Seelen, die von der absonderlichen Idee besessen sind,
729 3237 1839 3295 sich um Dinge zu kümmern, die sie gar nichts angehen,
727 3288 1830 3342 dabei aber den Vorwand gebrauchen, es handle sich bei
720 3331 1828 3383 dieser Einmischung in die Privatsphäre der Mitmenschen
729 3383 1824 3464 um das „allgemeine Wohl“, um das „sittliche Heil“ und
732 3427 1063 3508 dergleichen mehr.
836 3452 1826 3539 Das „Reigen“=Beispiel: Es ist jedermann gestattet,
724 3528 1825 3581 Schnitzlers kleine Szenenreihe für was immer zu halten,
728 3572 1824 3637 Gefallen daran zu finden oder in ihr, wie so viele der
728 3624 1824 3679 öffentlichen Schwätzer getau, eine „Schweinerei“ zu sehen.
731 3674 1837 3730 Jeder hat das Recht, seine Dummheit zu plakatieren, die
736 3723 1719 3775 Armseligkeit und Dürftigkeit der eigenen Natur
1787 3728 1834 3777 es
732 3764 1830 3832 kann daher niemand verwehrt werden, den Wiener Dichter
728 3822 1829 3887 mit Unrat zu bewerfen. Nur eines sollten alle öffentlich
721 3870 1829 3923 Wirkenden, Politiker, Staatsmänner und Journalisten,
721 3921 1840 3976 ndlich kapieren lernen, daß sie kein wie immer geartetes
1162 4035 1436 4136 Theater.
1061 4122 1505 4191 Von Hans Liebstoeckl.
1995 734 2777 804 „Wiener Sonn- und Montags-Zeitung“.
1855 793 2964 874 Recht besitzen, sich in die Privatphäre ihrer Mimnenschen
1863 862 2950 917 einzudrängen. Dies nämlich ist der fundamentale Unter¬
1863 910 2957 970 schied zwischen Barbarei und Gesittung, zwischen Knechtung
1852 957 2960 1013 und Freiheit, ob die Privatsphäre des einzelnen unan¬
1855 1010 2962 1077 getastet bleibt von frechen Einbrüchen und Betastungen.
1956 1058 2968 1116 Und die Frage der „Reigen“=Aufführungen ist eine
1853 1097 2963 1153 Privatangelegenheit jedes einzelnen der Kammerspiel¬
1844 1146 2969 1216 Besucher. Verstehen das die Politiker nicht? Wollen die
1848 1201 2962 1262 aufgeregten Eiferer diese einfache Tatsache nicht begreifen?
1865 1251 2959 1304 Der Politiker kann, wenn er will, auf der Tribüne sagen
1857 1296 2967 1351 ihm gefalle es nicht, daß die Bühnen nur das erotische
1860 1344 2964 1400 Thema behandeln; er darf aber den Mitmenschen,
1861 1390 2964 1451 dem das erotische Thema amüsanter und wichtiger
1859 1440 2967 1497 erscheint als politisches Geschwätz, nicht vergewaltigen
1862 1487 2985 1549 wollen. Der Theaterkritiker kann, wenn es ihm Spaß
1863 1535 2969 1593 macht, alle Argumente gegen die Aufführung der
1871 1579 2976 1648 Schnitzlerschen Szenen aufmarschieren lassen. Aber eines
1853 1642 2977 1697 darf er nicht: er darf nicht nach der Polizei schreien.
1855 1682 2966 1751 Das ist anmaßende Frechheit und schmutzigste Lumperei
1867 1728 2960 1788 obendrein. In einem gesitteten Gesellschaftszustand
1862 1775 2973 1841 muß es jedermann gestattet sein, sich die Art des Ver¬
1854 1828 2978 1888 gnügens und der Unterhaltung selbst zu bestimmen. Die
1865 1877 2976 1940 Menschen, die abends das Kammerspielhaus besuchen, sind
2879 1922 2978 1986 Fall
1859 1926 2858 1984 dem Staat vielleicht Steuerreste, aber auf keinen
1865 1970 2981 2038 Rechenschaft darüber schuldig, ob der „Reigen“ ihrer
1866 2019 2978 2079 „Sittlichkeit“ zuträglich oder abträglich ist. Und die Herren
1868 2075 2976 2131 Richter in den Redaktionen geht der Geschmack und das
1860 2114 2970 2172 leibliche Wohl der Theaterbesucher schon gar nichts an.
1870 2167 2970 2221 Es wirkt aufreizend, Politiker und Journalisten als Ober¬
1868 2213 2966 2274 lehrer der Gesellschaft zu sehen, in der Rolle des Klassen¬
1858 2273 2974 2324 vorstandes, der den Theaterbesuch der Schüler unter
1858 2316 2980 2372 Zensur stellt. Wenn man sich der Mühe unterzöge, etwa
1861 2357 2974 2415 die psychologischen Untergründe dieses Oberlehrertums zu
1865 2415 2979 2467 untersuchen, käme man ja sehr bald darauf, daß die
1872 2457 2982 2517 Sorge um die bedrohte „Sittlichkeit“ in den wenigsten
1856 2507 2981 2565 Fällen einem idealen Irrtum, sondern dem Mißverständnis
1870 2565 2980 2618 eines galligen Leibes entspringt, der seine physiologischen
1869 2602 2979 2658 Mängel als sittliches Plus umdeutet. Mit anderen Worten:
1861 2650 2978 2707 Sittliche Entrüstung ist meistens der Trauergesang eines
1861 2699 2971 2761 Feuchthänders. Dennoch: Wer sich in dieser Art demaskieren
1872 2757 2973 2813 will, mag's immerhin tun. Anders wird die Sache,
1873 2798 2976 2854 wenn er die Gewalt anruft. Dann muß man ihn
1867 2844 2983 2908 daran erinnern, wie unangenehm es ihm und seinesgleichen
1869 2894 2974 2957 war, als andere Apostel der Gewalt die Verhinderung
1880 2941 2975 3005 der Presse als das beste Mittel zur Hebung der Sittlich¬
1879 2990 2979 3054 eit empfahlen. Merkwürdigerweise waren es fast ganz
1866 3042 2985 3100 ähnliche Argumente, welche diese Gewaltanbeter vorbrachten.
1878 3092 2978 3143 Mit Recht hat man sich damals gegen die Bedrohung der
1871 3141 2985 3202 Presse gewehrt und die Freiheit jedes Druckerzeugnisses
1867 3188 2980 3253 gefordert. Soll das Theater anders beurteilt werden?
1876 3239 2977 3296 Will man wirklich den Geschmack oder das Unterhaltungs¬
1873 3282 2975 3335 bedürfnis einer Großstadt unter die Kontrolle irgendeines
1877 3331 2975 3400 Polizeibeamten stellen? Es gibt ein sehr einfaches Mittel,
1875 3379 2987 3442 die sittlich entrüsteten Schreier zu beruhigen: Was ihnen
1869 3439 2983 3505 nicht gefällt, können sie meiden. Was die anderen tun,
1876 3480 2232 3545 geht sie nichts an.
1992 3522 2988 3589 Der gutmütige Wiener hat sich jahrhundertelang
1874 3577 2983 3629 bevormunden, schikanieren und zensurieren lassen. Er ver¬
1883 3622 2985 3686 traute den Oberlehrer=Naturen, war wirklich der Schüler,
1879 3672 2985 3730 dem das Maß geistiger Freiheit portionweise abge¬
1876 3723 2979 3784 messen wurde. Der Endeffekt der Oberlehrerei müßte ihm
1878 3781 2983 3830 endlich auch den letzten Rest von Autoritätsanbetung
1881 3827 2988 3878 nehmen. Er ziehe endlich die Konsequenz seiner Einsicht!
1878 3867 2991 3929 Er schüttle die Oberlehrer ab! Es ist genug der frechen
1881 3923 2981 3971 Bevormundung. Es hat niemand das Recht, um meine
1880 4016 2978 4071 ruhig, die Politiker und Parteien wittern Morgenluft,
1880 4075 2974 4121 zwei alte, intime Feinde, „Fortschritt“ und „Reaktion“
1882 4120 2984 4174 fühlen die Stunde des Turniers gekommen, reiten mit
1879 4168 2985 4216 gezückten Interpellationen gegen einander los, in der
3115 729 3372 794 14. Februar
3004 805 3339 862 Seele, um meine
3003 847 3395 915 leibliches Wohl beso
3010 897 3391 961 die von dieser Sorg
3000 948 3387 1011 damit an, die Frei
3001 993 3395 1077 Sphäre seines Woll
3131 1127 3376 1209 (Die obigen
3010 1177 3361 1257 Meinung unseres
3014 1239 3341 1311 wieder. D. Red.)
3002 1300 3402 1433 Der Genda
3149 1423 3383 1527 von Ste
3051 1507 3387 1591 Die Regierun
3120 1625 3390 1689 Der vom Bu
3022 1679 3391 1742 gemäß wurden ge
3008 1723 3384 1801 werkschaft der Bund
3019 1775 3399 1842 tretern von Ange
3008 1824 3392 1891 kanzler Dr. Mayr
3022 1874 3399 1938 Inneres und Untern
3021 1916 3386 1995 präsidenten Schob
3126 1969 3391 2033 Der Bundesla
3014 2018 3394 2082 den in der Denk
3016 2064 3408 2135 Disziplinarfällen ber
3021 2118 3390 2181 Verfügungen getro
3016 2165 3386 2228 Disziplinarfall des
3016 2214 3405 2278 dessen sofortige Hes
3014 2259 3385 2325 dererseits im Diszi
3014 2310 3391 2375 Reiterer gleichfa
3028 2359 3367 2420 veranlaßt und die
3025 2406 3386 2472 verfahrens aufgetrag
3129 2457 3384 2515 Was das Ver
3013 2501 3383 2573 und Dienstenthebun
3021 2553 3390 2620 zu ziehen, so seien
3023 2598 3396 2669 seinerzeitigen Ansuc
3036 2650 3388 2714 etzten Gendar
3022 2700 3380 2762 lich die Beschwerd
3029 2738 3404 2813 Aeußerung bekanntg
3015 2798 3398 2861 könne erst die Fre
3025 2844 3380 2903 und eine eventuelle
3016 2890 3378 2974 der Disziplinar=Vo
3132 2978 3399 3065 Damit ist vor
3022 3044 3389 3132 der öffentlichen Sie
3218 3166 3381 3272 Haus
3321 3294 3396 3376 Or
3116 3364 3358 3438 „Wie ich sie
3025 3419 3386 3489 herren!“ So ode
3022 3466 3360 3535 Weltverbesserer
3023 3512 3391 3582 reformer peroriere
3024 3565 3387 3631 in der die typische
3021 3609 3375 3679 herzige Hausherr
3028 3664 3378 3728 herzig den Zins
3020 3713 3384 3772 treiben. Die staats
3035 3755 3395 3824 etzlichkeit“ des Ei
3023 3808 3349 3873 tümer mit jener
3023 3852 3388 3921 des Lebens zu schil
3023 3909 3395 3973 zeitig zum Stichbll
3038 4002 3394 4073 ie nützt. Ist Unhef
3026 4053 3396 4126 heil stiftet; gibte
3032 4102 3400 4167 fremd ist, so oblig
3026 4149 3398 4213 Verwirrung zu br
