3532 4352
331 98 840 186 11. Reigen
1036 84 1442 175 box 18/3
830 1380 1403 1496 nbeleche
741 1513 1416 1647 de (eisbranl, Amsterdm
1030 1782 1289 1864 5BAUG
800 2087 1425 2172 De „Reigen?-opvoeringen bij het
960 2132 1275 2198 Hofstad-Tooneel.
698 2181 1556 2241 De heer H. v. Waasdijk deelt, namens het
668 2229 1545 2291 Fisher Verlag, dat Arthur Schnitzler te Ber¬
672 2268 1555 2319 liin verfegenwoordist, ons in een schrifven
668 2306 1562 2352 d. m. ### dat bii het Hofstad-Tooneel tijdig
676 2354 1557 2399 er on i# ##ngedrongen de vertooning van twee
667 2386 1328 2434 dialogen uit „Reigen“ op te geven.
702 2407 1546 2473 „Had hei Hofstad-Tooneel“, z00 luidt het o. a
679 2462 1547 2509 in dit schrifven, „dit werk in ziin geheel ver¬
678 2494 1547 2548 toond, in plaats van twee brokjes, welke vol¬
686 2536 1548 2592 strekt niet den geest, dien Reigen beheerscht
687 2577 1549 2632 kunnen sublimeeren, dan ware ziin daad, hoe¬
687 2615 1559 2664 wel in moreel opzicht even laakbaar, uit een
680 2655 1550 2701 artistiek oogpunt beschouwd, wellicht minder
679 2695 1564 2737 ie veroordéelen, geweest. Een literair werk
687 2736 1566 2782 echter van zulk een suhtiele beteekenis in de
682 2776 1554 2824 waagschaal te stellen, ten einde in een Cabaret-
686 2804 1557 2859 programma ongesanctioneerd een pikant snufje
692 2845 1550 2894 tebrengen, is een daad een ernstig Tooneelge¬
686 2888 1074 2942 zeischap onwaardig.“
715 2922 1558 2984 Voorts weerspreekt het schrifven de mede¬
694 2959 1558 3010 deeling van den heer Van der Lugt Melsert dat
1500 3001 1573 3050 van
694 3003 1461 3063 dezen geen rechtstreeksche bedenkingen
696 3044 1390 3091 de ziide des auteurs bereikt hadden.
728 3085 1568 3129 Wij vernemen intusschen datide directie van
690 3116 1570 3166 het Hofstad-Tooneel Woensdagavond een tele¬
699 3154 1553 3214 grafisch verzoek van Schnitzler ontring, waar
688 3184 1569 3250 In zij aanleiding vond de dialogen uit „Reigenf
693 3234 1493 3302 spoedig van het programma te nemen.
2640 433 2732 527 6
2389 750 2665 880 a Aud.
2050 997 2764 1073 DE STRIJD OM DE „REIGEN“.
2233 1060 2661 1127 FRAGMENTESRE
2006 1116 2822 1197 Het Hofstadtooneel zet de opvoering Moor.
2007 1175 2845 1231 De heer Henry van Waasdijk schrift uit
1976 1219 2840 1294 naam van het bestuur der Hamburger (Kam¬
1966 1258 2652 1313 merspiele aan de „N. R. Ct.“ o. u.
2000 1291 2836 1366 „Tot op dit oogenblik ziin wil n#r#et in
1966 1337 2842 1398 staat te beoordeelen in hoeverre di bewering
1973 1374 2841 1431 van de directie van het Hofstad-Toßneel opode
1967 1401 2839 1467 Hollandsche wet van toepassing kan worden
1967 1441 2828 1501 gebracht, wij kunnen en mogen echter niet
1963 1485 2831 1544 aanncmen, dat een Hollandsch tooneelgezel¬
1972 1519 2831 1576 schap. dat bovendien, naar wis verneman, van
1966 1549 2833 1610 overheidswege gesubsidieerd wordt, zich zou
1959 1587 2829 1641 veroorloven het al of niet door de wet be¬
1958 1624 2821 1678 schermde, doch niettemin morcel onbetwistbarc
1957 1659 2819 1710 recht van den auteur Arthur Schnitzler op dus¬
1955 1686 2820 1754 danige brutale wisze aan te randen. Het kan
1955 1725 2820 1788 der directie bekend ziin, dat Arthur Schnitzler
1959 1760 2819 1828 om zcer bepaalde redenen tot nu toe gewei¬
1958 1798 2817 1861 gerd heeft ziln „Reigen“ in Hollandsche ver¬
1957 1834 2823 1890 taling te doen vertoonen, aangezien hij er bul¬
1950 1864 2825 1932 tengewoon veel waarde aan hecht, dat dit bij¬
1948 1907 2820 1969 zondere werk, hetwelk door vertaling, naar de
1953 1937 2821 2002 meening van Arthur Schnitzler, licht tot onge¬
1950 1977 2819 2031 wenschte vergroving aanleiding zou kunnen
1944 2012 2820 2076 geven, uitsluitend in de oorspronkelijke taal
1945 2049 2812 2124 voor het Hollandsche publiek zou worden ver¬
1943 2076 2058 2121 toond.
1985 2099 2804 2176 Wij laten het, in afwachting van nader
1943 2152 2815 2211 maatregelen, aan de publieke opinle over een
1942 2188 2810 2251 bordeel te vormen over de handelwitze, om,
1949 2224 2803 2283 ondanks het stellige verbod van den auteur
1941 2258 2810 2324 gedeelten van diens werk in cen cabaret-pro¬
1940 2292 2819 2356 gramma in te lasschen en aldus en aan het
1941 2327 2808 2392 werk zeif en aan de reputatie van een be¬
1931 2364 2807 2435 roemd schrijver op willekeurige wilze afbreuk
1933 2391 2088 2438 te doen.
1982 2429 2803 2487 De geldelijke fooi, die de directie van het
1933 2457 2815 2528 Hofstad-Tooneel voor Arthur Schnitzler in't
1939 2497 2797 2565 vooruitzicht stelt, kan het afkeurenswaardige
1933 2538 2803 2600 van hare handelwisze niet in het minst ver¬
1927 2564 2099 2618 goelijken
1962 2631 2800 2711 Naar wij intusschen van den heer Van der
1927 2680 2788 2742 Lugt Melsert vernemen, kan de directie var
1928 2724 2791 2791 „Het Hofstadtooneel“ geen reden vinden haar
1924 2764 2786 2829 voornemen tot deze opvoeringen op te geven
1928 2799 2791 2868 Maar is van de zijde van Arthur Schnitzler
1920 2838 2789 2909 trouwens geen bezwar tegen deze voorstellin¬
1902 2857 2344 2936 gen kenbaar gemaakt.
1918 2998 2784 3057 ontbinding van het leger der dubbelmonarchie
1910 3034 2781 3104 begon. De Tsjechoslowakische republiek werd
1912 3077 2611 3137 gesticht op den 28sten October 1918.
1944 3115 2769 3181 Zoo is het getal 28 van levensbelang ge¬
1915 3156 2731 3213 worden voor de dynastie en het keizerrijk.
2312 3204 2738 3263 (Tsj. Slow. Corr. Bur.)
1941 3254 2775 3328 PARIJS, 2 Aug. — Mécislas Charrier, de
1906 3316 2775 3367 eenige nog in leven ziinde der bandieten, die
1916 3349 2771 3406 den aanval deden op den sneltrein Parijs¬
1910 3388 2688 3446 Marseille, is hedenmorgen terechtgesteld.
2544 3429 2736 3490 (B. T. A.)
1933 3487 2777 3555 SANTANDER, 2 Aug. — De Alvear, de pre¬
1910 3543 2774 3590 sident van de Argentiinsche republiek, is hier
1906 3575 2780 3643 hedenmorgen gearriveerd. Hij werd door den
1914 3620 2491 3676 koning ontvangen. — (B. T. A.)
2281 3660 2600 3737 V Kalr er oom.
2212 3683 2351 3740 S
