3392 4352
294 123 427 214 11.
1003 118 1408 210 box 17/3
499 135 807 222 igen
686 1246 1452 1362 Dr. Max Goldschmidt
748 1339 1389 1439 Bureau für . . .
821 1399 1298 1497 Zeitungsausschnitte
604 1464 1527 1574 erbunden mit direktem Nachrichtendienst durch
814 1530 1285 1600 eisene Korrespondenten.
666 1575 954 1658 erlin N. 24.
1107 1589 1477 1673 Telephon: III, 3051.
682 1643 1554 1724 —
844 1701 1245 1788 Ausschnitt aus
758 1883 1332 2015 Wationalzeitung, Bertn
868 2067 1191 2159 3—- NOV /903
1092 2305 1431 2379 gaoeseneseinr
507 2350 1604 2433 = Der verbotene „Reigen“. „Reigen“ ist das letzte Buch,
437 2371 1604 2467 das Arthur Schnitzler herausgegeben hat. Nicht das letzt¬
437 2432 1608 2506 geschriebene. Denn auf dem Titelblatt vermerkt der Autor selbst,
440 2470 1606 2547 daß es in früheren Jahren geschrieben worden sei. Es scheint
432 2501 1602 2587 sogar vor der „Liebelei“, die Schnitzler seinen Namen gemacht hat,
435 2547 1591 2617 entstanden zu sein, denn von der stillen Klärung, die durch dieses
433 2579 1599 2660 Stück geht, ist im Buche noch wenig zu merken. Es sind
427 2616 1016 2685 Dialogscenen, die Schnitzler
1015 2635 1522 2694 da geschrieben hat,
1538 2655 1591 2698 um
418 2659 1592 2741 das Thema der Liebe herum, aber so eng um den Punkt, der
420 2701 1584 2769 sinnlich der höchste ist, ethisch aber minder bewertet wird, so
418 2735 1588 2817 beutlich, daß schon die Buchausgabe sehr gefährdet schien. Schnitzler
407 2775 1595 2857 htte den „Reigen“ ursprünglich bloß als Manuskript für seine
423 2814 1587 2895 Freunde drucken lassen, und erst vor kurzer Zeit erschien das
422 2855 1186 2922 Buch im Handel. Diesen „Reigen“
1194 2871 1525 2932 der von Dirne
424 2892 1360 2963 Soldat — Schauspielerin — Dichter — Weltdame
1374 2914 1537 2974 — Graf
415 2930 866 2987 und wieder Dirne
866 2942 1581 3006 im bunten Durcheinander getanzt
404 2970 1586 3044 wird, wollte nun Hermann Bahr, Schnitzlers Freund, in Wien in
416 3015 1578 3087 einer Vorlesung zu neuer Geltung bringen. Es ist begreiflich, daß
410 3050 1584 3125 die Behörde diese Vorlesung untersagte, und Hermann Bahr, der
418 3096 1578 3163 nun Rekurs an die oberste Verwaltungsbehörde ergreift, wird
408 3126 1574 3203 schwerlich ein anderes Resultat erreichen. Zweifellos ist es aber,
407 3169 1583 3262 daß dieses Verbot dem Buch, dais bereits sein Publikum gefunden
373 3205 1353 3286 hatte, eine weitere Verbreitung verschafft haben wird.
1951 1177 2722 1297 Dr. Max Goldschmidt
2008 1286 2645 1376 „ „  Bureau für
2084 1357 2568 1443 Zeitungsausschnitte
1853 1436 2801 1501 verbunden mit direktem Nachrichtendienst durch
2080 1477 2568 1549 eigene Korrespondenten.
1893 1526 2212 1612 Berlin N. 24.
2379 1544 2751 1625 Telephon: III, 3051.
2111 1651 2518 1738 Ausschnitt aus
1977 1863 2852 1948 ächsische Arbeiterzeitung, Dresden
2421 2054 2743 2186 7 S 90K 1905
1890 2210 2987 2305 Der verbotene „Reigen“. „Reigen“ ist das letzte Buch, das
1774 2250 2976 2351 ArshnnSchnitzler herausgegeben hat. Nicht das letztgeschrie¬
1773 2305 2972 2387 bene. Denn auf dem Titelblatt vermerkt der Autor selbst, daß es in
1778 2340 2986 2425 früheren Jahren geschrieben worden sei. Es scheint sogar vor der
1777 2385 2983 2465 „Liebelei“, die Schnitzler seinen Namen gemacht hat, entstanden zu
1773 2418 2982 2506 sein, denn von der stillen Klärung, die durch dieses Stück geht, ist im
1771 2459 2978 2543 Buche noch wenig zu merken. Es sind Dialogszenen, die Schnitzler
1770 2494 2980 2578 da geschrieben hat, um das Thema der Liebe herum, aber so eng
1766 2533 2976 2618 um den Punkt, der sinnlich der höchste ist, ethisch aber minder bewertet
1762 2572 2966 2646 wird, so deutlich, daß schon die Buchausgabe sehr gefährdet schien.
1769 2609 2969 2690 Schnitzler hatte den „Reigen“ ursprünglich bloß als Manuskript für
1780 2650 2959 2743 eine Freunde drucken lassen, und erst vor kurzer Zeit erschien das
1759 2689 2698 2755 Buch im Handel. Diesen „Reigen“, der von Dirne
2726 2717 2906 2768 — Soldat
1764 2723 2961 2802 Schauspielerin — Dichter — Weltdame — Graf — und wieder Dirne
1768 2767 2960 2842 im bunten Durcheinander getanzt wird, wollte nun Hermann Bahr
1768 2799 2962 2887 Schnitzlers Freund, in Wien in einer Vorlesung zu neuer Geltung
1759 2838 2965 2921 bringen. Es ist begreiflich, daß die Behörde diese Vorlesung unter¬
1755 2877 2952 2964 sagte, und Hermann Bahr, der nun Rekurs an die oberste Verwal¬
1790 2924 2963 2997 ngsbehörde ergreift, wird schwerlich ein anderes Resultat erreichen.
1809 2960 2954 3032 eifellos ist es aber, daß dieses Verbot dem Buch, das bereits sein
1818 2994 2970 3098 likum gefunden hatte, eine weitere Verbreitung verschafft hat.
