3336 4352
283 136 414 224 11.
973 130 1391 220 box 17/3
463 136 782 242 Reigen
1268 512 1462 589 Wenden!
386 504 1121 603 Wenden! Rückselte beachten!
1115 583 1421 680 Telephon 12.801
1164 668 1224 727 56
1030 755 1153 838 Ei
640 734 930 849 „SDSL
463 810 1406 894 I. österr. behördl. konzession. Unternehmen für Zeitungs-Aussehnitte
562 887 1309 969 WIEN I, CONCORDIAPLATZ 4
804 951 1080 1015 Vertretungen:
400 978 1457 1061 in Berlin, Basel, Budapest, Chicago, Cleveland, Christiania,
398 1047 1454 1094 Genf, Kopenhagen, London, Madrid, Mailand, Minncapolis,
400 1087 1450 1134 New-Vork, Paris, Rom, San Francisco, Stockholm, St. Peters¬
802 1125 1063 1186 burg, Toronto.
706 1159 1164 1224 (Quellenangabe ohne Gewähr.)
387 1212 1393 1311 Ausschnitt aus: JOHEMIA, PRAG
399 1288 743 1386 vom: 92.00
552 1532 1418 1627 Schnitzlers Reigen“ auf der Bühne. Aus Bu¬
467 1564 1407 1673 dapest wird gemeldel: Schnitzlers „Reigen“ gelangt
467 1619 1415 1710 in der ungarischen Uebersetzung Alexander Brodys
465 1667 1410 1763 und in der Bearbeitung von Albert Kövössy demnächst
450 1710 1405 1811 als Bühnenstück auf der Neuen Bühne Budapest zur
458 1747 693 1814 Aufführung.
414 2259 622 2322 Wenden!
753 2245 1153 2307 Rückselte beachten!
1283 2254 1481 2334 Wenden!
1132 2329 1445 2425 Telephon 12.801
778 2477 1160 2580 SSEHTEN
476 2570 1423 2636 I. österr. behördl. konzession. Unternehmen für Zeitungs-Ausschnitte
576 2625 1322 2705 WIEN I, CONCORDIAPLATZ 4
804 2686 1088 2753 Vertretungen:
417 2730 1472 2803 in Berlin, Basel, Budapest, Chicago, Cleveland, Christiania,
415 2787 1460 2843 Genf, Kopenhagen, London, Madrid, Mailand, Minneapolis,
416 2819 1463 2879 New-Vork, Paris, Rom, San Francisco, Stockholm, St. Peters¬
818 2859 1075 2914 burg, Toronto.
715 2892 1176 2965 (Quellenangabe ohne Gewähr.)
411 2945 1385 3070 Ausschnitt aus: PESTER LLOYD
414 3045 1054 3117 vom: 13. OKT. 1912
444 3162 1498 3242 (Köbossy=Bühne.) Es wurde heute ein Experiment
360 3233 1499 3290 angestellt, das zwar — aus Gründen, die in der Sache selbst
363 3274 1489 3334 liegen — überall mißlingen mußte, das aber mit so unzu¬
359 3321 1482 3387 länglichen Mitteln vorgenommen zu haben ein Attentat
354 3380 1478 3433 gegen den Autor bedeutete. Arthur Schn#lers Szenen¬
360 3405 1476 3472 reihe „Reigen“ — als Buch##e Leüre und
366 3468 1486 3510 eigentlich ein großer Wurf — wurde auf die Bühne gezerrt,
365 3485 1482 3555 wohin es niemals bestimmt gewesen war. „Reigen“ ist bühnen¬
361 3553 1487 3597 unmöglich — einfach aus deamatischen Gründen; diese Vor¬
365 3581 1488 3654 stellung jedoch, mit dem dürftigen Aufputz einer von allen
367 3632 1491 3695 schlechten Geistern besessenen Regie in Szene gesetzt, mußte
363 3673 1489 3729 mehr als peinlich, mußte empörend wirken. Manche gute schau¬
364 3718 1496 3779 spielerische Leistung, die einen besseren Rahmen redlich ver¬
344 3757 1490 3818 dient hätte, und die lobenswert ruhige Haltung des Publi¬
351 3817 1488 3884 kums, das der Respekt vor dem Pator in seinen Schranken
345 3853 973 3941 hielt, verminderten den Skandal.
1936 315 2137 382 Wenden!
2267 308 2664 404 Rüchkselte beachten!
2811 306 3000 401 Wenden!
2652 406 2956 494 Telephon 12.801
2689 477 2752 538 66
2264 562 2710 644 DSEATEK
1988 641 2926 711 I. österr. behördl. konzession. Unternehmen für Zeitungs-Ausschnitte
2091 691 2839 761 WIEN I, CONCORDIAPLATZ 4
2327 746 2600 820 Vertretungen:
1925 803 2984 872 in Berlin, Basel, Budapest, Chicago, Cleveland, Christiania,
1925 852 2975 909 Genf, Kopenhagen, London, Madrid, Mailand, Minneapolis,
1926 881 2973 960 New-Vork, Paris, Rom, San Francisco, Stockholm, St. Peters¬
2321 929 2583 987 burg, Toronto.
2225 965 2680 1027 (Quellenangabe ohne Gewähr.)
1920 990 3008 1136 Ausschnitf düs Budaposter Abendblatt
2216 1088 2474 1175 150K11912
1913 1128 2054 1180 vom:
2104 1299 2854 1407 Schnitzters Reigen — polizeilich ver¬
2069 1381 2841 1441 boten. Die Polizei hat die weitere
2078 1436 2848 1507 Aufführung Arthur Schnitzlers „Rei¬
2080 1479 2852 1552 gen“ auf der Uj Szinpad verboten.
2080 1535 2842 1609 Das Verbot richtet sich nicht gegen
2071 1588 2850 1649 das Werk solbst, sondern gegen die
2070 1634 2789 1729 Inszenirung der genannten Bühnel
1981 2344 2177 2410 Wenden!
2173 2322 2698 2441 Rüchsefte beachten!
2849 2363 3034 2433 Wenden!
2683 2429 3007 2521 Telephon 12.801
2731 2482 2783 2562 65
2302 2571 2549 2671 BSER
2035 2657 2977 2734 I. österr. behördl. konzessien, Unternehnen für Zeitungs-Aussohnitte
2141 2710 2879 2788 WIEN I, CONCORDIAPLATZ 4
2371 2781 2640 2843 Vertretungen:
1975 2825 3018 2897 in Berlin, Basel, Budapest, Chicago, Cleveland, Christiania,
1979 2868 3009 2936 Genf, Kopenhagen, London, Madrid, Mailand, Minneapolis,
1968 2905 3010 2992 New-Vork, Paris, Rom, San Francisco, Stockholm, St. Peters¬
2363 2950 2619 3008 burg, Toronto.
2257 2990 2721 3051 (Quellenangabe ohne Gewähr.)
1953 3047 2933 3141 Ausschnitt aus Pester Lloyd, Budapest
2169 3111 2760 3206 75017912 Abendblatt
1958 3145 2098 3201 vom:
1965 3239 3037 3332 Polizeiverbot gegen Schnitzlers „Rei¬
2958 3312 3023 3378 hat
2060 3296 2920 3368 Der Oberstadthauptmann Dr# Boda
1873 3311 2061 3372 gen“.)
1873 3350 2945 3419 heute den Direktor und den Regisseur der Kövessy=Bühne
2971 3363 3022 3415 zu
1879 3404 3023 3466 sich gebeten und ihnen mitgeteilt, daß er auf Grund des ihm
1882 3452 3024 3507 zustehendes Rechtes die weiteren Vorstellungen von Arthur
1888 3489 3017 3545 Schnitzlers „Reigen“ untersage. Diese Szenen waren niemals
1872 3529 3010 3590 für die Bühne bestimmt gewesen; ihre szenische Darstellung er¬
1884 3571 3022 3636 fordert von dem Schauspieler eine Deutlichkeit, der der eigentlich
1885 3620 3017 3676 mit novellistischen Mitteln arbeitende Dialog im Buche entraten
1878 3668 3008 3722 kann. Die Regie der Kövessy=Bühne war ungemein taktlos
1876 3704 3019 3758 wenn es überhaupt eine Art gibi, „Reigen“ auf der Bühne er¬
1876 3756 3015 3803 träglich zu machen, so ging ihr diese Inszenierung, die an
1877 3795 3018 3850 Deutlichkeit nichts, an Kunst so ziemlich alles zu wünschen übrig
1872 3839 3011 3893 ließ, in weitem Bogen aus dem Wege. Die Aufführung des
1872 3885 3010 3958 „Reigen" „war als ein besonders kräftiges Mittel gedacht,
1872 3937 2955 4005 Publjkeein in das ein wenig entlegene Theater zu ziehen.
