<?xml version="1.0" encoding="UTF-8" standalone="yes"?>
<PcGts xmlns="http://schema.primaresearch.org/PAGE/gts/pagecontent/2013-07-15" xmlns:xsi="http://www.w3.org/2001/XMLSchema-instance" xsi:schemaLocation="http://schema.primaresearch.org/PAGE/gts/pagecontent/2013-07-15 http://schema.primaresearch.org/PAGE/gts/pagecontent/2013-07-15/pagecontent.xsd">
    <Metadata>
        <Creator>prov=University of Rostock/Institute of Mathematics/CITlab/Gundram Leifert/gundram.leifert@uni-rostock.de:name=ONB_Newseye_GT_M1+(htr_id=10810)::::v=2.4.3
prov=University of Rostock/Institute of Mathematics/CITlab/Tobias Gruening/tobias.gruening@uni-rostock.de:name=de.uros.citlab.module.baseline2polygon.B2PSeamMultiOriented:v=2.4.3
prov=University of Rostock/Institute of Mathematics/CITlab/Tobias Gruening/tobias.gruening@uni-rostock.de:name=/net_tf/LA73_249_0mod360.pb:de.uros.citlab.segmentation.CITlab_LA_ML:v=2.4.3
Transkribus</Creator>
        <Created>2019-10-07T11:38:00.466+02:00</Created>
        <LastChange>2019-12-04T14:36:55.644+01:00</LastChange>
        <TranskribusMetadata docId="223982" pageId="9502704" pageNr="252" tsid="20387421" status="IN_PROGRESS" userId="40391" imgUrl="https://files.transkribus.eu/Get?id=XQHOEKSHKVIHQGEOMFUAXGDL&amp;fileType=view" xmlUrl="https://files.transkribus.eu/Get?id=UXWQZNPZZKNLDDESBTTPZFDQ" imageId="6192922"/>
    </Metadata>
    <Page imageFilename="223982_0252.jpeg" imageWidth="3444" imageHeight="4448">
        <ReadingOrder>
            <OrderedGroup id="ro_1711448337829" caption="Regions reading order">
                <RegionRefIndexed index="0" regionRef="r1"/>
            </OrderedGroup>
        </ReadingOrder>
        <TextRegion orientation="0.0" id="r1" custom="readingOrder {index:0;}">
            <Coords points="395,137 395,3575 3347,3575 3347,137"/>
            <TextLine id="r1l1" custom="readingOrder {index:0;}">
                <Coords points="1101,189 1171,179 1230,196 1269,174 1311,190 1425,186 1453,202 1522,203 1523,127 1408,112 1366,132 1329,115 1276,136 1177,133 1147,111 1101,128"/>
                <Baseline points="1108,171 1133,173 1159,173 1184,175 1210,176 1235,177 1261,178 1286,178 1312,179 1337,179 1363,180 1388,180 1414,179 1439,179 1465,178 1490,177 1516,175"/>
                <TextEquiv>
                    <Unicode>box 17/5</Unicode>
                </TextEquiv>
            </TextLine>
            <TextLine id="r1l2" custom="readingOrder {index:1;}">
                <Coords points="416,175 467,161 755,203 884,198 919,194 922,129 778,121 761,105 698,124 624,108 571,141 488,106 419,106"/>
                <Baseline points="424,159 449,163 475,165 501,168 526,171 552,173 578,174 603,176 629,178 655,179 680,180 706,181 732,181 757,182 783,183 809,183 834,183 860,183 886,183 912,183"/>
                <TextEquiv>
                    <Unicode>11. Reigen</Unicode>
                </TextEquiv>
            </TextLine>
            <TextLine id="r1l3" custom="readingOrder {index:2;}">
                <Coords points="1715,848 1726,845 1741,854 1753,843 1766,847 1777,838 1789,840 1795,846 1803,839 1818,842 1817,797 1798,803 1781,791 1770,791 1756,782 1744,780 1737,787 1714,790"/>
                <Baseline points="1721,827 1751,828 1781,827 1811,825"/>
                <TextEquiv>
                    <Unicode>Z ER 1 1</Unicode>
                </TextEquiv>
            </TextLine>
            <TextLine id="r1l4" custom="readingOrder {index:3;}">
                <Coords points="1518,891 2009,888 2034,864 2341,881 2361,831 1517,848"/>
                <Baseline points="1524,882 1565,882 1607,881 1648,881 1690,881 1731,880 1773,880 1814,879 1856,878 1897,878 1939,877 1981,876 2022,875 2064,874 2105,873 2147,873 2188,872 2230,871 2271,871 2313,870 2355,870"/>
                <TextEquiv>
                    <Unicode>Er: Und derselbe Soldat ninmi in Szene</Unicode>
                </TextEquiv>
            </TextLine>
            <TextLine id="r1l5" custom="readingOrder {index:4;}">
                <Coords points="2501,880 3270,903 3344,883 3345,842 2950,858 2773,826 2501,832"/>
                <Baseline points="2508,873 2549,873 2591,875 2632,876 2674,876 2715,877 2757,878 2798,878 2840,879 2881,879 2923,880 2964,880 3006,880 3047,881 3089,881 3130,882 3172,882 3213,883 3255,884 3296,884 3338,886"/>
                <TextEquiv>
                    <Unicode>Sie: Und Sie wollen ein Moralist sein.?</Unicode>
                </TextEquiv>
            </TextLine>
            <TextLine id="r1l6" custom="readingOrder {index:5;}">
                <Coords points="546,909 624,918 683,892 746,908 781,893 863,923 900,903 1000,905 1002,825 548,821"/>
                <Baseline points="554,883 579,885 605,887 631,887 657,888 683,889 708,890 734,890 760,891 786,891 812,892 838,892 863,892 889,893 915,894 941,895 967,896 993,898"/>
                <TextEquiv>
                    <Unicode>—en mier —. </Unicode>
                </TextEquiv>
            </TextLine>
            <TextLine id="r1l7" custom="readingOrder {index:6;}">
                <Coords points="2394,924 2471,922 2508,937 2534,927 2557,943 2609,940 2643,924 2686,942 2731,937 2732,888 2623,879 2597,896 2572,877 2544,892 2459,865 2433,881 2394,878"/>
                <Baseline points="2401,918 2427,918 2454,918 2481,918 2508,918 2535,919 2562,919 2589,920 2616,920 2643,920 2670,921 2697,921 2724,921"/>
                <TextEquiv>
                    <Unicode>Und sprechen so?</Unicode>
                </TextEquiv>
            </TextLine>
            <TextLine id="r1l8" custom="readingOrder {index:7;}">
                <Coords points="1404,940 2354,928 2353,882 2247,874 1403,896"/>
                <Baseline points="1411,931 1457,929 1504,928 1551,927 1598,926 1645,925 1691,924 1738,922 1785,922 1832,921 1879,920 1925,919 1972,919 2019,918 2066,918 2113,917 2159,916 2206,915 2253,915 2300,914 2347,913"/>
                <TextEquiv>
                    <Unicode>zwei stürmischen Besitz von einem hübschen Wiener</Unicode>
                </TextEquiv>
            </TextLine>
            <TextLine id="r1l9" custom="readingOrder {index:8;}">
                <Coords points="1399,987 2335,976 2362,930 1398,944"/>
                <Baseline points="1405,973 1452,973 1500,973 1547,973 1595,972 1642,971 1690,970 1737,969 1785,968 1832,967 1880,966 1927,965 1975,963 2022,963 2070,962 2117,961 2165,961 2212,960 2260,960 2307,960 2355,961"/>
                <TextEquiv>
                    <Unicode>Stubenmädel nach einem Prater=Fünfkreuzer=Tanz.</Unicode>
                </TextEquiv>
            </TextLine>
            <TextLine id="r1l10" custom="readingOrder {index:9;}">
                <Coords points="2497,980 3328,985 3313,928 2497,935"/>
                <Baseline points="2504,971 2544,972 2585,973 2626,974 2667,975 2708,975 2749,976 2789,976 2830,976 2871,977 2912,977 2953,977 2994,978 3035,978 3075,978 3116,978 3157,978 3198,979 3239,979 3280,979 3321,980"/>
                <TextEquiv>
                    <Unicode>Er: Ich füge noch hinzu: Schniclers</Unicode>
                </TextEquiv>
            </TextLine>
            <TextLine id="r1l11" custom="readingOrder {index:10;}">
                <Coords points="579,1008 1031,1005 1095,1028 1212,995 1259,1009 1259,907 1234,897 1200,922 1014,902 916,929 832,905 667,926 579,902"/>
                <Baseline points="586,990 619,993 652,995 685,997 719,998 752,999 785,1000 819,1000 852,1000 885,1000 919,1000 952,999 985,999 1018,998 1052,998 1085,998 1118,997 1152,997 1185,997 1218,997 1252,998"/>
                <TextEquiv>
                    <Unicode>Schnihlers „Reigen“.</Unicode>
                </TextEquiv>
            </TextLine>
            <TextLine id="r1l12" custom="readingOrder {index:11;}">
                <Coords points="1560,1013 2354,1016 2353,972 2306,966 2276,988 2242,967 2201,987 2163,967 2076,988 1966,967 1870,990 1775,966 1559,981"/>
                <Baseline points="1566,1014 1605,1014 1644,1014 1683,1013 1722,1013 1761,1013 1800,1012 1839,1012 1878,1011 1917,1010 1956,1009 1995,1009 2034,1008 2073,1007 2112,1006 2151,1006 2190,1005 2229,1004 2268,1004 2307,1003 2347,1002"/>
                <TextEquiv>
                    <Unicode>ie: Entsetzliche Zustände des, in den</Unicode>
                </TextEquiv>
            </TextLine>
            <TextLine id="r1l13" custom="readingOrder {index:12;}">
                <Coords points="2388,1028 3326,1028 3310,982 2389,981"/>
                <Baseline points="2396,1016 2442,1017 2488,1017 2534,1017 2580,1018 2626,1018 2672,1018 2719,1018 2765,1019 2811,1019 2857,1019 2903,1019 2949,1019 2995,1020 3042,1020 3088,1021 3134,1021 3180,1022 3226,1023 3272,1024 3319,1025"/>
                <TextEquiv>
                    <Unicode>„Neigen“ bleibt sublim moralisch im letzten und</Unicode>
                </TextEquiv>
            </TextLine>
            <TextLine id="r1l14" custom="readingOrder {index:13;}">
                <Coords points="1404,1075 1962,1068 1961,1018 1751,1032 1643,1009 1625,1024 1583,1013 1544,1039 1484,1018 1403,1033"/>
                <Baseline points="1411,1061 1438,1060 1465,1060 1492,1060 1519,1059 1547,1059 1574,1059 1601,1058 1628,1058 1655,1057 1683,1057 1710,1056 1737,1056 1764,1055 1791,1054 1819,1054 1846,1053 1873,1052 1900,1052 1927,1051 1955,1050"/>
                <TextEquiv>
                    <Unicode>unteren Bevölkerungsschichten!</Unicode>
                </TextEquiv>
            </TextLine>
            <TextLine id="r1l15" custom="readingOrder {index:14;}">
                <Coords points="743,1072 791,1064 842,1085 911,1066 941,1080 966,1083 977,1072 995,1086 1023,1076 1079,1087 1080,1023 1037,1012 744,1014"/>
                <Baseline points="750,1058 776,1059 803,1059 830,1059 857,1059 884,1060 911,1060 937,1060 964,1060 991,1061 1018,1061 1045,1062 1072,1063"/>
                <TextEquiv>
                    <Unicode>(Kanimersprere.,</Unicode>
                </TextEquiv>
            </TextLine>
            <TextLine id="r1l16" custom="readingOrder {index:15;}">
                <Coords points="2391,1095 2634,1066 3329,1084 3329,1031 3244,1024 2391,1031"/>
                <Baseline points="2398,1060 2444,1061 2490,1062 2536,1063 2582,1063 2629,1064 2675,1064 2721,1065 2767,1065 2813,1065 2860,1065 2906,1065 2952,1065 2998,1066 3044,1066 3091,1066 3137,1067 3183,1067 3229,1068 3275,1068 3322,1069"/>
                <TextEquiv>
                    <Unicode>ethabensten Sinn, weil er so unerschrocken wahr ist.</Unicode>
                </TextEquiv>
            </TextLine>
            <TextLine id="r1l17" custom="readingOrder {index:16;}">
                <Coords points="1515,1112 2300,1105 2362,1097 2362,1046 1514,1069"/>
                <Baseline points="1521,1103 1562,1103 1604,1102 1646,1102 1687,1101 1729,1101 1771,1100 1812,1099 1854,1099 1896,1098 1938,1097 1979,1096 2021,1096 2063,1095 2104,1094 2146,1094 2188,1093 2229,1093 2271,1092 2313,1092 2355,1091"/>
                <TextEquiv>
                    <Unicode>Er: Uad der junge Herr erobert sich das</Unicode>
                </TextEquiv>
            </TextLine>
            <TextLine id="r1l18" custom="readingOrder {index:17;}">
                <Coords points="487,1123 542,1140 618,1110 895,1102 974,1134 1107,1117 1168,1136 1263,1115 1238,1073 487,1083"/>
                <Baseline points="494,1107 532,1106 570,1105 608,1104 646,1104 684,1104 722,1103 760,1103 798,1103 836,1103 875,1103 913,1103 951,1102 989,1102 1027,1102 1065,1102 1103,1102 1141,1102 1179,1101 1217,1101 1256,1100"/>
                <TextEquiv>
                    <Unicode>—————e. — — ————</Unicode>
                </TextEquiv>
            </TextLine>
            <TextLine id="r1l19" custom="readingOrder {index:18;}">
                <Coords points="2501,1124 3038,1118 3112,1141 3194,1108 3327,1131 3327,1084 3275,1074 2502,1085"/>
                <Baseline points="2508,1115 2548,1115 2589,1116 2629,1116 2670,1116 2711,1117 2751,1117 2792,1117 2833,1117 2873,1118 2914,1118 2955,1118 2995,1119 3036,1119 3077,1119 3117,1119 3158,1120 3199,1120 3239,1120 3280,1121 3321,1121"/>
                <TextEquiv>
                    <Unicode>Sie: Eben das bestreite ich. Solche</Unicode>
                </TextEquiv>
            </TextLine>
            <TextLine id="r1l20" custom="readingOrder {index:19;}">
                <Coords points="1408,1164 2216,1156 2269,1143 2269,1110 1407,1102"/>
                <Baseline points="1414,1150 1456,1149 1498,1147 1541,1147 1583,1146 1626,1145 1668,1144 1711,1143 1753,1143 1796,1142 1838,1142 1880,1141 1923,1141 1965,1140 2008,1140 2050,1139 2093,1139 2135,1138 2178,1137 2220,1136 2263,1135"/>
                <TextEquiv>
                    <Unicode>Kammerspielmäbchen gleich im ersten Ansturm.</Unicode>
                </TextEquiv>
            </TextLine>
            <TextLine id="r1l21" custom="readingOrder {index:20;}">
                <Coords points="2384,1179 3344,1164 3333,1126 2535,1136 2385,1091"/>
                <Baseline points="2392,1157 2439,1158 2486,1160 2533,1161 2581,1161 2628,1162 2675,1162 2722,1163 2770,1163 2817,1163 2864,1163 2911,1163 2959,1162 3006,1162 3053,1163 3100,1163 3148,1163 3195,1163 3242,1164 3289,1165 3337,1166"/>
                <TextEquiv>
                    <Unicode>Männer gibt es vielleicht. Solche Frauen</Unicode>
                </TextEquiv>
            </TextLine>
            <TextLine id="r1l22" custom="readingOrder {index:21;}">
                <Coords points="1524,1200 2173,1176 2350,1203 2349,1148 2324,1141 1901,1141 1761,1172 1523,1152"/>
                <Baseline points="1531,1188 1571,1188 1612,1188 1652,1188 1693,1187 1733,1187 1774,1187 1814,1187 1855,1186 1895,1186 1936,1185 1977,1185 2017,1184 2058,1184 2098,1183 2139,1182 2179,1181 2220,1180 2260,1179 2301,1177 2342,1176"/>
                <TextEquiv>
                    <Unicode>Sie: Und, denken Sie nur! — eine so</Unicode>
                </TextEquiv>
            </TextLine>
            <TextLine id="r1l23" custom="readingOrder {index:22;}">
                <Coords points="481,1201 896,1211 1103,1179 1333,1213 1333,1145 1268,1119 1052,1145 481,1128"/>
                <Baseline points="488,1187 529,1188 571,1188 613,1188 655,1187 697,1187 739,1187 781,1186 823,1186 865,1185 907,1185 948,1184 990,1184 1032,1183 1074,1183 1116,1183 1158,1183 1200,1184 1242,1184 1284,1185 1326,1187"/>
                <TextEquiv>
                    <Unicode>Die junge Frau und der Moralist.</Unicode>
                </TextEquiv>
            </TextLine>
            <TextLine id="r1l24" custom="readingOrder {index:23;}">
                <Coords points="2399,1211 3236,1206 3332,1232 3332,1171 3298,1164 2399,1177"/>
                <Baseline points="2406,1204 2454,1204 2502,1204 2551,1204 2599,1204 2647,1204 2696,1205 2744,1205 2792,1206 2841,1206 2889,1207 2938,1207 2986,1208 3034,1208 3083,1209 3131,1209 3179,1210 3228,1210 3276,1210 3325,1210"/>
                <TextEquiv>
                    <Unicode>und Mädchen sicher nicht. Die kann und darf</Unicode>
                </TextEquiv>
            </TextLine>
            <TextLine id="r1l25" custom="readingOrder {index:24;}">
                <Coords points="1410,1246 1742,1259 1919,1229 2036,1251 2295,1226 2295,1193 1410,1199"/>
                <Baseline points="1417,1236 1460,1235 1504,1235 1547,1234 1591,1233 1635,1233 1678,1232 1722,1232 1765,1231 1809,1231 1853,1230 1896,1230 1940,1229 1983,1229 2027,1228 2071,1227 2114,1226 2158,1226 2201,1224 2245,1224 2289,1222"/>
                <TextEquiv>
                    <Unicode>genannte anstendige Frau, glücklich verheitntel</Unicode>
                </TextEquiv>
            </TextLine>
            <TextLine id="r1l26" custom="readingOrder {index:25;}">
                <Coords points="701,1271 764,1248 834,1264 929,1250 979,1268 1020,1256 1082,1268 1129,1252 1129,1219 1059,1188 919,1218 866,1200 846,1214 702,1212"/>
                <Baseline points="709,1244 734,1245 760,1245 786,1246 812,1246 838,1246 863,1246 889,1245 915,1245 941,1245 967,1245 992,1245 1018,1245 1044,1246 1070,1246 1096,1247 1122,1249"/>
                <TextEquiv>
                    <Unicode>Ein kritischer Epilog.</Unicode>
                </TextEquiv>
            </TextLine>
            <TextLine id="r1l27" custom="readingOrder {index:26;}">
                <Coords points="2389,1257 2799,1274 2896,1250 3151,1276 3143,1208 2389,1213"/>
                <Baseline points="2396,1249 2433,1250 2470,1250 2508,1250 2545,1250 2583,1250 2620,1250 2657,1250 2695,1250 2732,1250 2770,1250 2807,1250 2844,1250 2882,1250 2919,1251 2957,1251 2994,1252 3031,1252 3069,1253 3106,1254 3144,1255"/>
                <TextEquiv>
                    <Unicode>es nicht geden. Vielleicht vor dem Krieg.</Unicode>
                </TextEquiv>
            </TextLine>
            <TextLine id="r1l28" custom="readingOrder {index:27;}">
                <Coords points="1778,1284 1865,1293 1927,1267 2090,1276 2124,1299 2363,1279 2350,1233 2249,1229 2209,1251 2079,1233 2042,1254 1778,1230"/>
                <Baseline points="1785,1273 1813,1274 1842,1274 1870,1274 1899,1274 1927,1274 1956,1274 1984,1274 2013,1274 2041,1273 2070,1273 2099,1273 2127,1273 2156,1272 2184,1272 2213,1272 2241,1271 2270,1270 2298,1270 2327,1269 2356,1268"/>
                <TextEquiv>
                    <Unicode>besucht einen frissten jungen</Unicode>
                </TextEquiv>
            </TextLine>
            <TextLine id="r1l29" custom="readingOrder {index:28;}">
                <Coords points="1414,1286 1520,1293 1543,1284 1583,1297 1627,1280 1663,1293 1692,1275 1772,1284 1772,1253 1747,1244 1734,1254 1667,1240 1650,1250 1414,1244"/>
                <Baseline points="1420,1280 1446,1278 1473,1278 1499,1278 1526,1278 1553,1278 1579,1278 1606,1278 1632,1279 1659,1279 1686,1279 1712,1278 1739,1278 1766,1277"/>
                <TextEquiv>
                    <Unicode>Mutier sogar! —</Unicode>
                </TextEquiv>
            </TextLine>
            <TextLine id="r1l30" custom="readingOrder {index:29;}">
                <Coords points="2515,1314 3324,1323 3333,1270 3161,1288 2995,1253 2799,1275 2515,1253"/>
                <Baseline points="2521,1301 2561,1302 2601,1303 2641,1303 2681,1304 2722,1304 2762,1305 2802,1305 2842,1306 2882,1306 2923,1306 2963,1306 3003,1307 3043,1307 3083,1307 3124,1307 3164,1308 3204,1308 3244,1308 3284,1309 3325,1309"/>
                <TextEquiv>
                    <Unicode>Er: Diese Szenen sind allerdings schon an</Unicode>
                </TextEquiv>
            </TextLine>
            <TextLine id="r1l31" custom="readingOrder {index:30;}">
                <Coords points="466,1334 1250,1330 1354,1317 1354,1273 765,1253 722,1279 581,1252 466,1276"/>
                <Baseline points="473,1310 516,1309 560,1309 604,1309 647,1309 691,1309 735,1308 778,1308 822,1308 866,1308 910,1308 953,1307 997,1307 1041,1307 1084,1307 1128,1307 1172,1307 1215,1307 1259,1306 1303,1306 1347,1306"/>
                <TextEquiv>
                    <Unicode>(Im tranlichen Junggesellenheim des Moralisten.)</Unicode>
                </TextEquiv>
            </TextLine>
            <TextLine id="r1l32" custom="readingOrder {index:31;}">
                <Coords points="1406,1340 1420,1342 1437,1329 1443,1331 1455,1326 1483,1339 1505,1332 1514,1322 1521,1322 1520,1287 1509,1285 1486,1292 1479,1288 1469,1293 1425,1283 1413,1293 1404,1292"/>
                <Baseline points="1412,1324 1437,1323 1463,1322 1488,1321 1514,1322"/>
                <TextEquiv>
                    <Unicode>Herrn</Unicode>
                </TextEquiv>
            </TextLine>
            <TextLine id="r1l33" custom="readingOrder {index:32;}">
                <Coords points="2397,1353 2810,1375 3339,1351 3268,1312 2733,1329 2641,1306 2604,1329 2397,1291"/>
                <Baseline points="2404,1347 2450,1348 2496,1348 2543,1349 2589,1349 2636,1350 2682,1350 2728,1350 2775,1350 2821,1350 2868,1351 2914,1351 2960,1351 3007,1351 3053,1351 3100,1351 3146,1351 3192,1351 3239,1351 3285,1351 3332,1351"/>
                <TextEquiv>
                    <Unicode>die zwanzig Jahre alt. Vielleicht sind wir alle in¬</Unicode>
                </TextEquiv>
            </TextLine>
            <TextLine id="r1l34" custom="readingOrder {index:33;}">
                <Coords points="1518,1384 1986,1356 2088,1383 2357,1378 2357,1301 2212,1336 1968,1305 1517,1331"/>
                <Baseline points="1524,1369 1565,1367 1606,1367 1647,1366 1689,1365 1730,1365 1771,1364 1813,1364 1854,1364 1895,1364 1937,1364 1978,1364 2019,1363 2060,1363 2102,1363 2143,1363 2184,1362 2226,1361 2267,1361 2308,1360 2350,1358"/>
                <TextEquiv>
                    <Unicode>Er: Ich errötete für Sie — sogar zwei¬</Unicode>
                </TextEquiv>
            </TextLine>
            <TextLine id="r1l35" custom="readingOrder {index:34;}">
                <Coords points="539,1388 1383,1391 1383,1329 539,1344"/>
                <Baseline points="547,1376 588,1377 629,1377 671,1377 712,1377 754,1377 795,1377 837,1377 878,1377 920,1377 961,1377 1002,1376 1044,1376 1085,1376 1127,1376 1168,1375 1210,1375 1251,1375 1293,1375 1334,1375 1376,1374"/>
                <TextEquiv>
                    <Unicode>Er: Sie hat mir soeben abgesagt! — Da ist</Unicode>
                </TextEquiv>
            </TextLine>
            <TextLine id="r1l36" custom="readingOrder {index:35;}">
                <Coords points="2391,1403 3330,1423 3330,1363 3270,1357 2392,1362"/>
                <Baseline points="2398,1392 2444,1393 2490,1393 2536,1393 2583,1394 2629,1394 2675,1395 2721,1395 2768,1395 2814,1396 2860,1396 2906,1397 2953,1397 2999,1397 3045,1398 3091,1398 3138,1399 3184,1399 3230,1399 3276,1400 3323,1400"/>
                <TextEquiv>
                    <Unicode>zwischen besser, reiner, wissender, zuverlässiger ge¬</Unicode>
                </TextEquiv>
            </TextLine>
            <TextLine id="r1l37" custom="readingOrder {index:36;}">
                <Coords points="1412,1430 1953,1410 1952,1370 1908,1362 1776,1385 1726,1358 1674,1384 1411,1369"/>
                <Baseline points="1419,1415 1445,1415 1471,1415 1497,1414 1524,1414 1550,1413 1576,1413 1603,1413 1629,1412 1655,1412 1682,1412 1708,1411 1734,1411 1760,1410 1787,1410 1813,1410 1839,1409 1866,1409 1892,1409 1918,1409 1945,1408"/>
                <TextEquiv>
                    <Unicode>mal .. dicht hintereinander.</Unicode>
                </TextEquiv>
            </TextLine>
            <TextLine id="r1l38" custom="readingOrder {index:37;}">
                <Coords points="413,1441 730,1418 973,1432 972,1407 917,1405 870,1374 852,1391 743,1381 666,1404 528,1366 412,1373"/>
                <Baseline points="419,1428 446,1427 473,1426 501,1425 528,1424 555,1423 583,1422 610,1421 637,1421 665,1420 692,1420 719,1420 747,1419 774,1419 801,1419 829,1419 856,1419 883,1420 911,1420 938,1420 966,1421"/>
                <TextEquiv>
                    <Unicode>fie schon:... Emma</Unicode>
                </TextEquiv>
            </TextLine>
            <TextLine id="r1l39" custom="readingOrder {index:38;}">
                <Coords points="2388,1451 2422,1441 2471,1451 2598,1446 2634,1457 2650,1443 2707,1443 2707,1405 2682,1398 2619,1407 2573,1397 2500,1414 2466,1398 2422,1412 2404,1402 2389,1408"/>
                <Baseline points="2396,1437 2421,1438 2446,1438 2472,1438 2497,1439 2522,1439 2548,1440 2573,1440 2598,1440 2624,1440 2649,1439 2674,1438 2700,1437"/>
                <TextEquiv>
                    <Unicode>worden. Möglich.</Unicode>
                </TextEquiv>
            </TextLine>
            <TextLine id="r1l40" custom="readingOrder {index:39;}">
                <Coords points="1514,1458 1655,1445 1701,1482 1885,1448 1994,1473 2047,1449 2342,1460 2362,1415 1514,1427"/>
                <Baseline points="1522,1457 1563,1457 1605,1457 1647,1458 1688,1457 1730,1457 1772,1457 1813,1456 1855,1456 1897,1455 1939,1454 1980,1453 2022,1453 2064,1452 2105,1451 2147,1451 2189,1450 2230,1450 2272,1450 2314,1450 2356,1450"/>
                <TextEquiv>
                    <Unicode>Sie: Sehr lieb — doch besorg' ich das</Unicode>
                </TextEquiv>
            </TextLine>
            <TextLine id="r1l41" custom="readingOrder {index:40;}">
                <Coords points="539,1471 1006,1476 1061,1452 1346,1476 1345,1448 1194,1406 1141,1427 1025,1407 963,1435 539,1429"/>
                <Baseline points="546,1461 585,1462 625,1464 664,1464 704,1465 744,1465 783,1464 823,1464 862,1463 902,1463 942,1462 981,1461 1021,1461 1060,1460 1100,1460 1140,1460 1179,1460 1219,1461 1258,1462 1298,1463 1338,1465"/>
                <TextEquiv>
                    <Unicode>Sie: Ich hätt es nicht tun sollen ..</Unicode>
                </TextEquiv>
            </TextLine>
            <TextLine id="r1l42" custom="readingOrder {index:41;}">
                <Coords points="2501,1492 3342,1518 3343,1422 3091,1457 2829,1428 2775,1453 2502,1447"/>
                <Baseline points="2508,1483 2549,1483 2590,1483 2632,1483 2673,1483 2714,1484 2756,1484 2797,1485 2838,1486 2880,1486 2921,1487 2962,1487 3004,1488 3045,1488 3086,1489 3128,1489 3169,1489 3210,1490 3252,1489 3293,1489 3335,1489"/>
                <TextEquiv>
                    <Unicode>Sie: Aber aufs Theater gehört so was</Unicode>
                </TextEquiv>
            </TextLine>
            <TextLine id="r1l43" custom="readingOrder {index:42;}">
                <Coords points="1423,1513 2356,1504 2355,1459 2324,1454 1746,1461 1689,1492 1422,1451"/>
                <Baseline points="1430,1504 1478,1504 1526,1505 1575,1505 1623,1504 1671,1504 1720,1503 1768,1502 1816,1501 1865,1500 1913,1499 1962,1498 2010,1497 2058,1496 2107,1495 2155,1494 2203,1494 2252,1494 2300,1494 2349,1494"/>
                <TextEquiv>
                    <Unicode>schon selbst... Dann: Gatie und Gattin — ehe¬</Unicode>
                </TextEquiv>
            </TextLine>
            <TextLine id="r1l44" custom="readingOrder {index:43;}">
                <Coords points="393,1534 431,1510 1330,1524 1385,1512 1385,1472 392,1481"/>
                <Baseline points="399,1509 450,1509 502,1510 553,1510 605,1511 656,1511 708,1510 759,1510 811,1510 862,1509 914,1509 965,1508 1017,1507 1068,1507 1120,1506 1171,1506 1223,1506 1274,1505 1326,1505 1378,1506"/>
                <TextEquiv>
                    <Unicode>aber Sie dürfen deshalb nicht schlecht von mir</Unicode>
                </TextEquiv>
            </TextLine>
            <TextLine id="r1l45" custom="readingOrder {index:44;}">
                <Coords points="2391,1546 2405,1550 2431,1535 2468,1543 2501,1536 2508,1542 2529,1532 2591,1534 2591,1493 2580,1490 2572,1494 2553,1484 2507,1492 2491,1481 2469,1489 2451,1478 2391,1487"/>
                <Baseline points="2398,1527 2424,1528 2451,1528 2477,1527 2504,1527 2530,1527 2557,1528 2584,1529"/>
                <TextEquiv>
                    <Unicode>keinesfalls</Unicode>
                </TextEquiv>
            </TextLine>
            <TextLine id="r1l46" custom="readingOrder {index:45;}">
                <Coords points="1414,1555 2287,1557 2362,1549 2362,1508 1413,1514"/>
                <Baseline points="1421,1549 1467,1549 1514,1549 1561,1549 1607,1549 1654,1548 1701,1548 1747,1547 1794,1547 1841,1546 1888,1545 1934,1545 1981,1544 2028,1543 2074,1543 2121,1542 2168,1541 2214,1541 2261,1540 2308,1540 2355,1540"/>
                <TextEquiv>
                    <Unicode>lich gelagert — der Herr Gemahl beim süßen</Unicode>
                </TextEquiv>
            </TextLine>
            <TextLine id="r1l47" custom="readingOrder {index:46;}">
                <Coords points="387,1572 414,1566 437,1581 462,1561 494,1567 506,1557 534,1571 568,1554 590,1565 611,1558 611,1535 583,1538 551,1521 542,1528 476,1516 459,1525 430,1510 409,1524 397,1513 387,1515"/>
                <Baseline points="395,1556 421,1555 447,1555 473,1555 499,1555 525,1555 551,1555 577,1555 604,1555"/>
                <TextEquiv>
                    <Unicode>enten</Unicode>
                </TextEquiv>
            </TextLine>
            <TextLine id="r1l48" custom="readingOrder {index:47;}">
                <Coords points="2506,1581 3346,1594 3347,1522 3196,1543 2857,1508 2507,1536"/>
                <Baseline points="2513,1570 2554,1571 2595,1571 2636,1571 2678,1571 2719,1572 2760,1572 2802,1573 2843,1573 2884,1574 2926,1575 2967,1575 3008,1576 3049,1576 3091,1576 3132,1577 3173,1577 3215,1577 3256,1577 3297,1577 3339,1577"/>
                <TextEquiv>
                    <Unicode>Er: Alles Darstellbare gehört auch auf's</Unicode>
                </TextEquiv>
            </TextLine>
            <TextLine id="r1l49" custom="readingOrder {index:48;}">
                <Coords points="1407,1596 2364,1595 2338,1547 1406,1559"/>
                <Baseline points="1414,1594 1461,1594 1508,1594 1555,1594 1602,1593 1649,1593 1696,1592 1744,1592 1791,1591 1838,1590 1885,1589 1932,1589 1979,1588 2026,1587 2074,1586 2121,1586 2168,1585 2215,1585 2262,1585 2309,1585 2357,1585"/>
                <TextEquiv>
                    <Unicode>Mädel — dieses und der alberne Dichter — der</Unicode>
                </TextEquiv>
            </TextLine>
            <TextLine id="r1l50" custom="readingOrder {index:49;}">
                <Coords points="544,1599 641,1623 674,1604 772,1624 849,1606 919,1617 987,1606 987,1576 912,1552 797,1564 711,1539 677,1558 544,1559"/>
                <Baseline points="551,1593 576,1595 601,1596 626,1597 651,1597 677,1597 702,1597 727,1597 752,1597 778,1596 803,1596 828,1595 853,1595 879,1595 904,1595 929,1595 954,1596 980,1597"/>
                <TextEquiv>
                    <Unicode>Er: Im Gegenteil!.</Unicode>
                </TextEquiv>
            </TextLine>
            <TextLine id="r1l51" custom="readingOrder {index:50;}">
                <Coords points="2397,1624 2670,1642 2965,1611 2994,1637 3150,1616 3297,1642 3345,1594 2664,1573 2599,1605 2486,1565 2398,1576"/>
                <Baseline points="2404,1619 2450,1618 2497,1618 2544,1618 2590,1618 2637,1618 2684,1618 2730,1618 2777,1618 2824,1619 2871,1619 2917,1619 2964,1620 3011,1620 3057,1621 3104,1621 3151,1622 3197,1622 3244,1623 3291,1623 3338,1623"/>
                <TextEquiv>
                    <Unicode>Theater... Ist diese kleine Hedwig Keller</Unicode>
                </TextEquiv>
            </TextLine>
            <TextLine id="r1l52" custom="readingOrder {index:51;}">
                <Coords points="1415,1648 2240,1628 2330,1652 2360,1647 2360,1598 1414,1600"/>
                <Baseline points="1421,1640 1467,1640 1514,1640 1560,1639 1607,1639 1654,1638 1700,1638 1747,1637 1793,1637 1840,1636 1887,1635 1933,1635 1980,1634 2026,1634 2073,1633 2120,1632 2166,1632 2213,1631 2259,1630 2306,1630 2353,1629"/>
                <TextEquiv>
                    <Unicode>schwachsinnige Literat und die posierende Schau¬</Unicode>
                </TextEquiv>
            </TextLine>
            <TextLine id="r1l53" custom="readingOrder {index:52;}">
                <Coords points="532,1653 791,1648 980,1682 1365,1665 1377,1593 532,1618"/>
                <Baseline points="539,1648 580,1648 622,1649 663,1650 705,1650 746,1651 788,1651 829,1651 871,1650 912,1650 954,1650 996,1649 1037,1649 1079,1649 1120,1648 1162,1647 1203,1647 1245,1647 1286,1646 1328,1646 1370,1646"/>
                <TextEquiv>
                    <Unicode>Sie: Auch dürfen Sie mich nicht so an¬</Unicode>
                </TextEquiv>
            </TextLine>
            <TextLine id="r1l54" custom="readingOrder {index:53;}">
                <Coords points="2390,1666 3334,1661 3334,1631 3257,1622 2390,1624"/>
                <Baseline points="2397,1662 2443,1662 2490,1662 2536,1662 2583,1663 2629,1663 2676,1663 2722,1664 2769,1664 2815,1664 2862,1665 2908,1665 2955,1665 3001,1665 3048,1665 3094,1665 3141,1664 3187,1664 3234,1663 3280,1662 3327,1661"/>
                <TextEquiv>
                    <Unicode>vielleicht nicht das allerfüßeste süße Mädel?</Unicode>
                </TextEquiv>
            </TextLine>
            <TextLine id="r1l55" custom="readingOrder {index:54;}">
                <Coords points="1416,1695 2295,1699 2315,1646 1416,1648"/>
                <Baseline points="1423,1686 1467,1686 1511,1685 1555,1684 1600,1684 1644,1683 1688,1683 1732,1682 1777,1682 1821,1681 1865,1681 1909,1680 1954,1679 1998,1679 2042,1678 2086,1678 2131,1677 2175,1676 2219,1676 2263,1675 2308,1674"/>
                <TextEquiv>
                    <Unicode>spielerin — die Komödiantin und der Aristolrat</Unicode>
                </TextEquiv>
            </TextLine>
            <TextLine id="r1l56" custom="readingOrder {index:55;}">
                <Coords points="416,1716 572,1689 638,1714 791,1693 909,1709 908,1660 863,1676 785,1649 696,1668 608,1656 565,1676 456,1652 416,1662"/>
                <Baseline points="423,1699 448,1699 473,1698 498,1698 523,1698 548,1697 573,1697 599,1696 624,1695 649,1695 674,1694 699,1694 724,1694 750,1693 775,1694 800,1694 825,1695 850,1695 875,1696 901,1698"/>
                <TextEquiv>
                    <Unicode>seh'n — sonicht !!...</Unicode>
                </TextEquiv>
            </TextLine>
            <TextLine id="r1l57" custom="readingOrder {index:56;}">
                <Coords points="2394,1715 3133,1735 3338,1717 3339,1663 3263,1692 2394,1669"/>
                <Baseline points="2401,1706 2447,1706 2494,1706 2540,1706 2587,1706 2633,1707 2680,1707 2726,1707 2773,1708 2819,1708 2866,1708 2912,1709 2959,1709 3005,1709 3052,1709 3098,1709 3145,1709 3191,1709 3238,1709 3284,1708 3331,1708"/>
                <TextEquiv>
                    <Unicode>Ist die Olly nicht von diskretester Drastik als</Unicode>
                </TextEquiv>
            </TextLine>
            <TextLine id="r1l58" custom="readingOrder {index:57;}">
                <Coords points="1421,1734 1614,1748 1893,1724 2025,1749 2063,1725 2114,1738 2114,1688 1420,1698"/>
                <Baseline points="1428,1732 1463,1731 1499,1731 1535,1730 1570,1729 1606,1729 1642,1728 1678,1728 1713,1727 1749,1727 1785,1726 1821,1726 1856,1725 1892,1725 1928,1725 1964,1725 1999,1724 2035,1724 2071,1724 2107,1724"/>
                <TextEquiv>
                    <Unicode>wie unheimlich rasch das alles gemt!</Unicode>
                </TextEquiv>
            </TextLine>
            <TextLine id="r1l59" custom="readingOrder {index:58;}">
                <Coords points="552,1764 1135,1740 1376,1765 1387,1708 552,1712"/>
                <Baseline points="558,1746 599,1746 640,1747 681,1747 722,1747 763,1747 804,1747 845,1747 886,1747 927,1747 969,1747 1010,1747 1051,1747 1092,1747 1133,1747 1174,1746 1215,1746 1256,1746 1297,1746 1338,1746 1380,1746"/>
                <TextEquiv>
                    <Unicode>Er: Also anders! ... Wie befindet sich</Unicode>
                </TextEquiv>
            </TextLine>
            <TextLine id="r1l60" custom="readingOrder {index:59;}">
                <Coords points="2390,1756 3342,1769 3334,1717 2390,1715"/>
                <Baseline points="2396,1749 2445,1750 2494,1751 2544,1752 2593,1752 2643,1752 2692,1753 2741,1753 2791,1753 2840,1753 2890,1753 2939,1753 2989,1753 3038,1753 3087,1753 3137,1754 3186,1754 3236,1754 3285,1754 3335,1754"/>
                <TextEquiv>
                    <Unicode>Liebesvirtuosin, hat sie nicht die natürlichne</Unicode>
                </TextEquiv>
            </TextLine>
            <TextLine id="r1l61" custom="readingOrder {index:60;}">
                <Coords points="1534,1779 2125,1763 2325,1784 2354,1778 2353,1718 2155,1750 1878,1726 1805,1760 1753,1734 1533,1737"/>
                <Baseline points="1540,1774 1580,1774 1620,1774 1661,1774 1701,1774 1741,1773 1782,1773 1822,1772 1862,1772 1903,1771 1943,1770 1983,1770 2024,1769 2064,1768 2104,1768 2145,1767 2185,1767 2225,1766 2266,1766 2306,1766 2347,1766"/>
                <TextEquiv>
                    <Unicode>Er: Zuletzt beschließt der Graf den</Unicode>
                </TextEquiv>
            </TextLine>
            <TextLine id="r1l62" custom="readingOrder {index:61;}">
                <Coords points="427,1801 537,1813 593,1793 712,1816 817,1790 891,1798 891,1774 750,1750 675,1765 641,1752 591,1764 426,1756"/>
                <Baseline points="434,1793 459,1794 484,1795 509,1795 534,1795 559,1795 584,1795 609,1794 634,1794 659,1792 684,1792 709,1791 734,1791 759,1791 784,1791 809,1792 834,1793 859,1794 884,1797"/>
                <TextEquiv>
                    <Unicode>der Herr Gemahl?.</Unicode>
                </TextEquiv>
            </TextLine>
            <TextLine id="r1l63" custom="readingOrder {index:62;}">
                <Coords points="2404,1803 3342,1803 3342,1769 3240,1759 2404,1759"/>
                <Baseline points="2411,1796 2457,1796 2503,1797 2549,1797 2595,1797 2642,1797 2688,1797 2734,1797 2780,1797 2826,1797 2873,1797 2919,1797 2965,1797 3011,1797 3057,1797 3104,1798 3150,1798 3196,1799 3242,1799 3288,1800 3335,1801"/>
                <TextEquiv>
                    <Unicode>Affektation des Affekts? — Ist die Carlsen</Unicode>
                </TextEquiv>
            </TextLine>
            <TextLine id="r1l64" custom="readingOrder {index:63;}">
                <Coords points="1413,1825 1535,1849 1569,1821 2362,1823 2361,1778 2268,1768 1413,1789"/>
                <Baseline points="1420,1820 1466,1820 1513,1819 1560,1819 1607,1818 1653,1818 1700,1817 1747,1817 1794,1816 1840,1816 1887,1816 1934,1815 1981,1815 2027,1815 2074,1814 2121,1814 2168,1814 2214,1813 2261,1813 2308,1813 2355,1812"/>
                <TextEquiv>
                    <Unicode>wirhelnden Reigen bei der Birne. Ja, so ist das</Unicode>
                </TextEquiv>
            </TextLine>
            <TextLine id="r1l65" custom="readingOrder {index:64;}">
                <Coords points="2396,1850 3328,1849 3273,1800 2396,1805"/>
                <Baseline points="2402,1841 2450,1841 2498,1842 2547,1842 2595,1842 2643,1842 2692,1842 2740,1843 2788,1843 2837,1843 2885,1843 2934,1843 2982,1843 3030,1843 3079,1843 3127,1843 3175,1843 3224,1843 3272,1843 3321,1842"/>
                <TextEquiv>
                    <Unicode>keine anständige Fran, wie sie im Buch steht</Unicode>
                </TextEquiv>
            </TextLine>
            <TextLine id="r1l66" custom="readingOrder {index:65;}">
                <Coords points="549,1859 1381,1851 1369,1776 1296,1811 1217,1774 1032,1816 809,1789 742,1817 549,1810"/>
                <Baseline points="556,1846 596,1846 637,1846 678,1846 719,1845 760,1845 801,1845 841,1845 882,1844 923,1844 964,1844 1005,1843 1046,1843 1087,1843 1127,1842 1168,1842 1209,1842 1250,1842 1291,1842 1332,1842 1373,1842"/>
                <TextEquiv>
                    <Unicode>Sie: In diesem Augenblicke sprichen Sie</Unicode>
                </TextEquiv>
            </TextLine>
            <TextLine id="r1l67" custom="readingOrder {index:66;}">
                <Coords points="1421,1874 1455,1886 1493,1873 1509,1887 1542,1865 1625,1881 1683,1862 1766,1875 1818,1866 1817,1834 1752,1823 1722,1822 1693,1841 1667,1826 1572,1825 1533,1850 1507,1830 1455,1839 1438,1824 1420,1829"/>
                <Baseline points="1427,1865 1452,1866 1478,1866 1503,1866 1529,1866 1555,1865 1580,1864 1606,1864 1631,1863 1657,1863 1683,1862 1708,1861 1734,1861 1759,1861 1785,1861 1811,1861"/>
                <TextEquiv>
                    <Unicode>Leben. Dieses Leben.</Unicode>
                </TextEquiv>
            </TextLine>
            <TextLine id="r1l68" custom="readingOrder {index:67;}">
                <Coords points="2395,1890 3339,1900 3323,1849 2395,1846"/>
                <Baseline points="2401,1887 2447,1887 2494,1887 2540,1886 2587,1886 2633,1886 2680,1886 2726,1886 2773,1886 2819,1886 2866,1886 2913,1886 2959,1886 3006,1887 3052,1887 3099,1887 3145,1887 3192,1887 3238,1886 3285,1886 3332,1886"/>
                <TextEquiv>
                    <Unicode>Luxus= und Liebhaberausgabe, Privatdruck? Und</Unicode>
                </TextEquiv>
            </TextLine>
            <TextLine id="r1l69" custom="readingOrder {index:68;}">
                <Coords points="404,1900 1383,1897 1382,1852 1290,1837 905,1871 765,1845 671,1875 403,1849"/>
                <Baseline points="411,1888 459,1890 507,1891 555,1891 604,1891 652,1891 700,1891 748,1890 797,1890 845,1889 893,1888 941,1887 990,1886 1038,1886 1086,1885 1134,1885 1183,1885 1231,1885 1279,1886 1327,1888 1376,1889"/>
                <TextEquiv>
                    <Unicode>Spon ihm? ... Warum bin ich gekommen? ...</Unicode>
                </TextEquiv>
            </TextLine>
            <TextLine id="r1l70" custom="readingOrder {index:69;}">
                <Coords points="1529,1930 1887,1899 2109,1918 2146,1893 2200,1918 2359,1913 2358,1848 2178,1876 1528,1865"/>
                <Baseline points="1535,1908 1575,1908 1616,1907 1657,1907 1698,1907 1739,1906 1780,1905 1820,1905 1861,1904 1902,1904 1943,1903 1984,1903 2025,1903 2066,1902 2106,1902 2147,1902 2188,1902 2229,1902 2270,1902 2311,1902 2352,1902"/>
                <TextEquiv>
                    <Unicode>Sie: Schnitzlers Welt scheint aus zwei</Unicode>
                </TextEquiv>
            </TextLine>
            <TextLine id="r1l71" custom="readingOrder {index:70;}">
                <Coords points="2389,1938 3339,1951 3339,1901 3188,1883 2991,1911 2389,1898"/>
                <Baseline points="2395,1930 2441,1931 2488,1931 2535,1931 2582,1931 2629,1932 2676,1932 2722,1932 2769,1932 2816,1932 2863,1932 2910,1932 2957,1932 3004,1932 3050,1932 3097,1932 3144,1932 3191,1931 3238,1931 3285,1931 3332,1931"/>
                <TextEquiv>
                    <Unicode>Lackner, der Graf, Ziegler, der Dichter, die</Unicode>
                </TextEquiv>
            </TextLine>
            <TextLine id="r1l72" custom="readingOrder {index:71;}">
                <Coords points="433,1954 1378,1936 1326,1884 870,1915 433,1893"/>
                <Baseline points="440,1936 486,1936 533,1936 579,1935 626,1935 672,1934 719,1934 765,1933 812,1932 858,1932 905,1931 952,1931 998,1931 1045,1930 1091,1930 1138,1930 1184,1930 1231,1930 1277,1931 1324,1932 1371,1933"/>
                <TextEquiv>
                    <Unicode>Wie konnt ich nur! ... Schon reut es mich ...</Unicode>
                </TextEquiv>
            </TextLine>
            <TextLine id="r1l73" custom="readingOrder {index:72;}">
                <Coords points="1424,1965 1445,1975 1469,1961 1499,1970 1557,1957 1640,1972 1692,1946 1771,1971 1838,1956 1838,1918 1799,1921 1782,1908 1766,1922 1561,1915 1537,1929 1514,1914 1424,1913"/>
                <Baseline points="1431,1955 1456,1954 1481,1954 1506,1953 1531,1953 1556,1953 1581,1953 1606,1953 1631,1953 1656,1953 1681,1953 1706,1953 1731,1952 1756,1952 1781,1951 1806,1950 1831,1949"/>
                <TextEquiv>
                    <Unicode>Halbwelten zu beftehen</Unicode>
                </TextEquiv>
            </TextLine>
            <TextLine id="r1l74" custom="readingOrder {index:73;}">
                <Coords points="2392,1983 3339,1986 3339,1949 3276,1938 2976,1962 2942,1937 2392,1936"/>
                <Baseline points="2399,1975 2445,1976 2492,1976 2538,1976 2585,1976 2632,1976 2678,1976 2725,1976 2772,1976 2818,1975 2865,1975 2912,1975 2958,1975 3005,1975 3052,1975 3098,1975 3145,1975 3192,1975 3238,1976 3285,1976 3332,1977"/>
                <TextEquiv>
                    <Unicode>Markus, die Hochwald, Herr Sima und</Unicode>
                </TextEquiv>
            </TextLine>
            <TextLine id="r1l75" custom="readingOrder {index:74;}">
                <Coords points="541,1987 795,2014 1377,2007 1377,1953 1328,1938 541,1953"/>
                <Baseline points="548,1988 589,1988 630,1988 671,1987 712,1987 753,1987 794,1987 835,1987 876,1987 917,1987 959,1987 1000,1987 1041,1987 1082,1986 1123,1986 1164,1986 1205,1986 1246,1985 1287,1984 1328,1984 1370,1983"/>
                <TextEquiv>
                    <Unicode>Er: O, wie dank' ich Ihnen, daß Sie da</Unicode>
                </TextEquiv>
            </TextLine>
            <TextLine id="r1l76" custom="readingOrder {index:75;}">
                <Coords points="1973,2004 2088,2001 2126,1980 2152,2000 2335,1997 2346,2007 2356,2005 2356,1938 2246,1957 2178,1934 2116,1950 2039,1930 1999,1964 1973,1964"/>
                <Baseline points="1979,1991 2005,1991 2031,1991 2058,1991 2084,1991 2111,1991 2137,1990 2164,1990 2190,1990 2216,1990 2243,1990 2269,1990 2296,1990 2322,1990 2349,1991"/>
                <TextEquiv>
                    <Unicode>die durch einen</Unicode>
                </TextEquiv>
            </TextLine>
            <TextLine id="r1l77" custom="readingOrder {index:76;}">
                <Coords points="1536,2007 1720,2012 1763,1993 1811,2012 1851,2000 1895,2006 1894,1947 1852,1945 1772,1970 1735,1969 1704,1951 1640,1972 1604,1960 1535,1963"/>
                <Baseline points="1542,1998 1568,1998 1595,1997 1621,1997 1648,1997 1675,1996 1701,1995 1728,1995 1754,1994 1781,1994 1808,1993 1834,1993 1861,1993 1888,1994"/>
                <TextEquiv>
                    <Unicode>Er: Sehr richtig</Unicode>
                </TextEquiv>
            </TextLine>
            <TextLine id="r1l78" custom="readingOrder {index:77;}">
                <Coords points="3277,2022 3295,2024 3302,2019 3308,2022 3311,2021 3313,2024 3331,2026 3333,1991 3318,1986 3305,1993 3303,1990 3298,1991 3292,1984 3280,1984"/>
                <Baseline points="3284,2018 3324,2020"/>
                <TextEquiv>
                    <Unicode>der</Unicode>
                </TextEquiv>
            </TextLine>
            <TextLine id="r1l79" custom="readingOrder {index:78;}">
                <Coords points="2400,2036 3230,2032 3213,1979 2399,1980"/>
                <Baseline points="2407,2021 2447,2021 2488,2021 2529,2021 2570,2021 2611,2020 2651,2020 2692,2020 2733,2020 2774,2020 2815,2019 2855,2019 2896,2019 2937,2019 2978,2019 3019,2019 3059,2019 3100,2019 3141,2020 3182,2020 3223,2020"/>
                <TextEquiv>
                    <Unicode>Herr Wengraf!... Und gar Iwald,</Unicode>
                </TextEquiv>
            </TextLine>
            <TextLine id="r1l80" custom="readingOrder {index:79;}">
                <Coords points="3235,2033 3241,2032 3245,2028 3257,2031 3278,2024 3268,1986 3263,1988 3259,1987 3257,1991 3243,1987 3242,1989 3239,1989 3235,1995 3226,1997"/>
                <Baseline points="3240,2026 3269,2019"/>
                <TextEquiv>
                    <Unicode>620</Unicode>
                </TextEquiv>
            </TextLine>
            <TextLine id="r1l81" custom="readingOrder {index:80;}">
                <Coords points="424,2062 446,2065 504,2049 528,2052 547,2038 576,2040 576,2007 564,2007 526,1987 517,1993 483,1987 472,1995 455,1984 425,1986"/>
                <Baseline points="431,2038 458,2035 486,2035 513,2035 541,2037 569,2038"/>
                <TextEquiv>
                    <Unicode>sind!.</Unicode>
                </TextEquiv>
            </TextLine>
            <TextLine id="r1l82" custom="readingOrder {index:81;}">
                <Coords points="1423,2056 1595,2038 1664,2070 1714,2042 1809,2073 1879,2043 2009,2067 2290,2030 2365,2053 2364,2012 2319,1997 1423,2007"/>
                <Baseline points="1430,2043 1476,2043 1522,2043 1569,2043 1615,2043 1662,2042 1708,2041 1754,2041 1801,2040 1847,2039 1894,2038 1940,2038 1986,2037 2033,2037 2079,2036 2126,2036 2172,2036 2218,2036 2265,2037 2311,2038 2358,2039"/>
                <TextEquiv>
                    <Unicode>Aequator von Gedankenstrichen voneinander ge¬</Unicode>
                </TextEquiv>
            </TextLine>
            <TextLine id="r1l83" custom="readingOrder {index:82;}">
                <Coords points="2393,2072 3316,2080 3332,2025 2393,2037"/>
                <Baseline points="2401,2065 2447,2064 2493,2064 2539,2064 2586,2064 2632,2063 2678,2063 2724,2063 2771,2063 2817,2063 2863,2063 2909,2063 2956,2063 3002,2063 3048,2063 3094,2063 3141,2063 3187,2063 3233,2063 3279,2063 3326,2063"/>
                <TextEquiv>
                    <Unicode>moralinsaure Gatte! Ist das alles zusammen nicht</Unicode>
                </TextEquiv>
            </TextLine>
            <TextLine id="r1l84" custom="readingOrder {index:83;}">
                <Coords points="548,2098 860,2074 1379,2087 1379,2018 1225,2017 1181,2059 1104,2061 1011,2016 548,2038"/>
                <Baseline points="555,2074 595,2075 636,2075 677,2076 718,2076 759,2076 800,2076 841,2076 882,2076 923,2076 964,2075 1004,2075 1045,2075 1086,2074 1127,2074 1168,2073 1209,2073 1250,2072 1291,2072 1332,2071 1373,2071"/>
                <TextEquiv>
                    <Unicode>Sie: Nicht so stürmisch: ... Nicht des¬</Unicode>
                </TextEquiv>
            </TextLine>
            <TextLine id="r1l85" custom="readingOrder {index:84;}">
                <Coords points="1423,2103 1468,2106 1486,2096 1500,2104 1523,2091 1547,2101 1592,2089 1614,2097 1631,2091 1630,2058 1602,2039 1568,2051 1547,2046 1532,2060 1510,2054 1498,2060 1491,2053 1477,2062 1470,2056 1422,2056"/>
                <Baseline points="1429,2089 1456,2090 1484,2089 1512,2089 1540,2088 1568,2087 1596,2087 1624,2088"/>
                <TextEquiv>
                    <Unicode>trennt sind.</Unicode>
                </TextEquiv>
            </TextLine>
            <TextLine id="r1l86" custom="readingOrder {index:85;}">
                <Coords points="2397,2114 3224,2110 3304,2138 3330,2134 3330,2075 2396,2070"/>
                <Baseline points="2404,2110 2452,2109 2500,2109 2549,2108 2597,2108 2645,2107 2694,2107 2742,2107 2790,2107 2839,2107 2887,2107 2936,2107 2984,2107 3032,2107 3081,2107 3129,2107 3177,2107 3226,2107 3274,2107 3323,2107"/>
                <TextEquiv>
                    <Unicode>allerexquisitestes Theaterspiel? Dann die netten</Unicode>
                </TextEquiv>
            </TextLine>
            <TextLine id="r1l87" custom="readingOrder {index:86;}">
                <Coords points="1323,2122 1345,2119 1349,2123 1356,2122 1361,2128 1369,2124 1370,2126 1374,2123 1381,2124 1383,2084 1373,2083 1369,2087 1365,2085 1359,2087 1358,2085 1354,2088 1347,2082 1344,2084 1340,2080 1325,2079"/>
                <Baseline points="1331,2114 1374,2116"/>
                <TextEquiv>
                    <Unicode>um</Unicode>
                </TextEquiv>
            </TextLine>
            <TextLine id="r1l88" custom="readingOrder {index:87;}">
                <Coords points="428,2142 1258,2113 1316,2138 1324,2079 863,2079 811,2107 427,2065"/>
                <Baseline points="435,2124 479,2123 523,2122 567,2121 611,2121 655,2120 699,2120 743,2119 787,2119 831,2119 876,2118 920,2118 964,2117 1008,2117 1052,2116 1096,2116 1140,2115 1184,2114 1228,2114 1272,2113 1317,2111"/>
                <TextEquiv>
                    <Unicode>halb din ich da ... Ich kam nur, um — —</Unicode>
                </TextEquiv>
            </TextLine>
            <TextLine id="r1l89" custom="readingOrder {index:88;}">
                <Coords points="1540,2141 2354,2155 2341,2070 1981,2093 1930,2068 1810,2091 1662,2070 1540,2100"/>
                <Baseline points="1547,2130 1587,2131 1627,2131 1667,2131 1707,2131 1747,2131 1787,2131 1827,2131 1867,2131 1907,2130 1947,2130 1987,2130 2027,2129 2067,2129 2107,2129 2147,2128 2187,2128 2227,2127 2267,2126 2307,2126 2347,2125"/>
                <TextEquiv>
                    <Unicode>Sie: Sagen Sie mir jetzt aufrichtig: Is</Unicode>
                </TextEquiv>
            </TextLine>
            <TextLine id="r1l90" custom="readingOrder {index:89;}">
                <Coords points="2393,2170 2971,2182 3054,2161 3185,2182 3184,2124 3160,2114 2669,2105 2517,2136 2393,2117"/>
                <Baseline points="2400,2153 2438,2153 2477,2154 2516,2154 2555,2154 2594,2154 2633,2154 2672,2154 2711,2153 2750,2153 2789,2153 2827,2153 2866,2152 2905,2152 2944,2152 2983,2152 3022,2153 3061,2153 3100,2153 3139,2154 3178,2155"/>
                <TextEquiv>
                    <Unicode>kleinen Bühnenbildchen. Stimmungsexirakte.</Unicode>
                </TextEquiv>
            </TextLine>
            <TextLine id="r1l91" custom="readingOrder {index:90;}">
                <Coords points="465,2168 1380,2174 1380,2124 465,2142"/>
                <Baseline points="472,2164 517,2163 562,2163 607,2162 652,2162 697,2162 742,2162 787,2162 832,2161 877,2161 922,2161 967,2161 1012,2161 1057,2161 1102,2161 1147,2161 1192,2160 1237,2160 1282,2159 1327,2159 1373,2158"/>
                <TextEquiv>
                    <Unicode>— um über Artur Schnitzlers „Reigen“ in den</Unicode>
                </TextEquiv>
            </TextLine>
            <TextLine id="r1l92" custom="readingOrder {index:91;}">
                <Coords points="1418,2189 1705,2191 1800,2174 1800,2153 1715,2134 1591,2150 1569,2135 1533,2151 1417,2138"/>
                <Baseline points="1425,2177 1451,2178 1477,2178 1503,2178 1530,2179 1556,2179 1582,2178 1609,2178 1635,2178 1661,2177 1687,2177 1714,2176 1740,2174 1766,2173 1793,2171"/>
                <TextEquiv>
                    <Unicode>das auch Kunst 3 —</Unicode>
                </TextEquiv>
            </TextLine>
            <TextLine id="r1l93" custom="readingOrder {index:92;}">
                <Coords points="2505,2220 2873,2204 3102,2231 3150,2201 3228,2228 3341,2210 3341,2161 2970,2183 2505,2164"/>
                <Baseline points="2512,2209 2553,2208 2594,2207 2635,2207 2676,2207 2717,2206 2758,2206 2799,2206 2840,2206 2881,2206 2923,2206 2964,2206 3005,2206 3046,2206 3087,2206 3128,2206 3169,2206 3210,2206 3251,2206 3292,2205 3334,2205"/>
                <TextEquiv>
                    <Unicode>Sie: Man kommt doch darüber nicht hin¬</Unicode>
                </TextEquiv>
            </TextLine>
            <TextLine id="r1l94" custom="readingOrder {index:93;}">
                <Coords points="438,2222 1380,2210 1380,2174 1304,2154 1259,2193 1112,2162 1064,2189 438,2171"/>
                <Baseline points="445,2211 491,2211 537,2210 584,2209 630,2209 677,2208 723,2208 769,2208 816,2208 862,2207 909,2207 955,2207 1001,2207 1048,2207 1094,2207 1141,2206 1187,2206 1233,2205 1280,2204 1326,2203 1373,2202"/>
                <TextEquiv>
                    <Unicode>Kammerspielen mit Ihnen zu plaudern. Ihre</Unicode>
                </TextEquiv>
            </TextLine>
            <TextLine id="r1l95" custom="readingOrder {index:94;}">
                <Coords points="1532,2231 2176,2216 2271,2238 2365,2228 2365,2161 2290,2157 2248,2188 2092,2173 2056,2198 1532,2188"/>
                <Baseline points="1539,2224 1582,2223 1625,2222 1668,2221 1711,2221 1754,2220 1797,2220 1840,2219 1883,2219 1926,2219 1970,2218 2013,2218 2056,2218 2099,2218 2142,2218 2185,2218 2228,2218 2271,2218 2314,2218 2358,2218"/>
                <TextEquiv>
                    <Unicode>Er: Ich fürchte, leide ja. Ich bin gewiß</Unicode>
                </TextEquiv>
            </TextLine>
            <TextLine id="r1l96" custom="readingOrder {index:95;}">
                <Coords points="445,2264 1380,2255 1379,2210 1295,2203 444,2221"/>
                <Baseline points="451,2255 497,2255 543,2254 589,2254 635,2253 681,2253 727,2252 773,2252 819,2252 865,2251 911,2251 957,2251 1003,2250 1049,2250 1095,2249 1141,2249 1187,2249 1233,2248 1279,2248 1325,2247 1372,2246"/>
                <TextEquiv>
                    <Unicode>Ansicht zu hören. Ich bin entrüstet. Einfach ent¬</Unicode>
                </TextEquiv>
            </TextLine>
            <TextLine id="r1l97" custom="readingOrder {index:96;}">
                <Coords points="3252,2268 3269,2268 3280,2257 3288,2260 3298,2256 3305,2263 3312,2261 3327,2271 3338,2269 3338,2221 3319,2218 3315,2223 3305,2214 3281,2218 3276,2214 3266,2216 3264,2213 3252,2216"/>
                <Baseline points="3259,2252 3295,2250 3331,2252"/>
                <TextEquiv>
                    <Unicode>hört</Unicode>
                </TextEquiv>
            </TextLine>
            <TextLine id="r1l98" custom="readingOrder {index:97;}">
                <Coords points="2402,2259 3229,2256 3229,2227 3152,2208 3094,2235 2970,2208 2402,2220"/>
                <Baseline points="2409,2255 2449,2255 2490,2254 2530,2254 2571,2254 2612,2253 2652,2253 2693,2253 2734,2252 2774,2252 2815,2252 2856,2252 2896,2252 2937,2252 2978,2251 3018,2251 3059,2252 3100,2252 3140,2252 3181,2252 3222,2252"/>
                <TextEquiv>
                    <Unicode>veg. Ueber die vielen Verfinsterungen. Man</Unicode>
                </TextEquiv>
            </TextLine>
            <TextLine id="r1l99" custom="readingOrder {index:98;}">
                <Coords points="1421,2278 2288,2262 2354,2286 2354,2224 1420,2241"/>
                <Baseline points="1428,2268 1476,2268 1524,2267 1573,2267 1621,2267 1669,2267 1718,2266 1766,2266 1814,2265 1863,2265 1911,2264 1960,2264 2008,2263 2056,2263 2105,2262 2153,2262 2201,2262 2250,2261 2298,2261 2347,2261"/>
                <TextEquiv>
                    <Unicode>auch entrüstet, sogar sehr, aber da hindert mic</Unicode>
                </TextEquiv>
            </TextLine>
            <TextLine id="r1l100" custom="readingOrder {index:99;}">
                <Coords points="2392,2319 2989,2315 3040,2289 3232,2316 3232,2254 2392,2261"/>
                <Baseline points="2399,2299 2440,2298 2481,2297 2522,2296 2564,2296 2605,2296 2646,2295 2688,2295 2729,2295 2770,2295 2812,2295 2853,2295 2894,2295 2935,2295 2977,2295 3018,2295 3059,2295 3101,2295 3142,2295 3183,2295 3225,2294"/>
                <TextEquiv>
                    <Unicode>sich innerlich kichern. Und das soll nicht sein.</Unicode>
                </TextEquiv>
            </TextLine>
            <TextLine id="r1l101" custom="readingOrder {index:100;}">
                <Coords points="442,2315 1380,2307 1380,2254 956,2281 442,2259"/>
                <Baseline points="449,2301 495,2300 541,2299 587,2299 633,2298 680,2298 726,2297 772,2297 818,2297 864,2296 911,2296 957,2296 1003,2296 1049,2295 1095,2295 1142,2295 1188,2295 1234,2294 1280,2294 1326,2294 1373,2293"/>
                <TextEquiv>
                    <Unicode>setzt .. . Nein, so was ! . .. Ich bin doch gewiß</Unicode>
                </TextEquiv>
            </TextLine>
            <TextLine id="r1l102" custom="readingOrder {index:101;}">
                <Coords points="1428,2321 1960,2311 2120,2333 2120,2286 1922,2263 1869,2283 1809,2264 1707,2287 1427,2283"/>
                <Baseline points="1435,2315 1468,2314 1502,2314 1536,2313 1570,2313 1604,2312 1638,2311 1672,2311 1706,2310 1740,2310 1774,2309 1807,2309 1841,2309 1875,2309 1909,2309 1943,2308 1977,2308 2011,2309 2045,2309 2079,2309 2113,2309"/>
                <TextEquiv>
                    <Unicode>urchaus nicht, ehrlich zu bewunderi.</Unicode>
                </TextEquiv>
            </TextLine>
            <TextLine id="r1l103" custom="readingOrder {index:102;}">
                <Coords points="444,2350 1385,2349 1384,2304 1347,2293 444,2306"/>
                <Baseline points="452,2345 498,2343 544,2342 590,2341 637,2340 683,2339 729,2339 776,2338 822,2338 868,2338 915,2338 961,2338 1007,2338 1053,2338 1100,2337 1146,2337 1192,2337 1239,2337 1285,2336 1331,2336 1378,2335"/>
                <TextEquiv>
                    <Unicode>nicht prüde — niemand kann das von mir be¬</Unicode>
                </TextEquiv>
            </TextLine>
            <TextLine id="r1l104" custom="readingOrder {index:103;}">
                <Coords points="2512,2362 3327,2363 3345,2307 3011,2303 2960,2330 2887,2299 2847,2322 2512,2309"/>
                <Baseline points="2519,2350 2562,2350 2605,2350 2648,2350 2691,2350 2734,2350 2777,2350 2820,2349 2863,2349 2906,2349 2950,2349 2993,2349 3036,2349 3079,2349 3122,2349 3165,2349 3208,2349 3251,2348 3294,2348 3338,2348"/>
                <TextEquiv>
                    <Unicode>Er: Man amüsiert sich auf geistreichste Art.</Unicode>
                </TextEquiv>
            </TextLine>
            <TextLine id="r1l105" custom="readingOrder {index:104;}">
                <Coords points="1538,2365 2003,2357 2002,2329 1962,2311 1866,2314 1852,2328 1772,2313 1738,2329 1696,2315 1538,2322"/>
                <Baseline points="1545,2355 1570,2356 1595,2356 1620,2357 1645,2357 1670,2356 1695,2356 1720,2356 1745,2356 1770,2355 1795,2355 1820,2354 1845,2354 1870,2354 1895,2353 1920,2353 1945,2353 1970,2353 1996,2353"/>
                <TextEquiv>
                    <Unicode>Sie: Zu bewundern 2</Unicode>
                </TextEquiv>
            </TextLine>
            <TextLine id="r1l106" custom="readingOrder {index:105;}">
                <Coords points="444,2396 1379,2392 1378,2348 1218,2336 443,2351"/>
                <Baseline points="451,2387 497,2387 543,2386 589,2385 635,2385 681,2384 727,2384 773,2384 819,2383 865,2383 911,2383 957,2383 1003,2383 1049,2382 1095,2382 1141,2382 1187,2382 1233,2382 1279,2381 1325,2381 1371,2380"/>
                <TextEquiv>
                    <Unicode>haupten! — aber was zu arg ist — ist zu arg</Unicode>
                </TextEquiv>
            </TextLine>
            <TextLine id="r1l107" custom="readingOrder {index:106;}">
                <Coords points="2396,2404 3331,2404 3321,2354 2991,2351 2957,2379 2823,2356 2739,2384 2664,2353 2396,2350"/>
                <Baseline points="2403,2396 2449,2396 2495,2396 2541,2396 2587,2396 2633,2395 2679,2395 2725,2395 2771,2394 2817,2394 2863,2394 2909,2394 2955,2393 3001,2393 3047,2393 3093,2392 3139,2392 3185,2392 3231,2392 3277,2392 3324,2392"/>
                <TextEquiv>
                    <Unicode>Für die unreisere, noch mit Idealen beschwerte</Unicode>
                </TextEquiv>
            </TextLine>
            <TextLine id="r1l108" custom="readingOrder {index:107;}">
                <Coords points="1530,2412 2357,2400 2357,2366 2321,2351 2271,2380 2222,2350 1530,2366"/>
                <Baseline points="1537,2401 1577,2401 1618,2401 1658,2401 1699,2401 1740,2401 1780,2400 1821,2400 1862,2400 1902,2399 1943,2399 1984,2398 2024,2398 2065,2398 2106,2397 2146,2397 2187,2397 2228,2396 2268,2396 2309,2396 2350,2396"/>
                <TextEquiv>
                    <Unicode>Er: Den beweglich ironischen Geist, der</Unicode>
                </TextEquiv>
            </TextLine>
            <TextLine id="r1l109" custom="readingOrder {index:108;}">
                <Coords points="436,2453 876,2425 1343,2442 1351,2391 436,2397"/>
                <Baseline points="443,2433 488,2432 533,2431 578,2430 623,2429 668,2429 713,2428 758,2428 803,2427 848,2427 894,2427 939,2426 984,2426 1029,2426 1074,2426 1119,2426 1164,2426 1209,2426 1254,2426 1299,2426 1345,2426"/>
                <TextEquiv>
                    <Unicode>Man geniert sich sogar manchmal vor sich selbst.</Unicode>
                </TextEquiv>
            </TextLine>
            <TextLine id="r1l110" custom="readingOrder {index:109;}">
                <Coords points="2402,2449 3343,2455 3343,2409 2401,2405"/>
                <Baseline points="2409,2443 2455,2442 2501,2441 2548,2440 2594,2440 2641,2439 2687,2438 2733,2438 2780,2438 2826,2437 2873,2437 2919,2437 2965,2437 3012,2437 3058,2437 3105,2437 3151,2437 3197,2437 3244,2438 3290,2438 3337,2439"/>
                <TextEquiv>
                    <Unicode>Jugend ist derlei natürlich nichts, aber kundigen</Unicode>
                </TextEquiv>
            </TextLine>
            <TextLine id="r1l111" custom="readingOrder {index:110;}">
                <Coords points="1416,2457 2352,2446 2351,2402 2293,2394 1841,2419 1455,2391 1415,2414"/>
                <Baseline points="1423,2448 1469,2448 1515,2447 1561,2447 1607,2447 1653,2446 1699,2446 1745,2445 1791,2445 1837,2444 1884,2444 1930,2443 1976,2443 2022,2443 2068,2442 2114,2442 2160,2442 2206,2442 2252,2442 2298,2442 2345,2442"/>
                <TextEquiv>
                    <Unicode>schwerelos über den dunkelsten Abgründen schwebt</Unicode>
                </TextEquiv>
            </TextLine>
            <TextLine id="r1l112" custom="readingOrder {index:111;}">
                <Coords points="559,2489 1324,2512 1384,2488 1384,2440 917,2432 772,2466 558,2443"/>
                <Baseline points="565,2483 605,2483 646,2483 686,2483 727,2483 768,2483 808,2483 849,2482 889,2482 930,2482 971,2482 1011,2482 1052,2482 1092,2481 1133,2481 1174,2481 1214,2480 1255,2480 1295,2479 1336,2478 1377,2477"/>
                <TextEquiv>
                    <Unicode>Er: Vom bürgerlich = sittlichen Standpunk</Unicode>
                </TextEquiv>
            </TextLine>
            <TextLine id="r1l113" custom="readingOrder {index:112;}">
                <Coords points="2404,2494 3267,2509 3344,2493 3344,2455 2403,2450"/>
                <Baseline points="2411,2487 2457,2487 2503,2486 2549,2486 2596,2485 2642,2485 2688,2485 2735,2484 2781,2484 2827,2483 2874,2483 2920,2482 2966,2482 3012,2482 3059,2482 3105,2481 3151,2481 3198,2481 3244,2481 3290,2482 3337,2482"/>
                <TextEquiv>
                    <Unicode>Thebanern und Thebanerinnen mag der Dichter</Unicode>
                </TextEquiv>
            </TextLine>
            <TextLine id="r1l114" custom="readingOrder {index:113;}">
                <Coords points="1423,2499 2360,2501 2359,2451 2319,2442 1423,2457"/>
                <Baseline points="1430,2494 1476,2494 1522,2493 1568,2493 1614,2492 1660,2492 1706,2491 1753,2491 1799,2490 1845,2490 1891,2489 1937,2489 1983,2488 2029,2488 2076,2487 2122,2487 2168,2487 2214,2487 2260,2486 2306,2486 2353,2486"/>
                <TextEquiv>
                    <Unicode>den Schmetterling, der über einem parfümierten</Unicode>
                </TextEquiv>
            </TextLine>
            <TextLine id="r1l115" custom="readingOrder {index:114;}">
                <Coords points="2395,2542 2916,2526 3143,2548 3236,2535 3235,2491 2394,2504"/>
                <Baseline points="2401,2533 2442,2532 2483,2532 2525,2531 2566,2531 2608,2530 2649,2529 2690,2529 2732,2528 2773,2528 2815,2527 2856,2527 2897,2527 2939,2526 2980,2526 3022,2526 3063,2527 3104,2527 3146,2527 3187,2528 3229,2529"/>
                <TextEquiv>
                    <Unicode>getrost seine moussierende Weisheit kredenzen!</Unicode>
                </TextEquiv>
            </TextLine>
            <TextLine id="r1l116" custom="readingOrder {index:115;}">
                <Coords points="435,2544 485,2553 530,2533 540,2541 559,2532 581,2539 625,2533 626,2486 591,2501 577,2501 541,2482 530,2493 499,2500 479,2487 435,2486"/>
                <Baseline points="442,2530 467,2529 492,2528 517,2528 542,2529 567,2529 592,2529 618,2530"/>
                <TextEquiv>
                    <Unicode>allerdings</Unicode>
                </TextEquiv>
            </TextLine>
            <TextLine id="r1l117" custom="readingOrder {index:116;}">
                <Coords points="1419,2544 2249,2552 2367,2543 2367,2499 1418,2496"/>
                <Baseline points="1426,2539 1472,2539 1519,2538 1566,2537 1613,2537 1659,2536 1706,2536 1753,2535 1800,2535 1846,2534 1893,2534 1940,2534 1987,2533 2033,2533 2080,2532 2127,2532 2174,2532 2220,2532 2267,2532 2314,2531 2361,2531"/>
                <TextEquiv>
                    <Unicode>Sumpf gaukelt — welch sellene Feinheit in diesem</Unicode>
                </TextEquiv>
            </TextLine>
            <TextLine id="r1l118" custom="readingOrder {index:117;}">
                <Coords points="560,2588 1383,2575 1382,2524 1276,2540 1211,2508 559,2535"/>
                <Baseline points="567,2572 607,2571 647,2571 688,2571 728,2570 769,2570 809,2570 850,2570 890,2570 931,2570 971,2570 1011,2570 1052,2570 1092,2569 1133,2569 1173,2569 1214,2568 1254,2568 1295,2567 1335,2567 1376,2566"/>
                <TextEquiv>
                    <Unicode>Sie: Gibt es einen andern?! Kann und</Unicode>
                </TextEquiv>
            </TextLine>
            <TextLine id="r1l119" custom="readingOrder {index:118;}">
                <Coords points="2511,2583 2967,2580 2975,2532 2854,2543 2824,2528 2761,2546 2645,2535 2627,2548 2510,2538"/>
                <Baseline points="2518,2574 2543,2574 2568,2575 2593,2575 2618,2575 2643,2575 2668,2574 2693,2574 2718,2573 2743,2573 2768,2573 2793,2572 2818,2571 2843,2571 2868,2570 2893,2570 2918,2570 2943,2569 2969,2569"/>
                <TextEquiv>
                    <Unicode>Sie: Im unremen Glas</Unicode>
                </TextEquiv>
            </TextLine>
            <TextLine id="r1l120" custom="readingOrder {index:119;}">
                <Coords points="2283,2585 2294,2588 2304,2581 2330,2585 2342,2581 2356,2586 2364,2585 2365,2542 2332,2547 2328,2544 2322,2547 2306,2537 2284,2540"/>
                <Baseline points="2290,2575 2324,2576 2358,2576"/>
                <TextEquiv>
                    <Unicode>Das</Unicode>
                </TextEquiv>
            </TextLine>
            <TextLine id="r1l121" custom="readingOrder {index:120;}">
                <Coords points="1426,2594 2186,2593 2254,2584 2254,2550 1425,2546"/>
                <Baseline points="1433,2585 1473,2585 1514,2584 1555,2584 1595,2583 1636,2582 1677,2582 1717,2581 1758,2581 1799,2580 1840,2579 1880,2579 1921,2578 1962,2578 2002,2578 2043,2578 2084,2577 2124,2577 2165,2577 2206,2577 2247,2577"/>
                <TextEquiv>
                    <Unicode>zierlichen Spiel maskierter Marionetten!</Unicode>
                </TextEquiv>
            </TextLine>
            <TextLine id="r1l122" custom="readingOrder {index:121;}">
                <Coords points="437,2630 1394,2617 1394,2570 583,2593 437,2570"/>
                <Baseline points="444,2619 491,2618 538,2617 585,2617 632,2616 679,2616 726,2616 774,2616 821,2616 868,2616 915,2616 962,2615 1009,2615 1056,2615 1104,2615 1151,2615 1198,2614 1245,2613 1292,2613 1339,2612 1387,2610"/>
                <TextEquiv>
                    <Unicode>darf es einen anderen geben?...“. Und — gibt</Unicode>
                </TextEquiv>
            </TextLine>
            <TextLine id="r1l123" custom="readingOrder {index:122;}">
                <Coords points="2508,2621 2610,2640 3125,2617 3258,2641 3280,2638 3279,2565 3113,2590 2507,2585"/>
                <Baseline points="2514,2619 2553,2619 2593,2619 2633,2619 2673,2619 2713,2618 2753,2618 2793,2618 2833,2617 2873,2617 2913,2616 2953,2616 2993,2615 3033,2615 3073,2614 3113,2614 3153,2614 3193,2614 3233,2614 3273,2614"/>
                <TextEquiv>
                    <Unicode>Er: In goldgefaßter kristallklarer Schale!</Unicode>
                </TextEquiv>
            </TextLine>
            <TextLine id="r1l124" custom="readingOrder {index:123;}">
                <Coords points="1420,2636 2309,2648 2372,2632 2372,2584 1419,2596"/>
                <Baseline points="1426,2628 1475,2628 1524,2627 1574,2627 1623,2627 1673,2626 1722,2626 1771,2625 1821,2625 1870,2625 1920,2624 1969,2624 2019,2623 2068,2623 2117,2622 2167,2622 2216,2622 2266,2621 2315,2621 2365,2621"/>
                <TextEquiv>
                    <Unicode>Rassinement der Einsachheit. Die Schmucklosigkeit</Unicode>
                </TextEquiv>
            </TextLine>
            <TextLine id="r1l125" custom="readingOrder {index:124;}">
                <Coords points="439,2676 1269,2671 1380,2661 1380,2619 1147,2611 1026,2645 953,2616 438,2629"/>
                <Baseline points="445,2663 491,2662 537,2662 584,2661 630,2660 677,2660 723,2660 769,2659 816,2659 862,2659 909,2659 955,2659 1001,2659 1048,2658 1094,2658 1141,2658 1187,2658 1233,2657 1280,2657 1326,2656 1373,2655"/>
                <TextEquiv>
                    <Unicode>es denn so was überhaupt?.! ... Nein, jo was</Unicode>
                </TextEquiv>
            </TextLine>
            <TextLine id="r1l126" custom="readingOrder {index:125;}">
                <Coords points="2391,2674 2948,2656 3300,2694 3346,2673 3346,2621 2391,2625"/>
                <Baseline points="2398,2668 2445,2666 2492,2665 2539,2664 2586,2664 2633,2663 2680,2663 2727,2662 2774,2662 2821,2662 2869,2661 2916,2661 2963,2661 3010,2661 3057,2661 3104,2661 3151,2661 3198,2661 3245,2660 3292,2660 3340,2660"/>
                <TextEquiv>
                    <Unicode>Diese wundervolle Knappheit — kein Wort zu viel</Unicode>
                </TextEquiv>
            </TextLine>
            <TextLine id="r1l127" custom="readingOrder {index:126;}">
                <Coords points="1417,2682 1459,2679 1495,2704 1538,2678 1654,2682 1654,2634 1622,2630 1588,2646 1566,2632 1513,2637 1494,2649 1462,2634 1417,2642"/>
                <Baseline points="1424,2673 1452,2674 1480,2674 1508,2673 1536,2672 1564,2672 1592,2671 1620,2672 1648,2673"/>
                <TextEquiv>
                    <Unicode>als Kleinod.</Unicode>
                </TextEquiv>
            </TextLine>
            <TextLine id="r1l128" custom="readingOrder {index:127;}">
                <Coords points="439,2718 1125,2707 1169,2733 1322,2699 1396,2723 1396,2672 439,2678"/>
                <Baseline points="447,2709 494,2708 541,2707 588,2706 635,2705 682,2704 729,2703 776,2703 823,2703 870,2702 918,2702 965,2702 1012,2702 1059,2702 1106,2701 1153,2701 1200,2701 1247,2701 1294,2701 1341,2700 1389,2700"/>
                <TextEquiv>
                    <Unicode>gibt es nicht! Gott sei Dank! So weit sind wir</Unicode>
                </TextEquiv>
            </TextLine>
            <TextLine id="r1l129" custom="readingOrder {index:128;}">
                <Coords points="2394,2723 2699,2712 2747,2731 2777,2710 2994,2722 3045,2702 3044,2673 2982,2662 2835,2682 2807,2665 2570,2686 2394,2675"/>
                <Baseline points="2401,2711 2432,2711 2464,2711 2496,2710 2528,2710 2560,2710 2592,2709 2623,2709 2655,2708 2687,2708 2719,2708 2751,2707 2783,2707 2815,2707 2846,2706 2878,2706 2910,2706 2942,2706 2974,2706 3006,2706 3038,2707"/>
                <TextEquiv>
                    <Unicode>und kein Gedankenstrich zu wenig —</Unicode>
                </TextEquiv>
            </TextLine>
            <TextLine id="r1l130" custom="readingOrder {index:129;}">
                <Coords points="1536,2718 1582,2741 2030,2705 2071,2729 2365,2714 2356,2660 2224,2686 2042,2659 1846,2686 1803,2664 1536,2678"/>
                <Baseline points="1543,2716 1583,2716 1624,2716 1665,2716 1706,2716 1746,2715 1787,2715 1828,2714 1869,2714 1909,2713 1950,2713 1991,2712 2032,2712 2072,2711 2113,2711 2154,2710 2195,2710 2235,2710 2276,2710 2317,2710 2358,2710"/>
                <TextEquiv>
                    <Unicode>Sie: Der Graf wäre also kein Porno¬</Unicode>
                </TextEquiv>
            </TextLine>
            <TextLine id="r1l131" custom="readingOrder {index:130;}">
                <Coords points="436,2769 522,2775 568,2753 951,2762 951,2713 906,2734 797,2704 759,2718 701,2706 635,2731 590,2706 564,2723 529,2705 435,2723"/>
                <Baseline points="443,2751 468,2751 493,2751 518,2750 543,2750 568,2749 593,2749 618,2748 643,2748 668,2747 693,2747 718,2747 743,2746 768,2746 793,2747 818,2747 843,2747 868,2749 893,2750 918,2751 944,2753"/>
                <TextEquiv>
                    <Unicode>denn doch noch nicht! ...</Unicode>
                </TextEquiv>
            </TextLine>
            <TextLine id="r1l132" custom="readingOrder {index:131;}">
                <Coords points="2507,2766 3290,2775 3346,2762 3346,2707 3197,2693 3085,2730 3040,2705 2796,2711 2759,2739 2717,2714 2506,2719"/>
                <Baseline points="2514,2756 2555,2755 2596,2754 2637,2754 2679,2753 2720,2752 2761,2752 2802,2751 2844,2751 2885,2750 2926,2750 2967,2750 3009,2749 3050,2749 3091,2749 3132,2749 3174,2748 3215,2748 3256,2748 3297,2747 3339,2747"/>
                <TextEquiv>
                    <Unicode>Sie: Und es bleibt doch unmaralisch!</Unicode>
                </TextEquiv>
            </TextLine>
            <TextLine id="r1l133" custom="readingOrder {index:132;}">
                <Coords points="1431,2773 2210,2784 2370,2770 2369,2714 1430,2733"/>
                <Baseline points="1437,2768 1483,2766 1529,2764 1575,2763 1622,2761 1668,2760 1714,2759 1761,2758 1807,2758 1853,2758 1900,2757 1946,2757 1992,2757 2038,2757 2085,2757 2131,2757 2177,2757 2224,2757 2270,2757 2316,2757 2363,2757"/>
                <TextEquiv>
                    <Unicode>graph? — Mir machte er den Eindruck eines</Unicode>
                </TextEquiv>
            </TextLine>
            <TextLine id="r1l134" custom="readingOrder {index:133;}">
                <Coords points="2400,2811 2536,2802 2604,2822 2627,2802 2756,2793 2929,2815 3017,2798 3017,2763 2399,2757"/>
                <Baseline points="2406,2802 2436,2801 2466,2801 2496,2800 2526,2799 2557,2799 2587,2798 2617,2798 2647,2797 2677,2796 2708,2796 2738,2795 2768,2795 2798,2794 2828,2794 2859,2793 2889,2793 2919,2793 2949,2793 2979,2793 3010,2793"/>
                <TextEquiv>
                    <Unicode>Doch, doch, doch! — — Doch —</Unicode>
                </TextEquiv>
            </TextLine>
            <TextLine id="r1l135" custom="readingOrder {index:134;}">
                <Coords points="555,2812 1374,2807 1388,2746 1188,2769 1131,2744 1002,2779 959,2757 555,2768"/>
                <Baseline points="562,2802 605,2802 648,2801 691,2801 734,2801 777,2801 820,2801 863,2801 906,2801 949,2801 993,2800 1036,2800 1079,2800 1122,2800 1165,2800 1208,2800 1251,2800 1294,2799 1337,2799 1381,2799"/>
                <TextEquiv>
                    <Unicode>Er: Möchten Sie nicht Mantel, Hut und</Unicode>
                </TextEquiv>
            </TextLine>
            <TextLine id="r1l136" custom="readingOrder {index:135;}">
                <Coords points="1424,2824 1488,2835 1517,2814 1719,2818 1752,2801 1781,2822 1972,2809 1971,2776 1925,2758 1804,2772 1786,2758 1752,2779 1727,2765 1682,2780 1424,2775"/>
                <Baseline points="1431,2808 1457,2808 1484,2808 1510,2807 1537,2807 1564,2807 1590,2806 1617,2806 1644,2806 1670,2805 1697,2805 1724,2805 1750,2804 1777,2804 1804,2804 1830,2803 1857,2803 1884,2803 1910,2803 1937,2803 1964,2803"/>
                <TextEquiv>
                    <Unicode>Kanalräumers in Lackstiefeln.</Unicode>
                </TextEquiv>
            </TextLine>
            <TextLine id="r1l137" custom="readingOrder {index:136;}">
                <Coords points="2515,2856 3348,2846 3347,2802 3286,2786 2954,2818 2860,2795 2514,2803"/>
                <Baseline points="2522,2843 2562,2843 2603,2842 2644,2842 2685,2841 2726,2841 2767,2840 2808,2840 2849,2839 2890,2839 2931,2838 2971,2838 3012,2838 3053,2838 3094,2837 3135,2837 3176,2837 3217,2837 3258,2837 3299,2837 3340,2837"/>
                <TextEquiv>
                    <Unicode>Cr: Lassen wir das — theoretisch gelangen</Unicode>
                </TextEquiv>
            </TextLine>
            <TextLine id="r1l138" custom="readingOrder {index:137;}">
                <Coords points="436,2859 1397,2852 1385,2801 821,2803 769,2831 646,2806 598,2833 435,2800"/>
                <Baseline points="443,2848 490,2848 537,2848 585,2848 632,2848 679,2847 727,2847 774,2846 821,2846 869,2845 916,2845 963,2844 1011,2844 1058,2843 1105,2843 1153,2843 1200,2842 1247,2842 1295,2842 1342,2842 1390,2842"/>
                <TextEquiv>
                    <Unicode>Schleier ablegen, Gnädigste?: Man entrüstet sich</Unicode>
                </TextEquiv>
            </TextLine>
            <TextLine id="r1l139" custom="readingOrder {index:138;}">
                <Coords points="1536,2852 2357,2855 2338,2797 2281,2818 2104,2803 2060,2833 2008,2790 1826,2821 1536,2812"/>
                <Baseline points="1544,2852 1584,2851 1624,2850 1664,2850 1705,2850 1745,2849 1785,2849 1826,2848 1866,2848 1906,2848 1947,2847 1987,2847 2027,2847 2067,2847 2108,2846 2148,2846 2188,2846 2229,2845 2269,2845 2309,2845 2350,2844"/>
                <TextEquiv>
                    <Unicode>Er: Das ist er keinessalls. Nicht ungerech</Unicode>
                </TextEquiv>
            </TextLine>
            <TextLine id="r1l140" custom="readingOrder {index:139;}">
                <Coords points="2622,2907 2678,2883 2881,2907 3177,2873 3234,2900 3324,2897 3344,2845 2621,2855"/>
                <Baseline points="2628,2891 2663,2888 2698,2887 2734,2886 2769,2885 2805,2884 2840,2883 2876,2883 2911,2883 2947,2882 2982,2882 3017,2882 3053,2882 3088,2882 3124,2882 3159,2882 3195,2882 3230,2882 3266,2882 3301,2882 3337,2881"/>
                <TextEquiv>
                    <Unicode>zu keiner Verständigung — ich muß</Unicode>
                </TextEquiv>
            </TextLine>
            <TextLine id="r1l141" custom="readingOrder {index:140;}">
                <Coords points="437,2905 767,2888 1108,2917 1303,2888 1375,2914 1393,2851 437,2863"/>
                <Baseline points="444,2893 491,2893 538,2892 585,2892 632,2891 679,2891 726,2891 773,2890 820,2890 867,2889 915,2889 962,2889 1009,2889 1056,2888 1103,2888 1150,2888 1197,2888 1244,2888 1291,2888 1338,2888 1386,2888"/>
                <TextEquiv>
                    <Unicode>bequemer. Und die Schuhe vielleicht auch?. Darf</Unicode>
                </TextEquiv>
            </TextLine>
            <TextLine id="r1l142" custom="readingOrder {index:141;}">
                <Coords points="2416,2899 2447,2896 2486,2907 2501,2896 2533,2902 2558,2890 2564,2897 2620,2891 2619,2847 2596,2845 2588,2854 2570,2855 2548,2843 2524,2854 2499,2835 2451,2830 2436,2820 2415,2823"/>
                <Baseline points="2422,2887 2449,2891 2476,2892 2503,2893 2531,2891 2558,2891 2585,2889 2613,2888"/>
                <TextEquiv>
                    <Unicode>bit ja buch</Unicode>
                </TextEquiv>
            </TextLine>
            <TextLine id="r1l143" custom="readingOrder {index:142;}">
                <Coords points="1424,2910 2335,2917 2365,2866 1483,2868 1423,2839"/>
                <Baseline points="1430,2900 1476,2899 1522,2898 1569,2897 1615,2897 1662,2896 1708,2896 1754,2895 1801,2895 1847,2894 1894,2894 1940,2893 1986,2893 2033,2893 2079,2893 2126,2892 2172,2892 2218,2892 2265,2892 2311,2892 2358,2892"/>
                <TextEquiv>
                    <Unicode>sein. Sie fühlten sich doch an keiner Stellt ge¬</Unicode>
                </TextEquiv>
            </TextLine>
            <TextLine id="r1l144" custom="readingOrder {index:143;}">
                <Coords points="2394,2944 3341,2932 3340,2891 3180,2873 2905,2889 2875,2916 2393,2894"/>
                <Baseline points="2401,2934 2447,2934 2494,2934 2540,2934 2587,2933 2634,2933 2680,2932 2727,2932 2774,2931 2820,2930 2867,2930 2914,2929 2960,2928 3007,2927 3054,2927 3100,2926 3147,2926 3194,2925 3240,2925 3287,2925 3334,2925"/>
                <TextEquiv>
                    <Unicode>das praktisch erläutern. Wir haben doch viel</Unicode>
                </TextEquiv>
            </TextLine>
            <TextLine id="r1l145" custom="readingOrder {index:144;}">
                <Coords points="507,2959 567,2946 601,2958 631,2940 675,2964 701,2947 769,2955 803,2936 823,2948 889,2935 929,2946 918,2896 794,2907 745,2890 622,2910 506,2906"/>
                <Baseline points="513,2938 538,2938 564,2937 589,2936 615,2936 640,2935 666,2935 691,2935 717,2934 742,2934 768,2933 793,2933 819,2933 844,2933 870,2933 895,2933 921,2934"/>
                <TextEquiv>
                    <Unicode>Ihnen behilflich sein?</Unicode>
                </TextEquiv>
            </TextLine>
            <TextLine id="r1l146" custom="readingOrder {index:145;}">
                <Coords points="434,2947 441,2948 443,2946 449,2954 452,2952 456,2957 459,2954 468,2956 478,2951 484,2956 489,2956 492,2906 485,2906 476,2899 470,2900 466,2904 462,2899 457,2902 437,2905"/>
                <Baseline points="441,2940 483,2942"/>
                <TextEquiv>
                    <Unicode>ich</Unicode>
                </TextEquiv>
            </TextLine>
            <TextLine id="r1l147" custom="readingOrder {index:146;}">
                <Coords points="1546,2946 1557,2944 1562,2948 1570,2949 1579,2941 1581,2944 1588,2944 1588,2902 1579,2902 1576,2905 1572,2902 1569,2905 1559,2898 1555,2901 1546,2901"/>
                <Baseline points="1552,2942 1582,2942"/>
                <TextEquiv>
                    <Unicode>2</Unicode>
                </TextEquiv>
            </TextLine>
            <TextLine id="r1l148" custom="readingOrder {index:147;}">
                <Coords points="1405,2949 1421,2944 1451,2951 1458,2947 1492,2972 1498,2972 1513,2956 1542,2952 1542,2908 1454,2903 1440,2915 1433,2908 1425,2913 1416,2906 1405,2907"/>
                <Baseline points="1413,2945 1443,2943 1474,2943 1504,2944 1535,2943"/>
                <TextEquiv>
                    <Unicode>troffen</Unicode>
                </TextEquiv>
            </TextLine>
            <TextLine id="r1l149" custom="readingOrder {index:148;}">
                <Coords points="3115,2991 3142,2979 3177,2989 3201,2981 3264,2998 3292,2975 3320,2985 3336,2979 3335,2930 3306,2929 3261,2943 3225,2937 3202,2947 3176,2942 3158,2952 3136,2945 3114,2949"/>
                <Baseline points="3121,2973 3147,2972 3173,2971 3199,2970 3225,2969 3251,2969 3277,2968 3303,2968 3330,2968"/>
                <TextEquiv>
                    <Unicode>— — bie</Unicode>
                </TextEquiv>
            </TextLine>
            <TextLine id="r1l150" custom="readingOrder {index:149;}">
                <Coords points="2395,2985 2711,2997 2891,2964 3115,2998 3114,2941 3060,2934 2928,2947 2882,2925 2790,2957 2746,2934 2394,2944"/>
                <Baseline points="2401,2979 2436,2980 2471,2980 2507,2981 2542,2981 2577,2981 2613,2980 2648,2980 2683,2979 2719,2978 2754,2977 2789,2977 2825,2976 2860,2975 2895,2974 2931,2973 2966,2973 3001,2972 3037,2972 3072,2972 3108,2972"/>
                <TextEquiv>
                    <Unicode>Besseres zu tun, als uns zu zanken</Unicode>
                </TextEquiv>
            </TextLine>
            <TextLine id="r1l151" custom="readingOrder {index:150;}">
                <Coords points="1539,2995 2363,2990 2363,2933 2079,2947 1968,2919 1538,2947"/>
                <Baseline points="1546,2984 1586,2984 1627,2983 1667,2983 1708,2983 1748,2982 1789,2982 1829,2981 1870,2981 1910,2981 1951,2980 1991,2980 2032,2980 2072,2979 2113,2979 2153,2979 2194,2980 2234,2980 2275,2980 2315,2981 2356,2982"/>
                <TextEquiv>
                    <Unicode>Sie: Noch schöner. Vock Fehaupt ich noch</Unicode>
                </TextEquiv>
            </TextLine>
            <TextLine id="r1l152" custom="readingOrder {index:151;}">
                <Coords points="557,3004 1387,3000 1387,2954 1306,2938 893,2938 818,2971 779,2944 557,2949"/>
                <Baseline points="564,2988 604,2989 645,2989 686,2990 727,2990 768,2990 808,2989 849,2989 890,2989 931,2988 972,2988 1012,2987 1053,2987 1094,2986 1135,2986 1176,2986 1216,2986 1257,2986 1298,2986 1339,2987 1380,2988"/>
                <TextEquiv>
                    <Unicode>Sie: Danke. Sie sind sehr liebenswürdig.</Unicode>
                </TextEquiv>
            </TextLine>
            <TextLine id="r1l153" custom="readingOrder {index:152;}">
                <Coords points="2406,3032 3082,3047 3189,3016 3348,3048 3347,2989 3304,2975 2405,2986"/>
                <Baseline points="2413,3025 2459,3026 2505,3027 2552,3027 2598,3027 2644,3026 2691,3026 2737,3025 2783,3024 2830,3023 2876,3021 2922,3021 2969,3020 3015,3018 3061,3017 3108,3017 3154,3016 3200,3015 3247,3015 3293,3015 3340,3016"/>
                <TextEquiv>
                    <Unicode>Besseres! — — Komm — komm — — o, Dei</Unicode>
                </TextEquiv>
            </TextLine>
            <TextLine id="r1l154" custom="readingOrder {index:153;}">
                <Coords points="1571,3037 2358,3039 2358,2985 2317,2981 1672,3006 1571,2984"/>
                <Baseline points="1578,3031 1616,3030 1655,3029 1694,3029 1732,3028 1771,3027 1810,3027 1848,3026 1887,3026 1926,3026 1965,3026 2003,3025 2042,3025 2081,3025 2119,3025 2158,3025 2197,3025 2235,3026 2274,3026 2313,3026 2352,3026"/>
                <TextEquiv>
                    <Unicode>Das gibt es nicht! Und es ist auch nich</Unicode>
                </TextEquiv>
            </TextLine>
            <TextLine id="r1l155" custom="readingOrder {index:154;}">
                <Coords points="1429,3037 1445,3034 1458,3043 1484,3046 1496,3038 1509,3041 1524,3031 1551,3023 1550,3000 1541,3000 1525,2989 1506,2995 1471,2980 1427,2989"/>
                <Baseline points="1436,3032 1463,3031 1490,3030 1517,3029 1544,3030"/>
                <TextEquiv>
                    <Unicode>immer</Unicode>
                </TextEquiv>
            </TextLine>
            <TextLine id="r1l156" custom="readingOrder {index:155;}">
                <Coords points="700,3033 809,3051 947,3027 979,3046 1394,3040 1393,2999 1333,2989 700,3006"/>
                <Baseline points="707,3031 741,3031 775,3031 809,3031 843,3031 877,3031 911,3031 945,3031 979,3031 1013,3031 1047,3031 1081,3031 1115,3031 1149,3031 1183,3031 1217,3031 1251,3030 1285,3030 1319,3030 1353,3029 1387,3029"/>
                <TextEquiv>
                    <Unicode>Gleich das erste Bild. Nächtliche</Unicode>
                </TextEquiv>
            </TextLine>
            <TextLine id="r1l157" custom="readingOrder {index:156;}">
                <Coords points="436,3042 480,3043 494,3051 508,3040 521,3050 530,3050 530,2988 511,2989 503,2996 481,3000 470,2994 460,3000 452,2997 436,3000"/>
                <Baseline points="443,3036 469,3035 496,3034 523,3038"/>
                <TextEquiv>
                    <Unicode>Sy</Unicode>
                </TextEquiv>
            </TextLine>
            <TextLine id="r1l158" custom="readingOrder {index:157;}">
                <Coords points="2400,3076 2413,3076 2441,3093 2455,3092 2496,3069 2513,3079 2529,3069 2567,3075 2568,3031 2554,3032 2542,3023 2530,3031 2494,3036 2472,3029 2454,3037 2447,3031 2401,3027"/>
                <Baseline points="2407,3069 2432,3068 2458,3068 2483,3069 2509,3070 2534,3071 2560,3070"/>
                <TextEquiv>
                    <Unicode>Süße !!</Unicode>
                </TextEquiv>
            </TextLine>
            <TextLine id="r1l159" custom="readingOrder {index:158;}">
                <Coords points="1589,3086 1641,3106 1823,3076 2146,3093 2200,3068 2361,3089 2361,3036 2282,3023 1589,3038"/>
                <Baseline points="1596,3076 1633,3075 1671,3074 1709,3074 1747,3073 1785,3072 1823,3072 1861,3072 1899,3071 1937,3071 1975,3071 2012,3071 2050,3071 2088,3071 2126,3071 2164,3071 2202,3071 2240,3071 2278,3071 2316,3071 2354,3071"/>
                <TextEquiv>
                    <Unicode>Ich wünsche durchaus nicht daß es</Unicode>
                </TextEquiv>
            </TextLine>
            <TextLine id="r1l160" custom="readingOrder {index:159;}">
                <Coords points="443,3093 1389,3080 1376,3036 443,3044"/>
                <Baseline points="449,3079 495,3078 542,3078 588,3077 635,3077 682,3076 728,3076 775,3075 822,3075 868,3074 915,3074 962,3074 1008,3074 1055,3074 1102,3074 1148,3074 1195,3074 1242,3074 1288,3074 1335,3074 1382,3074"/>
                <TextEquiv>
                    <Unicode>Straßenszene. Eine Berufsliebhaberin, die auf den</Unicode>
                </TextEquiv>
            </TextLine>
            <TextLine id="r1l161" custom="readingOrder {index:160;}">
                <Coords points="1422,3087 1444,3081 1449,3086 1459,3080 1474,3087 1482,3081 1493,3085 1524,3082 1528,3086 1542,3082 1541,3030 1523,3031 1510,3041 1497,3037 1485,3045 1463,3041 1459,3046 1442,3033 1421,3040"/>
                <Baseline points="1428,3077 1454,3077 1481,3076 1507,3076 1534,3077"/>
                <TextEquiv>
                    <Unicode>Kunst.</Unicode>
                </TextEquiv>
            </TextLine>
            <TextLine id="r1l162" custom="readingOrder {index:161;}">
                <Coords points="2516,3121 3311,3118 3340,3112 3340,3047 3213,3037 3144,3076 3049,3042 2875,3041 2626,3090 2516,3065"/>
                <Baseline points="2523,3111 2563,3111 2604,3111 2644,3111 2685,3110 2725,3110 2766,3110 2806,3110 2847,3110 2887,3109 2928,3109 2969,3109 3009,3109 3050,3109 3090,3108 3131,3108 3171,3108 3212,3107 3252,3107 3293,3106 3334,3106"/>
                <TextEquiv>
                    <Unicode>Sie: Und ich bleibe dabei, daß es so etwal</Unicode>
                </TextEquiv>
            </TextLine>
            <TextLine id="r1l163" custom="readingOrder {index:162;}">
                <Coords points="437,3133 709,3144 942,3111 1295,3135 1386,3127 1386,3082 437,3093"/>
                <Baseline points="445,3124 491,3124 538,3123 585,3123 631,3122 678,3122 725,3122 771,3121 818,3121 865,3120 912,3120 958,3120 1005,3120 1052,3119 1098,3119 1145,3119 1192,3119 1238,3119 1285,3119 1332,3119 1379,3119"/>
                <TextEquiv>
                    <Unicode>Gedankenstrich geht und ein Soldat. Einsames</Unicode>
                </TextEquiv>
            </TextLine>
            <TextLine id="r1l164" custom="readingOrder {index:163;}">
                <Coords points="1432,3128 1474,3128 1485,3137 1509,3140 1538,3125 1549,3130 1577,3123 1584,3130 1606,3127 1606,3070 1584,3077 1559,3073 1534,3089 1504,3082 1482,3089 1457,3082 1432,3084"/>
                <Baseline points="1439,3121 1465,3122 1492,3122 1519,3122 1545,3122 1572,3121 1599,3121"/>
                <TextEquiv>
                    <Unicode>Kunst sei.</Unicode>
                </TextEquiv>
            </TextLine>
            <TextLine id="r1l165" custom="readingOrder {index:164;}">
                <Coords points="1544,3181 2660,3181 2660,3121 1544,3129"/>
                <Baseline points="1551,3163 1606,3163 1661,3162 1716,3162 1771,3162 1826,3161 1881,3161 1936,3161 1991,3161 2046,3161 2102,3160 2157,3160 2212,3160 2267,3160 2322,3160 2377,3160 2432,3161 2487,3161 2542,3161 2597,3162 2653,3162"/>
                <TextEquiv>
                    <Unicode>Er: Was ein Künstler schafft, ist Punst —nicht gibt!!.</Unicode>
                </TextEquiv>
            </TextLine>
            <TextLine id="r1l166" custom="readingOrder {index:165;}">
                <Coords points="445,3177 1371,3174 1392,3124 1008,3146 822,3122 722,3155 444,3131"/>
                <Baseline points="451,3169 497,3168 544,3167 591,3167 637,3166 684,3165 731,3165 777,3165 824,3164 871,3164 918,3164 964,3164 1011,3164 1058,3164 1104,3164 1151,3163 1198,3163 1244,3163 1291,3163 1338,3162 1385,3162"/>
                <TextEquiv>
                    <Unicode>Donaugelände. Uferböschung. Flackernde Straßen¬</Unicode>
                </TextEquiv>
            </TextLine>
            <TextLine id="r1l167" custom="readingOrder {index:166;}">
                <Coords points="3079,3229 3167,3194 3223,3213 3235,3205 3260,3226 3289,3227 3309,3206 3354,3205 3354,3144 3303,3155 3283,3138 3252,3139 3143,3175 3122,3169 3079,3180"/>
                <Baseline points="3086,3196 3112,3196 3138,3196 3164,3196 3190,3196 3216,3195 3242,3195 3268,3195 3294,3196 3320,3196 3347,3197"/>
                <TextEquiv>
                    <Unicode>— — ——</Unicode>
                </TextEquiv>
            </TextLine>
            <TextLine id="r1l168" custom="readingOrder {index:167;}">
                <Coords points="2679,3201 2701,3203 2709,3197 2729,3206 2734,3201 2746,3211 2775,3193 2813,3211 2813,3160 2796,3156 2755,3164 2749,3160 2731,3171 2701,3171 2679,3163"/>
                <Baseline points="2686,3196 2716,3197 2746,3197 2776,3197 2806,3196"/>
                <TextEquiv>
                    <Unicode>— — —</Unicode>
                </TextEquiv>
            </TextLine>
            <TextLine id="r1l169" custom="readingOrder {index:168;}">
                <Coords points="1428,3220 2085,3207 2172,3239 2407,3207 2406,3168 2373,3163 1427,3176"/>
                <Baseline points="1434,3212 1482,3211 1530,3211 1578,3210 1627,3210 1675,3209 1723,3209 1772,3208 1820,3207 1868,3207 1917,3206 1965,3206 2013,3206 2061,3206 2110,3205 2158,3205 2206,3205 2255,3205 2303,3205 2351,3205 2400,3206"/>
                <TextEquiv>
                    <Unicode>und das hat einer in seiner besten Stunde ge¬</Unicode>
                </TextEquiv>
            </TextLine>
            <TextLine id="r1l170" custom="readingOrder {index:169;}">
                <Coords points="441,3233 1382,3217 1359,3169 441,3178"/>
                <Baseline points="448,3214 494,3213 540,3212 586,3211 633,3210 679,3210 725,3209 772,3209 818,3209 864,3209 911,3209 957,3209 1003,3208 1049,3208 1096,3208 1142,3208 1188,3208 1235,3208 1281,3207 1327,3207 1374,3206"/>
                <TextEquiv>
                    <Unicode>laterne. Wie unverschämt rasch man handels</Unicode>
                </TextEquiv>
            </TextLine>
            <TextLine id="r1l171" custom="readingOrder {index:170;}">
                <Coords points="1418,3278 1448,3268 1460,3279 1480,3279 1485,3284 1522,3260 1562,3266 1562,3221 1539,3226 1520,3213 1507,3217 1500,3211 1467,3222 1459,3218 1444,3223 1429,3213 1418,3216"/>
                <Baseline points="1425,3257 1451,3255 1477,3255 1503,3255 1529,3256 1555,3255"/>
                <TextEquiv>
                    <Unicode>sthassen.</Unicode>
                </TextEquiv>
            </TextLine>
            <TextLine id="r1l172" custom="readingOrder {index:171;}">
                <Coords points="436,3268 472,3262 485,3271 523,3266 537,3275 549,3267 562,3274 622,3255 654,3264 653,3219 624,3207 587,3221 576,3212 530,3235 502,3220 491,3226 469,3220 436,3235"/>
                <Baseline points="443,3258 468,3258 494,3258 519,3257 545,3256 570,3256 596,3255 621,3255 647,3257"/>
                <TextEquiv>
                    <Unicode>eins wird!</Unicode>
                </TextEquiv>
            </TextLine>
            <TextLine id="r1l173" custom="readingOrder {index:172;}">
                <Coords points="697,3406 867,3377 1348,3387 1387,3377 1386,3315 1267,3299 1233,3318 1137,3302 695,3324"/>
                <Baseline points="704,3386 737,3385 771,3383 805,3382 839,3381 873,3379 907,3378 940,3377 974,3375 1008,3375 1042,3374 1076,3373 1110,3373 1144,3372 1177,3372 1211,3371 1245,3371 1279,3371 1313,3371 1347,3371 1381,3371"/>
                <TextEquiv>
                    <Unicode>LLUSTRIERTES WIENER</Unicode>
                </TextEquiv>
            </TextLine>
            <TextLine id="r1l174" custom="readingOrder {index:173;}">
                <Coords points="748,3463 1188,3456 1209,3441 1328,3457 1327,3385 1310,3377 1247,3408 1194,3373 935,3399 901,3380 748,3390"/>
                <Baseline points="755,3445 783,3446 811,3446 839,3446 868,3446 896,3445 924,3445 953,3444 981,3444 1009,3443 1038,3442 1066,3442 1094,3441 1122,3441 1151,3440 1179,3440 1207,3440 1236,3441 1264,3441 1292,3442 1321,3443"/>
                <TextEquiv>
                    <Unicode>EXTRARLATT, V </Unicode>
                </TextEquiv>
            </TextLine>
            <TextLine id="r1l175" custom="readingOrder {index:174;}">
                <Coords points="590,3527 666,3541 712,3530 771,3569 801,3560 830,3575 872,3568 891,3582 962,3585 968,3533 946,3532 915,3498 838,3487 798,3496 762,3474 715,3491 666,3456 599,3455"/>
                <Baseline points="598,3519 623,3523 649,3527 674,3532 700,3536 726,3540 751,3544 777,3547 803,3551 828,3553 854,3556 880,3559 905,3561 931,3563 957,3564"/>
                <TextEquiv>
                    <Unicode>3l. 1. 1921.</Unicode>
                </TextEquiv>
            </TextLine>
            <TextEquiv>
                <Unicode>box 17/5
11. Reigen
Z ER 1 1
Er: Und derselbe Soldat ninmi in Szene
Sie: Und Sie wollen ein Moralist sein.?
—en mier —. 
Und sprechen so?
zwei stürmischen Besitz von einem hübschen Wiener
Stubenmädel nach einem Prater=Fünfkreuzer=Tanz.
Er: Ich füge noch hinzu: Schniclers
Schnihlers „Reigen“.
ie: Entsetzliche Zustände des, in den
„Neigen“ bleibt sublim moralisch im letzten und
unteren Bevölkerungsschichten!
(Kanimersprere.,
ethabensten Sinn, weil er so unerschrocken wahr ist.
Er: Uad der junge Herr erobert sich das
—————e. — — ————
Sie: Eben das bestreite ich. Solche
Kammerspielmäbchen gleich im ersten Ansturm.
Männer gibt es vielleicht. Solche Frauen
Sie: Und, denken Sie nur! — eine so
Die junge Frau und der Moralist.
und Mädchen sicher nicht. Die kann und darf
genannte anstendige Frau, glücklich verheitntel
Ein kritischer Epilog.
es nicht geden. Vielleicht vor dem Krieg.
besucht einen frissten jungen
Mutier sogar! —
Er: Diese Szenen sind allerdings schon an
(Im tranlichen Junggesellenheim des Moralisten.)
Herrn
die zwanzig Jahre alt. Vielleicht sind wir alle in¬
Er: Ich errötete für Sie — sogar zwei¬
Er: Sie hat mir soeben abgesagt! — Da ist
zwischen besser, reiner, wissender, zuverlässiger ge¬
mal .. dicht hintereinander.
fie schon:... Emma
worden. Möglich.
Sie: Sehr lieb — doch besorg' ich das
Sie: Ich hätt es nicht tun sollen ..
Sie: Aber aufs Theater gehört so was
schon selbst... Dann: Gatie und Gattin — ehe¬
aber Sie dürfen deshalb nicht schlecht von mir
keinesfalls
lich gelagert — der Herr Gemahl beim süßen
enten
Er: Alles Darstellbare gehört auch auf's
Mädel — dieses und der alberne Dichter — der
Er: Im Gegenteil!.
Theater... Ist diese kleine Hedwig Keller
schwachsinnige Literat und die posierende Schau¬
Sie: Auch dürfen Sie mich nicht so an¬
vielleicht nicht das allerfüßeste süße Mädel?
spielerin — die Komödiantin und der Aristolrat
seh'n — sonicht !!...
Ist die Olly nicht von diskretester Drastik als
wie unheimlich rasch das alles gemt!
Er: Also anders! ... Wie befindet sich
Liebesvirtuosin, hat sie nicht die natürlichne
Er: Zuletzt beschließt der Graf den
der Herr Gemahl?.
Affektation des Affekts? — Ist die Carlsen
wirhelnden Reigen bei der Birne. Ja, so ist das
keine anständige Fran, wie sie im Buch steht
Sie: In diesem Augenblicke sprichen Sie
Leben. Dieses Leben.
Luxus= und Liebhaberausgabe, Privatdruck? Und
Spon ihm? ... Warum bin ich gekommen? ...
Sie: Schnitzlers Welt scheint aus zwei
Lackner, der Graf, Ziegler, der Dichter, die
Wie konnt ich nur! ... Schon reut es mich ...
Halbwelten zu beftehen
Markus, die Hochwald, Herr Sima und
Er: O, wie dank' ich Ihnen, daß Sie da
die durch einen
Er: Sehr richtig
der
Herr Wengraf!... Und gar Iwald,
620
sind!.
Aequator von Gedankenstrichen voneinander ge¬
moralinsaure Gatte! Ist das alles zusammen nicht
Sie: Nicht so stürmisch: ... Nicht des¬
trennt sind.
allerexquisitestes Theaterspiel? Dann die netten
um
halb din ich da ... Ich kam nur, um — —
Sie: Sagen Sie mir jetzt aufrichtig: Is
kleinen Bühnenbildchen. Stimmungsexirakte.
— um über Artur Schnitzlers „Reigen“ in den
das auch Kunst 3 —
Sie: Man kommt doch darüber nicht hin¬
Kammerspielen mit Ihnen zu plaudern. Ihre
Er: Ich fürchte, leide ja. Ich bin gewiß
Ansicht zu hören. Ich bin entrüstet. Einfach ent¬
hört
veg. Ueber die vielen Verfinsterungen. Man
auch entrüstet, sogar sehr, aber da hindert mic
sich innerlich kichern. Und das soll nicht sein.
setzt .. . Nein, so was ! . .. Ich bin doch gewiß
urchaus nicht, ehrlich zu bewunderi.
nicht prüde — niemand kann das von mir be¬
Er: Man amüsiert sich auf geistreichste Art.
Sie: Zu bewundern 2
haupten! — aber was zu arg ist — ist zu arg
Für die unreisere, noch mit Idealen beschwerte
Er: Den beweglich ironischen Geist, der
Man geniert sich sogar manchmal vor sich selbst.
Jugend ist derlei natürlich nichts, aber kundigen
schwerelos über den dunkelsten Abgründen schwebt
Er: Vom bürgerlich = sittlichen Standpunk
Thebanern und Thebanerinnen mag der Dichter
den Schmetterling, der über einem parfümierten
getrost seine moussierende Weisheit kredenzen!
allerdings
Sumpf gaukelt — welch sellene Feinheit in diesem
Sie: Gibt es einen andern?! Kann und
Sie: Im unremen Glas
Das
zierlichen Spiel maskierter Marionetten!
darf es einen anderen geben?...“. Und — gibt
Er: In goldgefaßter kristallklarer Schale!
Rassinement der Einsachheit. Die Schmucklosigkeit
es denn so was überhaupt?.! ... Nein, jo was
Diese wundervolle Knappheit — kein Wort zu viel
als Kleinod.
gibt es nicht! Gott sei Dank! So weit sind wir
und kein Gedankenstrich zu wenig —
Sie: Der Graf wäre also kein Porno¬
denn doch noch nicht! ...
Sie: Und es bleibt doch unmaralisch!
graph? — Mir machte er den Eindruck eines
Doch, doch, doch! — — Doch —
Er: Möchten Sie nicht Mantel, Hut und
Kanalräumers in Lackstiefeln.
Cr: Lassen wir das — theoretisch gelangen
Schleier ablegen, Gnädigste?: Man entrüstet sich
Er: Das ist er keinessalls. Nicht ungerech
zu keiner Verständigung — ich muß
bequemer. Und die Schuhe vielleicht auch?. Darf
bit ja buch
sein. Sie fühlten sich doch an keiner Stellt ge¬
das praktisch erläutern. Wir haben doch viel
Ihnen behilflich sein?
ich
2
troffen
— — bie
Besseres zu tun, als uns zu zanken
Sie: Noch schöner. Vock Fehaupt ich noch
Sie: Danke. Sie sind sehr liebenswürdig.
Besseres! — — Komm — komm — — o, Dei
Das gibt es nicht! Und es ist auch nich
immer
Gleich das erste Bild. Nächtliche
Sy
Süße !!
Ich wünsche durchaus nicht daß es
Straßenszene. Eine Berufsliebhaberin, die auf den
Kunst.
Sie: Und ich bleibe dabei, daß es so etwal
Gedankenstrich geht und ein Soldat. Einsames
Kunst sei.
Er: Was ein Künstler schafft, ist Punst —nicht gibt!!.
Donaugelände. Uferböschung. Flackernde Straßen¬
— — ——
— — —
und das hat einer in seiner besten Stunde ge¬
laterne. Wie unverschämt rasch man handels
sthassen.
eins wird!
LLUSTRIERTES WIENER
EXTRARLATT, V 
3l. 1. 1921.</Unicode>
            </TextEquiv>
        </TextRegion>
    </Page>
</PcGts>
