3392 4320
285 120 792 208 11. Reigen
360 1837 969 1933 2000 Scheßlers „Reigen“.
450 1908 1039 1998 Im Kleinen Schauspiel##
1006 1982 1169 2044 eine Art,
377 1974 974 2054 Dies sei vorab festgestellt: ##
1011 2033 1177 2082 mit An¬
332 2026 951 2081 einem künstlerischen Untsbnehmen
1103 2075 1170 2122 zu
977 2068 1103 2124 zuleibe
332 2075 957 2123 drohungen von Freih#rubung
1096 2103 1167 2154 dem
986 2109 1053 2157 noch
333 2111 943 2151 gehen. Weder deMusikhochschule
1054 2120 1089 2151 110
985 2147 1169 2195 sie stellte,
586 2144 979 2210 das sich hitfr
337 2149 585 2199 Kultusministes
338 2191 1170 2234 noch dem Geret macht dies Vörgelen Ehre
332 2227 1174 2283 Gertrud Pyfoldt, die Mitdirektorin #### in
331 2261 1177 2311 ihrAnsprache mehr als recht: Hätten die
334 2303 1172 2353 Herren sich die Mühe genommen eine Probe
341 2347 1163 2392 nitanzusehen, sie hätten vermutlich anders ge¬
328 2376 1171 2431 handelt. Denn es zeigte sichVerschiedenes:
340 2414 1168 2461 Erstens, daß die Aufführung mit lobenswerter
333 2457 1167 2503 Dezenz es streng vermied, irgesdeinen Zug zu
331 2494 1177 2542 vergröbern, vielmehr ihre ganze Mühe daran
344 2532 1180 2576 etzte, die lächelnde erotische Psychologie des Wer¬
336 2566 1168 2622 kes diskret und liebenswürdig herauszubringen.
339 2607 1170 2653 Kein Mensch von gesunden Sinnen kann durch
337 2640 1171 2691 diese Vorstellung sein Schamgefühl verletzt
344 2686 1172 2729 inden. Zweitens aber daß überhaupt auf der
343 2719 1183 2772 Bühne, entgegen mancher Erwartung, vieles,
340 2764 1172 2813 was die Phantasie des Buchlesens sich höchst
337 2795 1177 2855 schwül und gepfeffert ausma en mag, an pikanter
330 2838 963 2894 Nebenwirkung merkwürdig verliert.
397 2873 1181 2938 Freilich, nicht nur diese Nebenwirkung wird
340 2915 1185 2967 schwächer. Arthur Schnitzler hat diese
327 2951 1177 3002 Dialoge nicht für die Bühne geschrieben, und er
336 2992 1186 3046 hat bis vor kurzem niemals an eine Aufführung
339 3044 1175 3090 gedacht, weil er fühlte, daß der Duft ihrer Zart¬
348 3078 1185 3124 heit im Theater Einbuße erleiden könnte. Er
336 3110 1172 3162 gibt zehn Zwicgespräche zwischen Männlein und
1229 3122 1272 3191 :
345 3152 1186 3204 Weiblein in den Augenblicken, da sie sich finden.
336 3189 1184 3235 Die Dirne und der Soldat, der Soldat und das
1228 3226 1261 3267 n
350 3228 1179 3279 Stubenmädchen, das Stubenmädchen und der
339 3261 1181 3314 junge Herr der junge Herr und die junge Frau,
345 3310 1176 3358 die junge Frau und der Ehemann, der Ehemann
344 3347 1186 3386 und das süße Mädel, das süße Mädel und der
1241 3379 1272 3418 I
342 3379 1189 3423 Dichter, der Dichter und die Schauspielerin, die
1235 3404 1287 3459 1
353 3416 1193 3463 Schauspielerin und der Graf, der Graf und. daß
1077 3455 1186 3506 — sie
343 3457 1072 3503 der Kreis sich wieder schließe, die Dirne
346 3500 1181 3539 alle erleben einen Moment des sinnlichen Rau¬
347 3533 1192 3580 sches. Da wir jede Figur in doppelter Situation
348 3571 1193 3619 kennen lernen, ist eine feine Verbindung her¬
342 3622 1283 3662 gestellt. Die Gestalten schlingen einen Reigen! ü
1235 2995 1267 3038 d
981 107 1388 189 box 18/1
1222 1269 2062 1323 um das ewig: Urthema, das die Erdenkinder von
1224 1317 2057 1364 Evas wegen bewegt. Wie sie sich verhalten, wie
1230 1363 2054 1402 as Vorher und Nachher sich sonderbar. mannig¬
1223 1392 2064 1444 faltig, komisch und tragikomisch ausnimmt, wird
1217 1438 2054 1480 meisterlich dargetan. Die letzte Grazie dieser
1223 1468 2062 1516 Verschlingungen aber kommt im Licht der Rampe,
1221 1507 2052 1554 mit den Ablenkungen des fallenden Vorhangs
1216 1549 2063 1596 (der auh die entscheidenden Augenblicke im Buche
1229 1593 2060 1634 durch Gedankenstriche angedeutet, liebevoll ver¬
1218 1623 2055 1674 hüllt), der Kulissenänderung, der Zwischenmusit
1220 1667 1664 1710 nicht zur vollen Geltung.
1264 1704 2047 1748 Vielleicht könnte hier die Drehbühne helfen
1234 1740 2056 1789 banz schnelle Verwandlungen, ineinander über¬
1235 1780 2056 1829 leitend, durch die gemeinsamen Figuren der
1232 1819 2055 1865 Einzelszenen zwanglos verbunden — zum Schlusse
1231 1853 2056 1903 müßte die ganze Reihe sich an der Hand fassen
1226 1893 2056 1941 und vorüberhuschen. Immerhin, auch Ernst
1222 1937 2053 1981 Sterns Einrichtung hatte Geschick und Ge¬
1231 1975 2060 2017 chmack. In der Darstellung führten die männ¬
1226 2005 2063 2057 lichen Pariner: der charmante junge Herr von
1225 2048 2057 2100 Kürt Goetz. der beruhigte, doch noch nicht ab¬
1230 2081 2060 2142 gedankte Ehemann von Schwanneke, der
1229 2125 2063 2174 von köstlichem Selbstgefühl geschwellte Dichter
1218 2163 2055 2213 von Karl Etlinger. Bei den Frauen leuchtete
1224 2198 2062 2257 die jedliche Munterkeit des süßen Mädels Poldi
1780 2236 2022 2303 Max Osborn.
1223 2248 1527 2310 Müller voran.
1634 2280 1667 2324 *
1272 2344 2068 2390 Inzwischen hat die Leitung der Hochschule
1234 2380 2064 2436 für Musik, die den Antrag auf Verboi der
1234 2422 2073 2478 Aufführung gestellt hatte, die Zurückzie¬
1238 2468 2064 2524 hung dieses Verbots erwirkt, da sie, wie
1226 2506 2070 2567 sie jetzt sagt, durch die Aufführung erkannt habe,
1235 2551 2081 2609 daß ihre Bedenken grundlos waren. Weder Herr
1239 2603 2077 2652 Bladek noch Frau Eysoldt als Direktorn des
1229 2643 2027 2699 Kleinen Schauspielhauses werden „brummen“.
2269 131 2965 221 Gruß an Frau Eysoldt.
2185 192 3041 265 Ein paar Worte jenseits der Kritik.
2176 247 3112 309 Um die Eingangstüren des Theatersaales schlei¬
2106 301 3111 358 chen unsichtbare Polizeigespenster, irgendwo im Hin¬
2962 337 3101 397 Endlich
2115 340 2912 389 ergrund rauschen Staatsanwaltsroben.
2112 372 3093 429 öffnet sich der Bühnenvorhang und hervor tritt ...
2113 419 3104 475 ich glaube den winzigen Bruchteil einer Sekunde,
2533 467 3105 522 Ein paar Zeitatome später sind
2117 470 2526 526 daß es Lulu sei...
2107 504 3102 555 die Züge Penthesileas zu erkennen: trotziges Ama¬
2121 545 3114 607 onentum noch gleichsam in der Ruhelage . .. Nein,
2117 588 3105 642 nein, niemand anders ists, als der Tollgeist Puck, der
2119 627 3106 682 eine Landgerichtsverfügung spöttisch in der Hand
2362 671 3121 725 Seltsam nur diese Ruhe, diee wunder¬
2272 690 2346 723 —
2122 679 2192 727 hält
2114 721 3104 767 bare Leichtigkeit der Geberden, wahrend sich ein
2113 759 3103 805 äußerster Wille gegen Ruin und schwere Unter¬
2522 797 3112 842 oviel Selbstüberwindung kann
2104 798 2520 852 druckung wehrt —
2107 840 3116 891 eigentlich nur eine Strindbergsche Martyriumsfigur
2602 878 3117 932 — es vergeht eine volle
2126 878 2602 942 aben. Und in der Tat
2109 927 3112 973 halbe Sekunde, ehe aus einem halben Dugend ein¬
2116 955 3121 1016 ander ablösender Gestalten die — Frau Direktor er¬
2115 1010 2211 1069 steht.
2178 1037 3102 1104 Es sind ihr sechs Wochen Haft angedroht, falls
2122 1097 3107 1153 sie das verbotene Stück spielen laßt. Unheroisch.
2119 1138 3112 1194 ohne Großartigkeit der Geberden teilt sie mit, daß
2116 1178 3106 1243 Schnitzlers „Reigen“ trotzdem gespielt wird. Nie¬
2116 1229 3112 1277 mals säh ich sie so wundervoll leicht auf der Erde
2128 1264 3114 1314 tehen. Sie schildert ihre Zwangslage und ihre so
2115 1305 3114 1359 triftige Beschwerde hat einen sanften Nebenton des
2118 1346 3111 1398 Verzeihens. Wie schön dabei die Haltung der un¬
2121 1388 3107 1442 zornig schmerzlich gegeneinander gepreßten Hände
2117 1424 3115 1480 Sie liest die behördliche Verfügung vor, und während
2114 1467 3113 1529 die Worte vom Papier heruntergleiten, überlegt man
2114 1505 3118 1571 gleichzeitig mit der Sprecherin, ob es überhaupt
2112 1551 3110 1611 denkbar sei, einen Kunstmenschen dafür einzusperren,
2121 1594 3123 1645 weil er sich in der letzten Konsequenz eines Wochen
3025 1631 3115 1684 Man
2121 1633 3000 1686 lang vorbereiteten Tuns nicht stören läßt.
2136 1671 3111 1725 ühlt genau, wie die Eysoldt noch einmal genau ihre
2129 1719 3115 1769 eerven überprüft, ob sie den Aufregungen und dem
2120 1754 3117 1815 Wiverstand gegen eine behördliche Verfügung auch
2122 1793 3118 1849 gewachsen waren. Ein leichtes Zögern der Worte
2119 1844 3117 1896 ist von blitzschnellem Nachdenken erfüllt, feinste Vi¬
2117 1882 3122 1936 brationen der Stimme lassen merken: „O Staats¬
2119 1918 3116 1978 autorität, wie gerne wäre ich schwaches, nervöses
2128 1964 3116 2023 Weib auf deiner Seite! Aber was soll man tun,
2123 2001 3124 2059 wenn irregeleitete Funktionäre ein Werk der mensch¬
2129 2043 3095 2112 ichen Erkenntnis mit Pornogrophie verwechseln?
2192 2089 3123 2149 Dann wird der Klang der Stimme wieder fester,
2157 2134 3117 2202 bald das entscheidende Wort gefallen ist. Alle
2158 2171 3127 2235 rücken sind abgebrochen und nun läßt sich auch Eini¬
2158 2224 3120 2275 s über die geistigen Fähigkeiten jener sonderbaren
2174 2260 3130 2316 ser sagen, die den „Reigen“ für etwas Unzüchtiges
2171 2303 3125 2361 lten. Man hätte nie gedacht, daß Hohn so unbose,
2184 2342 3124 2401 rücksichtsvoll, so zart, ja, beinahe so liebenswürdig
2170 2391 3122 2444 n kann. Man fühlt sich von der Schlichtheit des
2167 2426 3123 2480 iftretens einer Anklägerin so sonderbar erregt, als
2136 2465 3121 2520 3 man sich zunächst fur alle an dem Verbot der
2137 2516 3121 2563 Aufführung Mitschuldigen zu schämen hätte. Dann
2137 2539 3129 2606 ber beschleicht mich auch der merkwürdige Wunsch,
2138 2602 3118 2665 in paar Augenblicke der gegnerische Anwalt zu
2136 2632 3134 2704 ein . . . um noch im Strahlenglanz dieser feier¬
3049 2672 3129 2726 zu
2149 2668 3047 2735 ichen Augenblicke aufstehen und etwa äußern
2158 2772 2311 2831 dürfen:
2347 2770 3151 2829 „Verzeihen Sie, tapfere Frau, unseren
2157 2820 3158 2873 Irrtum. Ein Prozeß gegen soviel erlauchtes Gefühl
2154 2861 2903 2932 ließ sich ohnedies kaum gewinnen ...
2216 2909 3155 2974 Und nun dürfen Sie, verehrte Frau Eysoldt, nicht
3094 2959 3152 3011 ihr
2160 2961 3082 3019 etwa voraussetzen, ich hätte die Neigung gehabt,
2169 3001 3181 3061 mpulsives, menschlich freies Hervortreten als einer¬
2165 3040 2904 3093 schauspielerische Leistung zu bewerten.
3094 3042 3168 3093 Sie
2166 3083 3169 3141 werden es mir kaum verübeln, wenn man die großen
2169 3118 3166 3170 Selbstbeherrschung bei ihrer so persönlichen Auf¬
2153 3162 3164 3205 lehnung gegen eine Gerichtsverfügung, wenn man
2163 3198 3173 3256 ihre vornehmen Ausdrucksformen im Zustande der
2166 3245 3182 3298 Erregung auf ideale Endergebnisse Ihrer Kunst zu¬
2155 3289 3173 3341 rückführt. Durch das Medium Ihrer Gestalten haben
2155 3329 3178 3395 Sie die Freiheit über sich selbst erobert. Eine ein¬
2157 3368 3168 3420 zige Entgleisung des Ausdrucks bei Ihren Aeuße¬
2161 3411 3161 3461 rungen über die Gegenpartei hätte unliebsame Folgen
2162 3451 3157 3504 haben können. Im kritischen Augenblicke hat Sie
2153 3491 3164 3540 die Gefährlichkeit der Situation nicht zurück¬
2324 3526 3161 3581 ... Vielleicht ist der letzte Sinn künstte¬
2161 3528 2323 3585 geschreckt
2153 3584 3160 3633 rischer Arbeit doch nur der, sich zu solchen Höhe¬
2151 3614 3160 3671 punkten des Daseins durchzuarbeiten und das
2152 3657 2919 3707 Schweben zu lernen — über Abgründen.
3092 3661 3146 3709 —
2224 3700 3155 3763 (Bei alledem verheimliche ich mir, daß auch
2146 3747 3142 3811 Compagnon Sladek in ihrer Nähe sichtbar wurde.
2839 3795 3137 3857 Emil Faktor.
2620 3856 2690 3921 *
3139 2430 3172 2478 1
3151 1967 3184 2021 d
