3484 4384
311 202 443 297 11.
1011 207 1424 299 box 17/2
498 211 818 305 Reigen
997 1198 2008 1278 Wir bemerken ausdrücklich, daß laut einem uns zuge
490 1212 885 1290 aul Wansen und in be¬
895 1270 2020 1323 gangenen Berliner Privattelegramm auch im national¬
888 1306 2021 1363 liberalen Zentralbureau 51 Mandate gezählt
171 1328 830 1417 on der Algemeinen Zeitung
895 1355 986 1417 sind.
980 1379 2013 1457 Von dem Rückgang des Zentrums um bisher
165 1399 704 1469 inchen, Bayerstrasse 57/59.
995 1515 2015 1577 Die zehn Gespräche „Reigen“ demonstrieren das Be¬
178 1529 861 1599 Beilage zur Allgemeinen Zeitung
895 1570 2011 1626 nehmen des Männchens und des Weibchens vor und nach
189 1583 865 1635 Artikel: Zur Ethik des Gesamt¬
898 1615 2006 1665 demjenigen Vorgang, dem wir alle unser Dasein ver¬
186 1630 864 1677 old (München); sodann den Schluß der
892 1653 2006 1706 danken. Die zehn Personen sind: 1. die Dirne
166 1669 708 1735 Mörikes an seine Braut.
892 1705 2012 1750 2. das Stubenmädchen, 3. die junge Frau, 4. das
901 1738 2017 1803 üße Mädel, 5. die Schauspielerin, 1 a. der Soldat,
887 1796 2017 1843 2 a. der junge Herr, 3 a. der Ehegatte, 4 a. der Dichter,
167 1774 485 1864 uilleton.
885 1830 2014 1875 5 a. der Graf. Die Handlung entwickelt sich folgender¬
885 1874 2012 1943 maßen: 1 + 1a; 1a + 2; 2 + 2a; 2a + 3;
893 1912 2005 1966 3 + 3a; 3a + 4; 4 + 4a; 4a + 5; 5 + 5a
180 1905 576 1998 hlers „Reigen“
893 1962 2010 2009 5 a + 1. — Die Dialoge sind so ausgetüftelt, berechnet
175 1983 858 2057 pdes Münchner Akademisch=dramatischer
886 2004 2007 2057 und absichtlich, daß nur eine arithmetische Formel zur In¬
185 2027 645 2093 Kaimsaal, 25. Juni 1905.)
898 2045 2006 2097 haltsangabe geeignet erscheint. Die Szenen sind, wie alles
186 2070 863 2139 kleinen Gesprächen, die der Wiener
898 2088 2015 2140 von Schnitzler, mit jener mechanischen Präzision gearbeitet,
187 2129 861 2180 Schnitzler im Jahre 1900 als
894 2129 2004 2175 die genügsame Kritiker raffiniert nennen; die Rädcher
178 2161 870 2219 1903 für die Oeffentlichkeit drucken
900 2175 2007 2230 greifen ineinander wie bei einem Uhrwerk. Niemand wird
176 2212 869 2265 Akademisch=Dramatischen Vereine
895 2221 2012 2271 von einem Uhrwerk verlangen, daß es Seele, Feuer,
163 2257 867 2313 ublikum aufgeführt worden. Das
899 2259 2018 2318 Schwung oder Humor habe. Anders liegt der Fall bei
179 2296 854 2355 schienene Buch hat verschiedene Mei
898 2308 2018 2356 einem Kunstwerk, anders vor allem bei einem Drama. Mit
179 2337 868 2395 und wider veranlaßt. Die Urteile
898 2347 2011 2396 blasiertem Zynismus zeigt Schnitzler, daß auch für die
170 2376 854 2435 bkala vom Hymnus bis herab zun
893 2382 2013 2438 Liebe das Wort gilt: Plus ga change, plus c’est la
170 2432 854 2491 sanwalt. Es scheint daher geraten
1947 2426 2004 2487 des
894 2441 1927 2489 mème chose. Es ist der verächtliche Pessimismus
174 2479 859 2528 enfolge des Entstehens die Geschichte
902 2475 1922 2534 Goetheschen Mephistopheles, von dem aus die Liebe
174 2514 865 2584 n Buches, sowie die Etappen seiner
898 2514 1874 2570 beurteilt wird: „... und dann die hohe Intuition
177 2558 705 2612 effentlichkeit zu betrachten.
896 2555 2004 2612 darf nicht sagen — wie — zu schließen!" Der psychologische
181 2589 862 2649 hat durch seine Schauspiele (Anatol
905 2606 2007 2661 Verlauf jedes einzelnen Dialoges läßt sich nur in zwei la¬
168 2652 859 2699 894: Liebelei 1895; Freiwild 1896
902 2651 1538 2721 teinischen Hexametern andeuten:
165 2673 860 2739 8; Paracelsus, Die Gefährtin, Der
1010 2700 1844 2760 Visus, colloquium, risus, post oscula tactus,
173 2730 863 2785 teigen 1900: Der Schleier der Bea¬
1007 2742 1961 2818 Post tactum factum; post factum poenitet actum.
165 2759 861 2829 Stunden 1902), sowie durch mehrere
166 2820 864 2865 r vordersten Plätze in der gegen¬
981 2796 2003 2864 Ueberhaupt ließe sich der Bericht über Schnitzlers Dia
170 2859 855 2912 eratur errungen. Er ist verschiedent
899 2862 2006 2911 oge leichter lateinisch als deutsch schreiben, wie die alten
161 2902 857 2963 en, auch — wenn wir uns nicht irren
895 2901 2009 2949 Moralisten es auch zu tun pflegten, wenn dieses Gebiet zu
162 2938 861 3005 rung, die sein Vaterland dem drama¬
899 2947 1216 2999 behandeln war.
1280 2948 2018 3002 Zehnmal hintereinander wiederholt
163 2989 862 3043 rleihen kann, den Grillparzer=Preis.
890 2983 2010 3036 Schnitzler: Dumm und verächtlich sind Männchen und
173 3024 858 3082 nien geachteten Namen durch achtbare
890 3029 2006 3078 Weibchen, lächerlich in ihrer dumpfen Brunst, widerlich und
171 3072 859 3135 er hat diesen Namen zu bewahren:
886 3075 2005 3130 roh in ihrer Ernüchterung. Auch größeren Dichtern ist
169 3115 542 3182 aufs Spiel setzen.
887 3120 2011 3191 dieser Gedanke nicht fremd gewesen; sie haben ihn vor¬
738 3238 933 3363 7
2041 1211 3170 1270 ungünstigsten Fue immer noch ihren Besitzstand in
2039 1266 2455 1325 Bayern wahren.
2138 1291 3170 1356 Das Zentrum konnte in der Stichwahl zwar den
2039 1348 3162 1397 Wahlkreis Würzburg behaupten, verlor aber für den Wahl¬
2038 1396 3168 1443 kreis Wasserburg, den es dem Bauernbund abgenommen, an
2050 1511 3176 1569 übergehend da und dort in einem Werke niedergelegt. Aber
2050 1569 3173 1617 ie haben nicht im physiologischen Vorgang das Wesen der
2045 1614 3166 1661 Liebe gesehen; sie haben nicht diese eine Art, die Dinge zu
2041 1654 3172 1706 betrachten, einseitig in einem einzigen Werke bis zum Ekel
2051 1745 3175 1800 gen, die jahrtausendalte Verrlärung der Liebe ignoriert; sie
2049 1783 3161 1836 haben nicht zehnmal dem Leser die Nase in den Kot ge¬
2051 1833 3168 1885 toßen. Das alles aber hat Schnitzler getan. Angen immen,
2050 1874 3172 1931 däß er in einer bestimmten Hinsicht recht habe, daß, die vor
2043 1914 3171 1962 allem Schopenhauer großartig auseinandersetzt, die Er¬
2039 1955 3165 2010 haltung der Gattung der Liebe tiefster Sinn und letztes
2040 2000 3163 2052 Ziel sei: dennoch hat Schnitzler in der Hauptsache unrecht.
2052 2045 3159 2095 Seit Menschen denken und dichten, ist ihr Bestreben gewesen,
2050 2083 3167 2134 gerade diesen Trieb zu sublimieren; alle Zartheit und
2042 2130 3178 2179 Innigkeit des Gemütes, alles was an Verklärungskünst¬
2039 2174 3169 2218 und Veredelungsmöglichkeiten, an Feierlichkeit und holder
2045 2212 3165 2269 Schwärmerei, an philosophischer Vertiefung, häuslichem
2041 2259 3169 2313 Glück und religiöser Weihe in ihrer Macht lag, haben die
2037 2300 3169 2351 Menschen dankbar und hoffend um die Liebe gekränzt. Sie
2037 2344 3174 2400 haben dunkel gefühlt, daß die höhere, heiligere, vornehmere
2042 2387 3169 2444 Auffassung der Liebe sie vor allem vom Tier unterscheide;
2044 2432 3159 2481 die Geschichte der menschlichen Kultur und die Geschichte der
2050 2471 3163 2525 Anschauungen über die Liebe gehen parallel. Die Reli¬
2048 2516 3163 2568 zionen aller Völker, die Dichtung der gesamten Menschheit,
2039 2565 3165 2618 das Sinnen und Sehnen von Millionen Liebenden hat aus
2049 2601 3163 2648 er Liebe etwas Beglückenderes, Vornehmeres, Geweihteres
2042 2644 3168 2693 gemacht; wir haben die Liebe vermenschlicht, verschönt, mit
2038 2694 2761 2744 Geheimnis und Ergriffenheit umhüllt,
2833 2689 3155 2747 da tritt Schnitzler
2761 2697 2806 2738 —
2033 2731 3155 2784 herein in den großen und reinen Menschheitstempel der
2039 2773 3159 2823 Liebe und zeigt höhnend, daß auch Romeo und Julie im
2038 2815 3164 2869 Grunde nur ein lüsterner Bube und seine dumme Dirne
2041 2863 3158 2928 waren! Es ist wie wenn er ein Hundepaar vor einer
2046 2907 2686 2962 Aphroditestatue sich paaren ließe!
2129 2945 3155 3004 Es ist Schnitzlers gutes Recht, die Liebe aufzufassen
2035 2990 3156 3044 wie er will. Aber es ist auch unser gutes Recht, diese Auf¬
2042 3037 3158 3083 fassung als unkünstlerisch, als kulturfeindlich, als vom
2051 3076 3155 3131 Standpunkt jeder Sittlichkeit aus unsittlich zu empfinden.
2131 3119 3168 3170 Es stand Schnitzler frei, sein Werk zu verfassen; es
2140 3293 2258 3365 4
