3336 4320
275 66 405 168 11
469 84 799 191 Reigen
300 952 819 1009 Markgrafenskr. 2 an der Lindenstr.
163 967 234 1037 Paus
357 991 827 1034 Frisier- Champoomer- und
193 945 430 1093 S
173 1006 293 1060 ermatie:
420 1032 815 1084 Haarfärbe-Saions mit
163 1045 331 1080 ner welche
514 1053 824 1098 ageslichtkabinen.
428 1051 488 1128 8
168 1069 373 1102 auf einfache,
558 1083 753 1120 Spezialitèr:
164 1088 438 1131 narurgerreue Wese
504 1083 824 1166 Hygienisch¬
174 1119 465 1157 verlorengegangenes
562 1131 831 1182 poröse Haar.
166 1139 512 1177 Aaer erserzen und ohn.
722 1152 842 1226 erdeiten
167 1165 601 1204 Nadel Sicher zu befestiger. sind.
609 1164 813 1264 S
179 1193 643 1242 iaerfärben mit Schönsten 1.sfur¬
158 1214 652 1260 Vorben nach eigener Methode.:
558 1359 865 1442 gioden G Schouiensen
129 1558 888 1672 000000000000
144 1798 729 1885 Robert Forster-Larrinaga.
136 1863 673 1941 ürfen von Ernst Stern,
132 1930 612 2007 r-Kunstgewerbehaus,
149 1988 366 2064 Straße 9.
121 2080 589 2174 er Pianofortefabrik,
110 2162 394 2235 Straße 27b.
112 2328 496 2430 sechsten Bild.
102 2560 898 2676 0000000000000
272 2757 633 2905 DURCH:
250 2840 443 2991 M
150 2995 256 3089 2205
116 3093 811 3200 R E. &2 CMEH.
107 3176 456 3265 GERNTR. G
109 3239 791 3321 EKLAME • PROGRAMMREKLAME
114 3300 322 3378 Arz 666
977 91 1134 173 box
1231 94 1386 186 8/1
1574 809 2374 883 DAS KLEINE SCHAUSPIELHAUS
1259 1016 2694 1101 des Sachverständigen des „Deutschen Bühnenvereins“, Herrn
1256 1077 1721 1170 Prof. Alfred Klaar.
1292 1137 2687 1224 Die Frage, ob die Bilderreihe „Reigen“, zehn Dialoge von Arthur Schnitzler,
1261 1207 2687 1270 die gestern, den 23. Dezember 1920, im „Kleinen Schauspielhaus“ vorgeführt
1270 1261 2682 1325 wurde, als sittlich anstößig von der Bühne ferngehalten werden soll, kann
1260 1305 2691 1371 ich nur mit „Nein“ beantworten. Jemand, der die Dichtung Schnitzlers nur
1265 1361 2684 1418 aus dem Buche kennen lernt und dessen Einbildungskraft zur Ausmalung
1260 1405 2693 1462 sinnlicher Vorstellungen neigt, kann vielleicht zu der Annahme gelangen, daß
1269 1466 2689 1517 die szenische Darstellung der Vorgänge, an die die Dialoge geknüpft sind,
1271 1508 2693 1569 sittlich anstößig wirken dürfte. Der gestrige Eindruck aber hat eine derartige
1260 1553 2688 1615 Annahme widerlegt. Die Aufführung, die sich an die äußere und innere Vor¬
1267 1601 2693 1663 schrift des Dichters hielt, das Geistige in den Vordergrund rückte und das
1263 1649 2690 1714 Rohstoffliche nur als Anlaß der Charakterstudien andeutete, war frei von allen
1278 1702 2687 1762 erotischen Ausschreitungen, die das Schamgefühl reifer Menschen verletzen
1269 1748 2698 1810 könnten und hielt sich, was die intime Annäherung zwischen Mann und Weib
1269 1801 2690 1869 anlangt, in den für viele dramatische Motive unerläßlichen, auf der Bühne
1273 1848 2693 1915 längst eingebürgerten Darstellungsformen, die keinerlei Anstoß erregen. Was
1272 1898 2692 1963 aber die geistige Wirkung der Dialege anlangt, so zeigte die Aufführung
1269 1948 2691 2023 auf das Deutlichste, daß die Dichtung Schnitzlers von der Tendenz, das Laster
1275 2002 2695 2061 verführerisch darzustellen, vollkommen frei zu sprechen ist. Im Gegenteil:
1265 2054 2696 2123 Die geistreiche Satire zielt darauf ab, den flüchtigen Rausch der Genußgier
1270 2100 2704 2163 sowie den Selbstbetrug und die Heuchelei, die rein sinnliche Begehrungen
1276 2140 2699 2209 mit falscher Sentimentalität und erlogener Vornehmheit umkleiden, dem
1281 2193 2705 2257 Gelächter und der Geringschätzung preiszugeben. Zu der komischwirksamen
1282 2246 2704 2304 Verspottung gesellschaftlicher Lüge gesellt sich in den Szenen, die uns durch
1276 2300 2703 2359 die verschiedensten Lebenskreise hindurchführen, ein wehmütiger Humor,
1277 2354 2694 2408 der die Verkennung der Lebenswerte beleuchtet. Die Dialoge wirken also
1277 2388 2696 2462 durchaus nicht sinnlich aufreizend, vielmehr aufklärend über die Täuschungen,
1276 2453 2698 2507 denen viele Menschen im Bereiche der Erotik ausgesetzt sind und unter
1269 2488 2697 2551 denen sie leiden, ohne sich von ihnen Rechenschaft zu geben. Eine sittlich
1278 2537 2704 2606 bedenkliche Wirkung erscheint mir darum nach beiden gekennzeichneten
1278 2605 1779 2662 Seiten hin ausgeschlossen.
1311 2649 1921 2733 Berlin, den 24. Dezember 1920.
2143 2668 2718 2776 gez. Prof. Dr. Alfred Klaar.
