3436 4224
944 104 1360 199 box 17/1
245 98 753 206 11. Reigen
929 763 1235 842 ohon 12801.
446 839 1609 928 Alex. Weigl’s Unternehmen für Zeitungs-Ausschnitte
1384 905 1571 976 Ausschnitt
695 927 1361 1066 „DBSERYER“
1468 964 1699 1056 Nr. 59
337 1052 1701 1128 I. österr. behördl. oonc. Bureau für Zeitungsberichte u. Personalnachricht
594 1119 1493 1207 Wiem, I., Concondiaplatz 4.
341 1176 1707 1241 Vertretungen in Berlin, Budapest, Chicago, Genf, London, Newyork, Paris, Ro
703 1232 1386 1295 Stockholm, Kristiania, St. Petersburg.
932 1265 1620 1381 Deutsche Zeitung, Wien
344 1348 812 1441 Ausschnitt aus:
342 1502 516 1590 vom:
713 1566 957 1657 111005
521 1654 1568 1735 (Merkwürdig,] schon lange merkwürdig, leider immer
419 1724 1562 1773 merkwürdig ist die entsetzliche Erscheinung, daß allüberall, wo
425 1760 1557 1823 der Sumpf der Verderbtheit aufspritzt, der Jude es ist, der im
433 1804 1566 1860 Schlamme plätschernd sich wohlbefindet, von der Fäulnis um ihn
432 1851 1557 1912 lebt, ja zu seinem Nutzen sie erzeugt. Seit Babylon kennt man die
429 1891 1557 1945 Schrecknisse der Korruption in den Tiefen des großstädtischen
429 1942 1567 1990 Lebens. Und in jeder Weltstadt seit Babylon war es das
416 1975 1556 2046 semitische Element, das Handel trieb mit der Unzucht;
419 2028 1564 2076 mehr oder minder offen je nach Ort und Zeit. Gibt es noch einen
418 2070 1569 2124 Toren, der es für nicht bezeichnend hält, daß die ertappten
418 2110 1560 2160 Mädchenhändler, die Kupplerinnen und Bordellwirte fast durchwegs
452 2154 1560 2216 99 von 100 — Juden sind? So als glatten, gleichgültigen Zufall
420 2202 1559 2256 es hinstellen, wie es charakteristischerweise die „Arbeiter=Ztg.“ und
418 2235 1563 2296 die „W. Allg. Ztg.“ tut, so mit Nonchalance darüber hinweggehen,
431 2291 1556 2347 daß die scheußliche Frau aus der Floßgasse, welche von der Unzucht
359 2291 420 2382 Fü
422 2325 1559 2391 unreifer Kinder lebte, ebenfalls eine Jüdin ist, geht denn doch
378 2375 414 2416 9
426 2377 1553 2426 nicht. Aber schon den Namen „Feuerstein“ zu nennen, macht
427 2417 1567 2467 den genannten Monitoren des Judentums Beschwerden. Die
428 2465 1558 2525 „Arbeiter=Zeitung“ benützt die Gelegenheit, um in ihrer profunden
419 2506 1556 2559 Art von Volkserziehung eine schandbare Pornographie des „mehr
373 2544 1562 2606 Abzur glatten Liebenswürdigkeit neigenden Dichters“ Schnitzler dem
373 2592 1551 2652 AbInteresse ihres Leserkreises näherzurücken; die „Allgemeine“ bläst für
419 2636 1550 2683 ihre philosemitischen „Nachtasyl“=Gorki die Reklameposaunen. Die
414 2673 1551 2731 „Allgemeine“ findet: „Die Hauptangeklagte, die Inhaberin des be¬
369 2720 1561 2791 Inlrüchtigten Kinder=Nachtasyls und Massenquartiers in der Floßgasse,
379 2765 1561 2816 dInimmt nur wenig Interesse für sich in Anspruch. Sie ist eine
381 2809 1561 2867 w(jener nur zu zahlreichen Erscheinungen, die nur im Sumpfe der
372 2841 1561 2911 LeGroßstadt gedeihen können, eine jener Gestalten, denen die Be¬
416 2902 1559 2951 griffe „Leben“ und „Unrechttun“ identisch sind.“ Und sie lenkt
424 2940 1557 2992 sorglich die Blicke ab von der Erscheinung, daß die „eine jener
418 2988 1559 3039 nur zu zahlreichen“ eine Jüdin ist. Auch die „Arb.=Ztg.“ hält sich
420 3026 1566 3088 nicht an die „Realität“ der Frau Feuerstein und ihres Mitasyl¬
418 3070 1565 3134 habers Isidor Beer. Für sie ist die „glaubwürdigste Figur in
422 3114 1559 3164 diesem Höllengemälde“ „jener Offizier, der sich mit einem ver¬
418 3157 1558 3221 lotterten dreizehnjährigen Mädchen einläßt“. Wäre diese Art, über
411 3194 1558 3261 den wunden Judenpunkt hinwegzukommen, nicht so herzlich dumm,
418 3239 1563 3296 man wär' versucht, sie ganz verdammt gescheit zu nennen. Was
416 3288 1564 3354 heißt es aber, wenn die „A.=Z.“ und ihresgleichen nur von
413 3337 1554 3398 „Pfaffen" und „Burschoas“ als „Kinderschänder“ und „Schon
418 3381 1557 3433 wieder einer“ berichtet, stillschweigend aber hinwegsieht über die
422 3413 1561 3490 Beer und Feuerstein! Bloß weil das Juden sind! Merkwürdig,
405 3445 746 3529 höchst merkwürdig
1584 2310 1717 2368 inclusiv
1585 2355 1688 2400 Porto.
1572 2388 1708 2443 Zahlbar
1580 2432 1722 2495 im Voral
1618 2476 1724 2543 ist d
1558 2501 1608 2544 16
1575 2538 1687 2594 cht es
1687 2539 1726 2604 0
1571 2655 1684 2714 altend
1569 2702 1715 2752 Norge
1600 2739 1734 2799 Zeitung
1574 2780 1719 2828 schaftlie
1582 2820 1726 2881 Diese MI
2310 550 2732 641 Telephon 12801.
1901 650 3107 732 Alex. Weigl’s Unternehmen für Zeitungs-Ausschnitte
2874 709 3050 783 Ausschnitt
2670 736 2849 839 EP
2184 733 2665 869 „OBSERY
3037 773 3182 861 43
2936 767 3045 866 Nr.
1811 847 3215 928 L. öster behördl. conc. Bureau für Zeitungsberichte u. Personalnachrichten
2084 920 2977 1005 Wien, I., Concordiaplatz 4.
1826 978 3221 1054 Vertretungen in Berlin, Budapest, Chicago, Genf, London, Newyork, Paris, Rom,
2193 1030 2867 1085 Stockholm, Kristiania, St. Petersburg.
2459 1103 3070 1218 Die Wage, Wien
1832 1160 2292 1242 Ausschnitt aus:
1826 1308 2090 1396 vom:
2097 1295 2419 1414 11140
1831 1526 2161 1612 Philipp Frey.
1823 1605 2471 1703 Schnitzlers „Reigen“.“
1950 1701 3192 1759 Wüßte man es nicht vom „Anatol“ her, daß Herr Arthur Schnitzler mit
1835 1746 3200 1802 seinem natürlich=witzigen Dialog es der besten Kleinkunst der Franzosen von Musset
1835 1786 3199 1834 bis Lavedan gleichtut, so hätte der Reigen, durch dessen Hände dies Buch schon im
1828 1822 3198 1873 Sommer 1897 wanderte, dies Urteil kreieren können. Viel des Neuen ist also darüber
1828 1867 3190 1910 nicht gerade zu sagen. Doch verdient das Werk eines Schriftstellers, auf dessen
1828 1905 3192 1953 Anmut, psyche ische Feinarbeit und redliche Vertiefung wir nicht vom Rassengeiste
1839 1946 3196 1986 erleuchteten Österreicher ein wenig stolz find, immerhin weitere Erwähnung. An der
1833 1982 3196 2033 künstlerischen Leistung des fein gefeilten Büchleins ist zunächst die treffliche Technik
1840 2051 3207 2128 des Dialoges zu loben. Nett ist es auch, daß der Autor mit den photographischen
1850 2119 3197 2166 Aufnahmen von Milieunichtigkeiten spart, mit denen die jetzigen Routiniers des Dialog¬
1838 2161 3196 2206 genres (siehe Lavedan, Gyp, La vie Parisienne) Seiten füllen. Herr Schnitzler geht
1843 2200 3197 2243 in jeder Szene resolut auf eine Zeile Gedankenstriche los, die jeweilig den Stand
1837 2233 3204 2281 der Unterhaltung andeuten, in dem sie vom Gedanklichen am weitesten entfernt ist.
1840 2266 3195 2324 Den leitenden Einfall, das erotische Treiben von Großstadttypen in sozialer Skala
1834 2317 3200 2366 zu verfolgen und die leicht Entbrannten und rasch Gestillten in doppeltem tour de
1840 2347 3198 2399 main auftreten zu lassen, hat er graziös und witzig durchgeführt. Die Dirne, der
1841 2385 3194 2434 Soldat, das Stubenmädchen, der junge Herr, die junge Frau, der Ehegatte, das süße
1846 2430 3193 2478 Mädel, der Dichter, die Schauspielerin, der Graf treten nacheinander auf, durch
1851 2470 3192 2519 sexualökonomische Bedingungen zu den „großen Zielen, der Gattung“ verknüpft. Dirne
1843 2503 3196 2565 und Graf schließen das Gewinde, dessen Arrangement den kundigen Blick des Lebe¬
1838 2546 2278 2610 mannes und Arztes verrät.
1955 2566 3202 2637 Es ist sicher, daß in diesen durch Witz verfeinerten Stenogrammen erotischer
1842 2620 3195 2670 Alltäglichkeitsgespräche sehr viel auf das Heikle der Situation gestellt ist. Und doch
1837 2656 3204 2720 darfbehauptet werden, daß Herr Schnitzler nicht die leichten Situationen gesucht hat,
1841 2703 3198 2752 um es sich leicht zu machen. Seine Stenogramme haben psychologischen Wert. Es
1842 2738 3197 2788 kömmt bei solcher jedem „Problem“ von vorneherein abgewandten Belletristik darauf
1843 2777 3193 2827 an, das Oberflächliche doch so zu wenden, daß es ein Stück Inneres frei läßt. Lavedan
1845 2816 3195 2866 hat in „Le nouveau jeu“ einen ganzen sexuellen Roman in Dialogform geschrieben.
1844 2859 3204 2907 Sehr witzig, sehr situationsgetreu, aber mit lauter phonographischen Puppen. Schnitzlers
1842 2899 3197 2948 Figuren verraten in einigen Momenten etwas, das weniger selbstverständlich und das
1850 2940 3201 2987 mehr als erwitzelt ist. Wie sich z. B. der Dichter Biebitz und die um jeden Preis
1847 2977 3197 3028 verblüffende Schauspielerin in den Augenblicken benehmen, die als die naivsten im
1842 3021 3198 3066 menschlichen Sein gelten, erlaubt uns prächtige Durchblicke in die komplizierte'Gemacht¬
2795 3052 3206 3107 Herrn, der sein bischen
1851 3061 2777 3108 heit ihres ganzen Wesens. Man sieht den abgeschmackten
1852 3098 3201 3147 Normalgenuß sich mit ewigen Seitenblicken auf Stimmungseffekte fürs „Geschäft“
2802 3130 3198 3187 Temperamentlosigkeit der
1845 3139 2777 3182 verpätzt; die unter tausend Gesuchtheiten versteckte schale
1852 3173 3196 3232 mählich alternden Kokette, die das dumme Männliche durch das erotisch sehr belang¬
1850 3213 2399 3273 lose Piedestal der „Kunst“ anlockt.
1963 3255 3197 3305 Selbstredend ist auch das Physio=psychologische — das Wort nicht im gelehrten
1853 3278 3195 3342 Sinne — jeder Szene mit hübschem Verismus durchgeführt: wie der Schwerpunkt
1847 3333 3197 3380 des Vergnügens vom Manne bestimmt wird, wenn das Weib nicht (wie die Schau¬
1842 3370 3198 3421 spielerin) durch falsche Wärme und Kühle die Instinkte irreleitet; wie in sozusagen
1844 3413 3197 3457 normaler Disharmonie das erotisch gesteigerte Empfinden des Weibes länger nach¬
1851 3444 3199 3498 schwingt als das des Mannes, der rascher zur Alltäglichkeit umgeschaltet ist, und
1846 3485 3194 3534 manche andere kleine Wahrheit, die ein Theoretisieren wohl nicht verträgt. Das Ganze
1850 3521 3196 3566 bietet, nochmals sei es gesagt, genug Perspektiven, um nicht frivol genommen zu werden
1847 3564 3191 3616 Sollte aber ein junger Leser — an Leserinnen will ich lieber nicht denken — die
1842 3610 3204 3658 graziösen Dialoge mit unerfahrenem Sinn ohne mögliche Hintergründe betrachten,
1842 3646 3194 3691 so sei es dem Kritiker gestattet, auf all das Rosenrot einige Ibsenartige Schatten
1834 3678 3195 3728 fallen zu lassen: Der junge Leser denke sich ein einziges Schlänglein in dem hold¬
1842 3718 3205 3772 seligen Blumengewinde der Lust verkrochen! Der Ernst des Lebens, den Pedanten
1836 3763 3205 3824 nie und nirgends missen wollen, wird sich dann auch bei Lektüre des „Reigen“.
1820 3798 1991 3855 einstellen.
