3532 4352
254 87 960 135 r vooral economische overwegingen
273 123 950 173 chappjj erkent de noodzakeljjkheid
277 154 951 202 ng van de blaaswormziekte, doch
276 195 962 242 niet nit het oeg verforen worden,
269 239 962 280 an de bestrijdingsmiddelen rekening
276 276 957 322 gehouden met de practischo uitvoe¬
275 305 953 353 latieve grootte van het besmettings¬
286 347 948 392 racht zij gering. Blijkens het rap
894 383 957 426 300
289 378 886 432 prof. Snapper c.s. is de ziekte
898 421 960 474 tiid
285 422 885 475 iesland ingevoerd en is in dien
299 460 949 512 mettingsgevaar gedaan. Toch wer
308 506 964 553 niet meer dan 63 gevallen op een
866 540 952 590 De
305 539 866 592 6,000 inwoners vastgesteld.
301 581 958 635 Igens gencemd rapport ecn weinig
333 626 957 666 bij personen, die op onvoorzich¬
340 656 961 707 met trekhonden, welke geregeld
312 699 953 749 htafval van schapen worden ge¬
884 733 954 781 be¬
312 739 883 786 este huisslachtingen varkens
326 774 949 837 ante’ het middel hier in dubbel
325 810 426 864 waal.
321 914 602 974 OTTERDAM.
339 1011 664 1089 uarinedagen.
352 1080 961 1152 marinedagen hier ter stede zal
409 1128 960 1188 uit Hr. Ms. pantserdekschip
360 1181 955 1228 rger Van Meerlant, de torpedo¬
358 1215 956 1260 egeleid door cen aantal onder
340 1257 948 1315 htflottille water- en landvlieg
351 1314 953 1373 lag 8 September, 2 uur 's namich
359 1374 961 1418 binnenvallen en dan opstoomen
356 1405 956 1456 elfder tijd zal cen Rotterdan
366 1454 966 1495 bestaande uit passagiersbooten,
364 1481 962 1533 achten, van Rotterdam afvaren
364 1524 958 1580 ie ter feestelijke inhaling tege
370 1587 964 1653 en de aankomst te Rotterdam
377 1643 963 1692 elderland saluntschoten lossen
403 1685 970 1730 de marinevloot te zien geven
387 1714 965 1769 aanval door vliegtuigen, als¬
371 1755 956 1808 necnige manceuvres met ter
376 1791 967 1843 booten en waterwiegtuigen;
399 1831 958 1879 de vloot demonstreerend vol
391 1876 963 1935 ne-stafmuziek zich zal laten
418 1949 970 2003 zal Hr. Ms. Gelderland na
420 1999 961 2041 tot takel geillumineerd wor
452 2033 958 2083 Van Meerlant en de torpe
407 2041 453 2081 8.
407 2065 977 2115 en met zoeklichten werken.
354 2111 972 2160 u boord van de Gelderland van
367 2137 796 2194 een uitvoering geven.
371 2188 964 2234 de zijn reeds belang ijke toc¬
371 2221 968 2278 rde illuminatie van in onze
366 2266 966 2312 eisvaartuigen. Gaarne zal het
402 2301 974 2363 mcer toezeggingen tegemoet
417 2404 708 2470 GEMEENTEN:
406 2501 964 2571 itebesturen van Princenhage
424 2559 898 2618 hebben uitvoerige nota’s
913 2564 973 2608 g 6
453 2593 968 2653 van Noordbrabant, in ant:
423 2641 971 2688 ingsnota van Breda aan da
427 2670 973 2727 ren komen tot de conclusie,
430 2716 973 2766 swijziging of annexatie tot
437 2751 965 2804 eda niet bestaat, en dat deze
444 2801 976 2844 bied voor Breda en omstre¬
461 2829 974 2881 lebben moet. Zij schrifven
431 2869 910 2943 blex zal in cconomisch
388 2907 962 2970 #r achterstaan bij den tegen
899 2949 974 3000 On-
421 2943 879 3006 de plaats van cen stad
913 2992 968 3030 290
387 2985 890 3045 nde plattelandsgemeenten,
394 3034 909 3073 t ecn veel te groot lande
397 3064 972 3116 enzen, dat zij niet behoorlijt
397 3106 976 3167 tbare wiize zal kunnen bestü
924 3150 982 3190 en
393 3145 912 3200 in bevolking, in karakter
406 3179 980 3231 erig van het stedelijk regiem,
404 3220 971 3274 lien en verbitterd, dat het dis
405 3260 978 3314 o daaraan verbonden finanti¬
415 3299 975 3353 lgemeen en uitdrukkeljjk nit
410 3339 980 3398 dragen, terwijl de aantrekke.
414 3385 976 3428 voor nienwe vestiging tenge¬
418 3416 980 3479 karakter en do hooge lasten
415 3462 984 3521 viinen. En dit nieuwe kunst¬
424 3499 978 3556 olkingscomplex zal worden
430 3532 989 3592 htige gemeenten als thans,
435 3572 982 3655 daarvan, die iedere leveng¬
429 3640 985 3717 n algemeene beschouwingen
432 3696 974 3758 gemeentebesturen cen beroer
422 3728 992 3803 oek van de gemeente Breda
1012 79 2017 136 wen terug verlangde in stede van aan haar wensch
1004 110 2020 171 naar cen stil en rustig samenblijven in de vrije lucht
1005 153 2018 214 gehe#r ie geven. Maar in den derden dialoog is dat
1004 190 2024 248 zelfde dichstmeisje slechts cen wuff, zinneljjk wezen¬
999 241 2025 285 tje, dat zich was graag liet verleiden door den „jongen
999 280 2016 323 meneer'' en niet meer met moeite hare snikken onder¬
1013 314 2016 366 lrukt, als ock weer dit mannetjesdier haar onmiddel¬
1005 357 2016 410 lijk na het samenzijn van zich afstoot. Desnoods zou
996 395 2024 444 men kunnen zeggen: „het cene groeit uit het andere“',
1005 442 2012 478 en in dezen gedachtengang zou men ook, ter verkla¬
1004 473 2013 519 ring van de ontrouw der „junge Frau“’, die zich door
1010 513 2020 560 denzelfden „jongen meneer' laat verleiden, kunnen
1007 553 2019 603 verwijzen naar de volgende dialogen, waar wij de
1016 590 2020 641 wel zeer wufte opvattingen en dartele gedragingen
1013 638 2016 679 van Haren echtgenont leeren kennen. Maar vermoede¬
1007 673 2026 725 lijk legt men dan meer moraal in deze dialogen dan
1007 710 2019 766 Schnitzler, die geen wereldhervormersaspiraties had
1005 747 1514 795 daarin heeft willen leggen.
1037 773 2008 840 Meestal is het slechts half passie wat Schnitzler
999 827 2010 870 ens te aanschouwen geeft. De ijdelheid speelt meer¬
1009 869 2010 916 malen ecn even grocte rol. De blijde uitroep van
1007 900 2019 955 den jongen man aan het slot van den vierden dialoog,
1009 945 2028 994 dat hij nu dan toch eens een betrekking met cene
1010 982 2014 1031 vreuw van goeden huize heeft, is in dit verband
1013 1020 2017 1064 teckenend! In dezen jongeling trilt geen ontroering,
1012 1062 2014 1118 geen teederheid na; in hem jubileert slechts zijn
1015 1108 1665 1143 versterkt gevoel van eigenwaarde.
1037 1126 2015 1181 En zie de actrice met het dichtertje, dat zij beurte¬
1008 1171 2013 1217 lings treitert en lokt, kwelt en liefkoost; dat zij als
1003 1212 2012 1261 grappig speelgoed, als een nieuwe aanwinst voor
1020 1245 2018 1297 haar psychalogisch Mokkendoosje beschouwt! Dat
1013 1285 2013 1338 is nauwelijks hartstocht, het is eene gril voilà tout!
1039 1322 2015 1379 Diezelfde actrice zien wij daarna in den negenden
1013 1358 2021 1413 dialccg met den graaf. Hier was vergelijking met het
1010 1403 2014 1452 spel der Nederlanders in het Cabaret Artistique té
1011 1439 2018 1486 Scheveningen mogeljjk. Welnu, het resultaat van die
1015 1477 2034 1523 vergelijking is zoo weinig vleiend voor den heer
1009 1519 2017 1567 Cor van der Lugt Melsert, dat hij inderdaad achteraf
1013 1560 2016 1606 mecht wenschen, nimmer een twectal dézer dialogen
1012 1596 2015 1643 te hebben vertoond. Hoe geestig was het spel van
1015 1633 2023 1683 Wolf Berckendorff, hoe kranig getypeerd zijn
1017 1676 2028 1721 Oestenrijksche officier, hoe pakkend en amusant
1015 1708 2025 1756 menige kleine vondst! Nu was het een kostelijke
1013 1746 2018 1796 dialcog; op Scheveningen was het saai en gerekt,
1012 1784 2028 1839 Ook Annie Reiter heeft hierin (als „actrice?) zeer
1012 1828 2020 1877 goed gespeeld, met een gansch andere (en nsar ond
1018 1871 2019 1913 tceschiint: juistere) opvatting dan Fie Carelsen, wier
1013 1906 2020 1949 spel wij overigens indertijd wel gewaardeerd hebben,
1022 1944 2022 1989 In dien laatsten dialoog (De Graaf en de deerne) was
1011 1985 2026 2033 het verschil in spel-waarde niet z66 groot; ook hier
1013 2020 2027 2065 echter scheen ons de luchtiger opvatting van de Ham¬
1013 2056 2023 2104 burgers aannemelijker. Geen wonder; hebben zii niet
1018 2087 2038 2140 cen Oostenrijksch regisseur (Paul Marx), dio indertijd
1026 2133 2035 2192 gernimen tijd contact met den schrijver zelf gehad
1014 2173 1131 2224 heeft?
1061 2195 1979 2259 Bovendien komt de reeks natuurlijk meer tot
1012 2241 2036 2292 recht als alle dialogen gegeven worden. Voorte
1014 2273 2042 2334 bij de Hamburgers (die, behoudens een enkel minder
1012 2319 2032 2379 gelukkig tooneel, over het geheel bij de mise-en-scène
1013 2356 2032 2413 met de beschikbare middelen gewoekerd hebben) de
1014 2395 2034 2450 aankleeding in den negenden dialoog beter dan te
1017 2441 1286 2498 Scheveningen.
1066 2476 2038 2523 Binnen een ovale ruimte speelden zich de „pré¬
1020 2509 2036 2567 liminairen“ af, daarna was het tooneel even leeg of
1026 2548 2036 2607 ging het licht voor enkele seconden uit. Een scabreu¬
1028 2590 2037 2648 zen indruk heeft dit niet op ons gemaakt; ons schifnt
1030 2635 2035 2679 cen stuk als Guitry's „Nachtwacht' nog cerder aan¬
1023 2672 2035 2719 stooteljjk dan deze dialogen. Doch een verheffenden
1026 2713 2035 2759 indruk maken ze ook niet; het is immers steeds op¬
1029 2744 2032 2799 nicuw de meest platvloersche minnehandel, dien wi,
1023 2778 2043 2838 te zien krisgen, Een geest van scepticisme en cynisme
1026 2821 2042 2874 waait u uit deze stukken tegen; wellicht het cynisme
1027 2871 2041 2913 van den man, die eenmaal met smart gadegeslagen
1020 2902 2045 2950 heeft, voor hoevelen de liefde slechts cen aangename
1015 2947 2043 3002 leugen, cen pikante tüdpasscering is. Deze dialo¬
1028 2976 2043 3030 gen maken „de zonde“ niet aanlokkeljjk; op zijn
1031 3017 2035 3071 hoogst zondigen zij hierin, dat zij het mooiste, fiin¬
1021 3061 2035 3108 ste en teerste van de liefde totaal veronachtzamen
1029 3096 2033 3143 Maar z00 zal Schnitzler het gewild hebben, toen hij
1035 3143 2039 3188 ang geleden dezen cyclus samenstelde, en evenmin
1034 3176 2042 3223 als louter brave romanfiguren mag men louter ver¬
1034 3210 2039 3268 heven gevoelens van cen auteur verlangen. In dai
1034 3245 2042 3312 opzicht dient zijn souvereine yrijheid erkend te
1031 3297 1172 3357 worden,
1053 3309 2049 3382 Het spel was (wij zeiden het reeds) uitnemend. De
1034 3367 2042 3420 soldaat van Max Wesolowski (een zelfbewusten
1033 3419 2046 3463 ummel, die met de sigaar in den mond cen vrij¬
1020 3443 2052 3510 partij begint), de deerne van Marcella Halicz, het
1030 3489 2051 3541 dienstmeisje van Mela Schwarz, de „jonge meneer
1026 3523 2063 3577 van Franz Sondinger (met heel knap stil spel)
1026 3569 2045 3615 het mevrouwije van Mirjam Horwitz (eene voortref¬
1027 3601 2056 3656 felijke actrice, die poezelige onoprechtheid op even
1017 3641 2053 3701 pakkende wisze uitbeeldt als zij den vorigen avond
1020 3690 2072 3742 in „Zwischenspiel' diepere gevoelens had weergege¬
1026 3724 2068 3782 ven); de echtgenoot van Paul Marx (tevens cen knan,
2422 37 2739 111 T
2543 97 2630 187 IV.
2101 176 2676 253 Men schrifft ons uit München:
2104 219 3086 304 Dok Oostenrijk is op deze tentoonstelling met eigen
2072 269 2521 328 zalen vertegenwoordigd.
2104 304 3086 370 Deze beginnen met een groote representatiezaal, die
2077 354 3085 404 hier betiteld wordt als „Oesterreichischer Edelraum',
2095 393 3081 435 Nu heb ik in den loop der jaren vele edele dingen
2067 436 3091 483 leeren kennen als „Edelweine, Edelpilze'' en ik ver¬
2077 470 3087 513 heugde me van te voren op dit Oostenrijksche kunst¬
2077 513 3085 559 product, ontworpen door Prof. Dr. Oskar Struad te
2073 553 3090 598 Weenen. Onwillekeurig herinnert men zich het Oosten¬
2078 585 3084 636 rijksche Huis op de Werkbondtentoonstelling te Keulen
2081 632 3090 688 n 1914, het ongeluksjaar. Wat was dat mooi! Al
2069 668 3092 717 het andere verbleekte bij dit ééne gebouw met zijn
2069 707 3090 758 wondere zalen! Hier waren kunstenaars aan het
2072 747 3094 792 woord, heusche artiesten, geleid door den meester
2068 783 3091 837 Hoffmann. Hun werk voornaam, deftig, aristokra¬
2070 824 3090 872 tisch, verfiind met den geroutineerden smaak van een
2085 866 3084 914 uden, hoogadellijken fijuproever. En daarbij toch
2075 901 3084 946 ontroerend, emotie-wekkend, beheerscht kunstenaars¬
2078 931 3056 980 werk. In eigen, Weener stijl, krachtig uitgesproken.
2103 969 3092 1030 Nu in 1922 deze „Edelraum'’, die maar al te dui¬
2078 1016 3092 1057 delijk manifesteert, hoe ook in het lamgeslagen Oos¬
2077 1046 3095 1112 tenrijk cen geestelijke verwarring en verzwakking
2076 1089 2455 1152 heeft plaatsgevonden.
2102 1126 3094 1185 In plaats van heusche bouillon krijgen we een bruin
2076 1174 3092 1239 aftreksol van Maggi, in plaats van kunst een mise¬
2082 1209 2351 1270 rabele „Ersatz'
2109 1248 3095 1304 De hooge, goedbelichte zaal is geheel wit gehouden.
2079 1288 3084 1336 Uit de wanden duiken plotseling allerlei poppeties op
2917 1330 3099 1379 Die zijn
2078 1328 2862 1376 omringd met bloemen en bladertakken.
2078 1368 3079 1416 eventies met kleuren en veel goudbrons aangestipt
2075 1410 3084 1457 Ze zijn overal aan de wanden te zien; halverwege
2085 1443 3090 1485 verborgen met hun papier-maché lichaampjes; kronke¬
2069 1478 3100 1539 len en wringen ze zich uit de blanke wanden en
2077 1519 2747 1576 spelen kiekeboe met .. de kunst.
2112 1554 3102 1604 Als verantwoordelijk voor deze poppenkast, waarin
2073 1599 3095 1651 men bij nader toezien de iwaalf maanden kan herken¬
2082 1638 3095 1704 nen, worden in den dikken katalogus twaalf artistieke
2080 1677 2532 1731 „Wienerinnen“ genoemd.
2101 1705 3101 1765 Een kennis van me, die me hier verbluft ziet staan,
2084 1755 3098 1806 verklaart me, dat deze zaal het symbool van de Oos¬
2083 1800 3088 1846 tenrijksche „Krone'' is. Beide lijden aan hetzeifde
2077 1838 2948 1890 euvel, een teveel; een te kwistig rondstrooien.
2115 1878 3083 1923 Maar ik kan den pienteren man geen gelijk geven
2113 1918 3093 1959 Kijk, in de wanden zun ook vitrines oftewel toon¬
2084 1951 3064 2002 kasten ingebouwd! En hier is juist een te weinig!
2115 1983 3097 2034 Deze uitstalruimten, die toch de hoofdzaak zijn
2083 2027 3095 2074 heeft Prof. Struad stellig vergeten. Het zijn kleine
2079 2062 3097 2110 kastjes geworden, die overdonderd worden door de
2082 2105 2421 2160 hooge zaalwanden.
2115 2132 3097 2190 En in deze miniatuur-toonkasten liggen tal van
2078 2181 3094 2228 mooie, Weensche dingen, op en naast eikaar. Men er¬
2084 2221 3101 2267 gert zich gewoonweg aan dit vulsysteem, dat werke¬
2076 2260 3094 2312 lijk-artistieke dingen als voorwerpen uit een schel¬
2086 2298 3011 2345 ingsbazar in den goeden, ouden tijd behandelt.
2102 2333 3100 2387 Een uitzondering maakt alleen een toonkastie met
2085 2369 3092 2424 schitterend glaswerk in blank en zwart, waartusschen
2089 2420 2713 2470 een paar kleurrijke glazen staan
2130 2450 2812 2505 In de volgende zaal herademt men!
2118 2478 3096 2546 Iets van den ouden, Weenschen geest is nög behou¬
2084 2533 2340 2585 den gebleven.
2108 2557 3095 2621 Deze zaal toont, haast geraffineerd, gewitte muren
2079 2615 3092 2665 zonder cenig décor. Daarin staan bleek-gele vitrines
2089 2649 3102 2694 en als eenig sieraad glinsteren gouden ballen op de
2090 2682 3093 2746 vitrines en gestyleerde bloemen van hetzelfde gulden
2079 2727 2516 2773 metaal aan de wanden.
2119 2747 3093 2811 Dit is weer mooi, werkelijk edel van doen, het her
2087 2805 3110 2853 innert aan de hooge kunst van 1914, toen wit en
2085 2847 3112 2899 zwart, nu wit en goud! De omgekeerde wereld zou
2086 2882 2510 2941 men eigenlijk zeggen!
2120 2915 3098 2974 Ook hier weer Weensche kunstnijverheid! Het neusie
2090 2964 2354 3009 van den zalm
2120 3005 3098 3057 De Weensche kunstnijverheidsschool volgt met prach¬
2091 3036 3098 3084 tige hout- en linoleum-sneden. Een kloek-geschreven
2087 3078 3109 3129 Bijbel met statige, Gothische letters en daarnevens
2094 3119 3098 3174 modern letterwerk, spichtige letters in wit papier uit¬
2084 3156 3104 3209 geknipt op zwarten grond. Futuristisch van deen, zou
2085 3190 3100 3249 men zeggen, als er ten minste geen Assyrisch spij¬
2093 3236 2796 3289 kerschrift in de wereld was geweest.
2126 3263 3013 3322 Het oude herhaalt zich in dit moderne beweeg
2121 3311 3107 3362 Tal van vergulde poppetjes, uitgesneden figuurtjes
2090 3352 3107 3404 uit karton, liggen weelderig verspreid in de vitrines
2092 3391 2512 3453 dezer Weensche school.
2120 3427 3116 3481 Men herkent zonder moeite het voorbeeld; onge Jas
2089 3475 3108 3525 waansche wajang koelit, de schaduwbeelden, moeizaam
2087 3515 3105 3573 in perkament met tal van fiin bewerkte stempels uit¬
2101 3560 2258 3609 geslagen.
2130 3595 2748 3653 Maar eilieve, wät een overmoed !
3025 3615 3098 3677 er
2122 3614 3026 3690 Deze primitieve poppetjes, met brons besmeerd,
2088 3665 2813 3730 de heerlijke, antieke kunst van Java!
2133 3687 3112 3778 Onze wajong van Jaya is cen symfonie van lijnen,
3141 70 3292 123 hreft de
3279 110 3340 147 in
3134 106 3281 156 gedaan
3137 140 3340 194 Ned. Herw
3138 187 3317 235 gezongen
3140 214 3338 275 waren v00
3137 262 3340 311 op de ver
3137 289 3328 352 als Zeist,
3132 332 3348 394 scerd door
3144 380 3341 433 kwam spr.
3135 419 3330 471 uit om te
3150 456 3333 510 leelen en
3146 495 3353 548 den zaaier
3130 533 3358 590 zegen door
3137 577 3358 629 in den bree
3143 613 3355 669 cen zaaier,
3146 652 3322 706 igt voor
3141 694 3356 751 het uitstro
3138 732 3334 784 ging. Den
3142 765 3358 820 vruchtbaar
3140 811 3362 863 zelf doet h
3144 850 3361 898 het ook ko
3137 886 3354 939 gen zullen
3138 923 3363 978 dat hif geer
3142 966 3355 1015 Gods cer a
3147 1006 3358 1056 het goede
3137 1041 3367 1096 tweede pur
3139 1082 3360 1139 in op de te
3173 1122 3372 1178 In zijn de
3130 1165 3350 1216 den zaaier.
3135 1202 3363 1257 200 vaak o
3142 1238 3364 1294 zaad uitstro
3142 1283 3356 1332 dit ook het
3138 1321 3377 1376 leven van 3
3146 1356 3377 1413 Dan is er
3143 1400 3378 1449 behoudt zich
3147 1438 3368 1490 hankeljjkhei
3136 1479 3371 1537 in den land
3136 1517 3365 1571 geen zegen
3137 1554 3376 1609 grootspreken
3138 1596 3381 1658 zal het goed
3133 1634 3361 1695 in Christus
3177 1672 3376 1733 Hierna v
3149 1714 3373 1769 dien hif eer
3149 1756 3381 1807 voor zin er
3147 1793 3368 1850 trillen?, Tot
3137 1835 3385 1891 wer in de wa
3146 1875 3336 1928 lande und
3143 1953 3383 2006 in hun omg
3149 1993 3390 2045 getrouw hoc
3143 2032 3380 2087 de organisa
3151 2072 3385 2122 ken; en ten
3150 2108 3378 2160 overheid. V.
3146 2148 3393 2199 spr. op kern
3140 2188 3391 2238 gehoorzaam
3153 2228 3386 2280 sten in het 1
3140 2268 3390 2320 heid. Den n
3142 2304 3395 2367 stemmiddelen
3139 2347 3383 2397 en door ziin
3141 2383 3371 2436 werd bij hei
3143 2423 3390 2473 tijds werden
3143 2463 3389 2523 73:14 aange
3168 2533 3388 2594 Op de ver
3143 2574 3382 2633 kanten i
3138 2614 3398 2669 cièn, te ho
3141 2656 3376 2709 11 nur in
3151 2691 3380 2753 G. van Duyl
3149 2734 3386 2786 geloof en d
3150 2765 3401 2839 Jeugdorganis
3174 2839 3368 2903 Nu bij de
3153 2888 3404 2940 dam de betre
3143 2928 3380 2983 vereeniging
3146 2969 3382 3018 verzocht, in
3146 3006 3398 3058 noeming va
3147 3047 3401 3100 muzikale vo
3155 3079 3376 3132 boeien. Het
3143 3121 3376 3172 bevorderen.
3142 3158 3395 3215 gemeente ge#
3149 3201 3385 3266 een voorlene
3187 3290 3370 3371 Beroep
3148 3343 3257 3394 dinge.
3167 3371 3367 3433 Bedank
3145 3412 3372 3477 J. C. Wissin
3178 3502 3354 3573 Beroep
3155 3557 3358 3607 cand. aldaa
3177 3637 3355 3711 Beroex
3161 3700 3348 3765 s-Graunat
