3336 4320
181 139 325 224 11.
379 144 694 239 Reigen
887 152 1279 235 box 18/1
1079 953 1467 1026 LIFE, LETTERS,
686 966 779 1034 122
689 1045 1463 1110 the new régime. Leopold Jessner at the
686 1110 1456 1167 State Theatre insists upon his actors
694 1146 1472 1218 giving the classics the same naturalistic
703 1201 1478 1264 treatment that they accord to plays of
697 1252 1477 1323 the day. During the latter part of
703 1314 1465 1364 March Herr Jessner’s theatre was play¬
702 1366 1470 1420 ing Die Sterne, a play by Hans Müller,
705 1412 1478 1462 founded on Galileo’s struggle with the
699 1456 1477 1517 Church. Herr Müller was in high favor
703 1513 1469 1577 with the Kaiser durig the war on ac¬
707 1552 1482 1620 count of his patriotic play, Könige, and
704 1603 1474 1668 Die Sterne must have been equally
712 1659 1480 1716 acceptable under the Prussian absolut¬
712 1706 1473 1771 ist régime, showing, as it does, the frec
705 1758 1477 1818 thinker Galileo broken and forced to
709 1819 1478 1867 recant his theories in accord with the
712 1859 1479 1923 demands of the established powers.
706 1890 1486 1970 An especially interesting scene is the
714 1966 1443 2024 appearance of John Milton, still
710 2026 1493 2079 youth and an ardent hero-worshiperz
719 2062 1482 2122 come to bring a greeting from Oliver
711 2110 1489 2180 Cromwell to the aged and broken
716 2172 869 2232 Galileo.
762 2205 1493 2264 One of the most recent of Suder¬
719 2261 1487 2318 mann’s works, Raschhoff, a powerful
718 2320 1484 2372 drama of modern life and problems
713 2363 1498 2432 has met with great success, constituting
722 2422 1492 2477 something of an epoch in recent dra¬
728 2469 1494 2526 matic history. A translation of some
725 2521 1494 2575 scenes has just been published by one
726 2563 1487 2624 of the oldest of the Italian literarz
728 2618 1241 2674 reviews, Nuova Antologia.
766 2662 1496 2720 Hasenclever, one of the most bril¬
728 2724 1493 2773 liant of the younger generation of dra¬
730 2765 1496 2825 matists, possesses ideas of his own as
730 2821 1506 2876 to lighting effects, which he has been
729 2864 1508 2926 able to test in the Kammerspieles
729 2917 1449 2988 production of his Jenseits (Beyond)
727 2968 1499 3029 a play reminiscent of Maeterlinck’s
741 3016 1509 3080 L'’Intruse. Jenseits is practically a duo¬
747 3067 1511 3128 ogue between a young widow and the
733 3116 1506 3180 friend of her husband who brings
732 3163 1503 3226 news of his death. The third character
745 3212 1502 3278 is thedisembodied spiritofthe husband
739 3279 1508 3327 who watches his widow fall hysterically
737 3314 1510 3384 into the arms of his friend. The light¬
746 3368 1510 3433 ing is of peculiar importance in this
746 3426 1516 3485 play, since the action takes place on a
749 3469 1516 3530 bare segment of the stage, so darkened
1495 939 1906 1010 AND THE ARTS
1520 1020 2301 1103 that the audience sees only half of a
1520 1085 2040 1157 room, a house, and a roof.
1565 1130 2304 1196 The firelight illumines the faces of a
1524 1191 2302 1247 man and woman who crouch before the
1528 1235 2302 1300 hearth. Slowly the moonlight discloses
1535 1286 2300 1348 the figure of a sleep-walker emerging
1520 1339 2300 1398 from an attic window, and a weird
1535 1389 2310 1455 uminous patch presently glows on the
1538 1454 2306 1500 back of a chair. The power of two re¬
1535 1492 2300 1549 markable scenes gives distinction to a
1534 1540 2293 1617 performance which has been justly
1532 1589 2302 1659 condemned for its confusion. In one of
1532 1644 2309 1708 these the emotional wife scatters
1532 1689 2311 1757 flowers on an empty bed, shrouded in
1537 1754 2308 1803 black, and in the other she croons over
1537 1793 2308 1855 her unborn babe, and, in imagination,
1536 1852 1850 1914 rocks it to sleep.
1584 1894 2311 1976 Arthur Schnitzler is not the only
1542 1957 2312 2007 Austrian dramatist of importance in
1538 1994 2311 2061 modern German drama. Anton Wild¬
1537 2046 2320 2114 gans, who won fame with his lyric
1546 2099 2309 2157 dramas during the war, has just be¬
1540 2150 2314 2207 come director of the Burg Theatre, the
1554 2196 2309 2260 nost important playhouse in Vienna.
1546 2255 2320 2305 Franz Werfel, Carl Schönherr, and Max
1553 2296 2313 2358 Brod, among the most talented of the
1557 2360 2310 2410 jewer dramatists, are all Austrians.
1555 2404 2318 2459 Wildgans’s Biblical drama, — or, as he
2217 2445 2320 2504 Cain,
1545 2451 2177 2522 calls it, mythological song, —
1554 2491 2327 2563 has already been produced, although
1551 2552 2320 2609 it still awaits its Berlin première. It
1547 2592 2322 2660 contams only four characters: Adam,
1550 2646 2321 2710 Eve, Cain, and Abel. The action takes
1561 2699 2324 2766 place in a rocky wilderness and in
1549 2754 2332 2807 Adam’s cave. The metre of the verse
1562 2796 2320 2860 is very free, strong, and primitive,
1559 2851 2331 2915 breaking into rhyme only occasionally,
1564 2907 2334 2962 and sabtly modulated to emphasize the
1568 2954 2334 3010 Jifference between Abel, the sunny,
1563 3007 2330 3062 sturdy herdsman, and Cam, with his
1573 3055 2329 3114 snake nature. Though he seeks his
1563 3097 2329 3169 ends only through force, greed, and
1562 3149 2332 3220 envy, Cam is represented as a very hu¬
1569 3200 2338 3269 man creature, hungering for the love
1568 3243 2346 3318 and understanding denied him by the
1570 3307 2109 3363 brutality of his own nature.
1609 3346 2337 3411 This highly poetic drama is charac¬
1568 3400 2342 3467 teristic in two respects of the latest Ger¬
1579 3454 2346 3517 man drama, It shows some traces of
