3336 4416
1012 206 1445 293 box 17/5
325 206 439 302 11
508 214 850 316 Reigen
277 921 848 1005 Nr. 47 Wien, Donnerstag
2575 933 3160 1005 I7. Februar 1921 Sefte 5
1410 942 2086 1008 Illustriertes Wiener Extrablatt
582 1037 2871 1231 Unerhörte Skandale beim
1976 1215 2116 1331 C6
1304 1305 2176 1408 Teigen?
2842 1395 3195 1475 Wilde Panik
246 1399 2803 1482 Ein wohlorganisierter Ueberfall. — Stinkbomben im Theater. — Sturm auf Zuschaueraum und Bühne.
2871 1467 3195 1529 Abbruch der
242 1457 2770 1536 im Zuschauerraum. — Tätliche Mißhandlungen von Theaterbesuchern. — Die Polizei ist zu schwach.
245 1508 3187 1568 Vorstellung. — Die gestrige Nachtvorstellung verboten. — Ueber die Fortsetzung der Aufführungen wird heute entschieden.
353 1562 1230 1650 Die schon seit einigen Tagen gehegten
1229 1567 3194 1630 Bildung einer Keite dem Ansturm standzuhalten wurden bei den Haaren zu Boden ge¬
1228 1628 2194 1675 wurden aber überrannt, und auch auf
233 1626 1232 1686 Befürchtungen wegen der Aufführungen der
2205 1629 3204 1688 rissen und geschleift. Während der Panik
1231 1673 2194 1729 die Wachleute wurde mit Stöcken und
2208 1675 3199 1747 stürzten einzelne Personen zu Boden und wurden hier
250 1671 1232 1740 Schnitzlerschen Dialogszenen „Reigen“ in
1227 1715 2197 1766 Knütteln, die die Leuse bei sich trugen, los¬
2212 1708 2717 1794 durch Fußtritte mißhandelt.
244 1721 1217 1780 den Kammerspielen haben sich gestern erfüllt.
1244 1757 2207 1818 geschlagen. Die Wache versuchte die Türen, die
2331 1745 3188 1814 Die Hilferufe der Geängstigten wie auch be¬
241 1768 1222 1832 Während der gestrigen Abendvorstellung kam es
1233 1804 2192 1862 zum Vorraum des Theaters führen, besetzt zu halten,
2206 1790 3194 1860 der Mißhandelten erfüllten den Saal und dazwischen
236 1825 1228 1887 zu wüsten Szenen, wie sie sich in einem
1230 1836 2196 1901 doch auch hier konnten sie dem Stuim der ihnen an
2205 1839 3182 1894 mengte sich der schrille Pfiff der Sirene, die das
240 1872 1221 1932 Wiener Theater noch nie ab¬
1233 1888 2196 1939 Zahl weitans überlegenen Demonstranten nicht stand¬
2206 1890 3194 1943 Kommando war, und das wüste Gejohle und Geschrei
238 1920 1219 1988 gespielt haben. Auch im Zuschauer¬
1238 1917 2197 1998 halten. Klitrend gingen zwei der gioßen Spiegelscheiben
2214 1919 3184 1984 der Demonstranten, die durch alle Teile des Theaters
239 1966 1223 2028 raum waren Demonstrauten anwesend, die darauf
1229 1969 1487 2042 in Trümmer.
2202 1966 3193 2031 umherliefen und mit ihren Stöcken unbarm¬
244 2007 1221 2064 warteten, bis die anderen Gruppen der Demon¬
1542 1990 1898 2078 Stinkbomben!
2203 2018 3089 2074 herziglosschlugen, auf wen sie trafen.
249 2058 1230 2120 stranten, die verabredetermaßen von der Straße aus
2310 2044 3189 2116 Die Panik wurde noch vergrößert dadurch, daß
1352 2058 2205 2125 Schon vorher waren drei Verdächtige bemerkt
2204 2091 3192 2160 plötzlich ein dichter Wasserstrahl sich
243 2109 1224 2175 in das Theater eindrangen, den Zuschauerraum
1233 2103 2203 2169 worden, die sich im Theater aufgehalten, die Vor¬
2212 2138 3193 2203 über den Zuschauerraum ergoß. Nach
1240 2144 2195 2210 stellung aber verlassen hatten und auf die Straße
241 2156 1232 2214 erreicht hatten. Es kam hiebei zu Kämpfen
2221 2193 3195 2260 einer Darstellung soll ein diensthabender Feuerwehr¬
1239 2189 2197 2258 gegangen waren. Augenscheinlich um die Verbindung
236 2206 1224 2265 zwischen den Dem ustranten, der
2211 2237 3195 2295 mann den nächst der Bühne befindlichen Hydranten
1235 2232 2198 2301 mit den auf der Straße wartenden Gruppen herzu¬
244 2254 1225 2310 Wache, dem Theaterpersonale
2203 2278 3195 2343 geöffnet haben, nach einer anderen Darstellung aber
1245 2273 2196 2339 stellen. Bei der Vorstellung waren miltlerweile schon
242 2290 678 2360 und dem Pu#
758 2304 1226 2366 um, zu argen Ver¬
2214 2325 3191 2383 ist dies durch einen der Demonstranten geschehen,
1229 2333 2199 2383 während der dritten Szene einzelne Mißbilligungsrufe
243 2343 1221 2413 wüstungen im Theatergebäude selbst, zu Zer¬
2202 2352 3190 2440 vermutlich in der Absicht, die Panik noch zu vermehren.
1235 2358 2194 2424 laut geworden. Während des vierten Dialoges, in dem
243 2400 897 2472 trümmerungen von
873 2397 1222 2467 Fenstern,
1234 2419 2197 2472 Frau Carlien und Herr Wengraf beschäftigt
2962 2417 3190 2498 — Das
2209 2420 2986 2497 Die Wache erhält Verstärkung.
237 2450 1222 2512 Sesseln und Musikinstru¬
1236 2459 2206 2514 sind, wurde im rückwärtigen Teil des Zuschauer¬
2397 2456 2993 2543 Theater wird geräumt.
244 2494 1217 2557 menten, wie auch zu tätlichen Miß¬
1242 2508 2204 2558 raumes eine Stinkbombe auf den Fuß¬
2314 2510 3189 2587 Unterdessen hatte die Sicherheitswache von der
241 2542 1218 2601 handlungen von vielen Theater¬
1236 2538 2199 2608 bodengeworfen, die mit Schwefelwasserstoff
2214 2555 3195 2632 Wachstube in der Postgasse aus Verstärkung erhalten
1232 2581 2202 2641 gefüllt war und einen penetranten Gernch verbreitete.
245 2591 1223 2653 besuchern, die geschlagen und an den
2209 2626 3193 2677 und unterstützt von den im Theater den Dienst ver¬
1235 2637 2198 2706 Ein Mann, der sich an dieser Stelle zur kritischen Zeit
241 2642 1226 2712 Haaren gezerrt wurden. Die Vorstellung
2216 2671 3192 2726 sehenden Feuerwehrleuten, wie auch von deu
1232 2661 2202 2735 gebückt hatte, wurde als derjenige bezeichnet, welcher
234 2689 1222 2749 mußte abgebrochen werden. Die
2212 2683 3189 2778 Bühnenarbeitern wurde an die Räumung des Saales
1239 2730 2198 2781 die Stinkbombe geworfen hat. Es soll ein Ober¬
239 2732 1231 2806 Tumultszenen im Theatergebäude selbst führten
2206 2751 2417 2828 geschritten.
1231 2765 2197 2819 offizial namens Brichta sein. Er wurde durch
238 2788 1222 2850 eine wilde Panik der Theaterbesucher herbei,
2324 2782 3192 2858 Als der Führer der Kur gebungen, der Mann,
1234 2787 2208 2871 einen Kriminalbeamten in das Inspektionszimmer
231 2845 1220 2900 die sich zu flüchten oder in Verstecken zu sichern
1234 2844 1398 2928 gebracht.
263 2882 1222 2937 sersuchten. Der Vorhang mußte heruntergelassen
2209 2769 3186 2951 ue eregeter e erser un ien
1351 2873 2081 2961 Gleich darauf entstand
2095 2883 2212 2954 der
2217 2903 3183 2982 Seinen das Kommando zum Rückzug. Auch während
266 2933 1222 2995 berden, und die Panik vermehrte sich noch
1231 2924 2201 2990 Tumult. Der Zuschauer hatte sich schon eine
2206 2971 3187 3029 der Räumung des Saales spielten sich noch immer
264 2977 1227 3041 adurch, daß sich plötzlich ein Wasser¬
1242 2980 2204 3034 nervöfe Unruhe bemächtigt. Die Türen des Theater¬
2210 3008 3198 3066 Kämpfe zwischen Demonstranten und Theater¬
1236 3032 2206 3098 saales wurden geöffnet, um den üblen Geruch hinaus¬
262 3030 1220 3089 frahl über den Zuschaverraum
2220 3056 3190 3110 besuchern ab und die Wache hatte alle Mühe, das
1228 3073 2205 3125 strömen zu lassen. In diesem Augenblicke wurden aber
273 3072 440 3154 rgoß.
2214 3084 3140 3168 Publikum vor weiteren Mißhandlungen zu schützen.
1232 3095 2209 3165 auch schon die Rufe von der Straße aus hörbar und
340 3111 1226 3201 Einer der Bediensteten hatte den nächst
1228 3145 2205 3207 im gleichen Moment besannen Euch ischon die im
2410 3152 3006 3221 Sieben Arretierungen.
231 3161 1219 3235 per Bühne befindlichen Hydranten auf¬
1233 3183 2207 3252 Theater sitzenden Demonstrauten, an ihrer Sbitze der
2328 3206 3196 3276 Bei der Räumung des Saales wurden 7 Per¬
244 3223 1222 3294 gedreht und das Mundstück des Schlauches gegen
1231 3226 2205 3306 als Nationalrat bezeichnete Theatergast, mit dem
2218 3249 3188 3319 sonen durch die Wache angehalten, die Personen miß¬
241 3263 1109 3337 den Zuschauerraum gerichtet. Nachdem
1098 3284 1163 3327 1
1228 3271 2209 3337 Skandal. Sie riefen: „Weg mit diesem Schieber¬
2208 3290 3196 3359 handelt hatten und im Besitze von schweren
244 3311 1222 3386 Sicherheitswache Verstärkung erhalten hatte,
1233 3316 2029 3396 gefindel!“ „Heraus mit dieser Schweinerei!“
2008 3319 2202 3402 „Dieses
2210 3333 3187 3400 Knütteln angetroffen worden sind. Die Ange¬
240 3353 1225 3427 konnte das Theatergebäude geräumt werden,
1234 3371 1866 3433 Judenpack!“ und dergleichen mehr.
2207 3372 3184 3448 haltenen sind: ein Handelsakademiker, ein Techniker,
242 3411 1215 3481 die Tumultszenen auf der Straße dauerten
1275 3424 2172 3509 Die Demonstranten von der Straße
2208 3437 3181 3488 ein Mediziner, ein Kommis, ein Tapezierergehilfe,
237 3441 862 3525 noch eine Zeitlang fort
839 3454 1228 3531 und schließlich
2214 3462 3180 3529 ein Schuhmachergehilfe und ein Zahntechnikerlei eling.
1556 3478 1883 3547 dringen ein.
241 3503 1218 3573 gelang es der Wache, die Menge gegen den
2218 3505 3188 3572 Die Angehaltenen wurden dem Polizeikommissartat
1346 3520 2206 3590 Mittlerweile hatten die von der Straße aus
236 3553 1228 3621 oberen Teil der Rotenturmstraße abzudrängen.
2220 3556 3182 3615 Innere Stadt überstellt und dort nach Feststellung
1239 3557 2208 3634 eingedrungenen Demonstranten einenneuen Sturm¬
2215 3604 3196 3673 ihres Nationales wieder entlassen. Sie werden sich
239 3601 1219 3659 Sie zog in geschlossenem Zuge bis zum Stephans¬
1238 3625 2208 3676 lauf gegen die im Theaterfoyer aufgestellten wenigen
2209 3635 3038 3708 wegen dieser Vorfälle zu verantworten haben.
239 3654 1227 3712 platz und sang während des Marsches deutsch¬
1237 3649 2196 3718 Wachleute unternommen. Sie überrannten den schwachen
237 3700 1233 3761 nationale Lieder. Auf dem Stephansplatz forderte
1232 3709 2202 3765 Wacheriegel und stürmten unter wüstem
2490 3702 2908 3785 Auf der Straße.
1235 3752 2208 3807 Geschrei und drohend ihre Stöcke
242 3752 1230 3803 die Sicherheitswache die Demonstranten zur Auf¬
2331 3746 3195 3826 Nur mit Mühe war es der Sicherheitswache
1257 3793 2198 3851 chwingend mit Pfuirufen auf die
245 3795 1222 3854 lösung des Zuges auf. Einer ihrer Führer, der
2209 3816 3197 3872 gelungen, die Demonstranten aus dem Theater hinaus¬
1231 3831 2201 3894 Theaterleitung, auf den Autor Artur
247 3825 1221 3911 auch schon früher die Kundgebungen mit dem
2208 3855 3193 3907 zudrängen. Sie sammelten sich aber neuerdings in der
1233 3864 2152 3942 Schnitzler, der sich im Zuschauerraum befand,
247 3894 1220 3951 Signal einer Sirenenpfeife dirigiert hatte, hielt
2208 3900 3196 3959 Rotenturmstraße vor dem Eingange zu dem Theater¬
1234 3917 2160 3978 das Parterre und in die Logen. Der Ueberfall war
2215 3944 3189 4000 gebäude an und ihr wüstes Lärmen, die Pfuirufe und
245 3925 1222 4006 hier eine kurze Ansprache in der er ausführte,
1236 3968 2133 4027 allen Details organisiert, da von allen Seiten
2211 3986 3195 4042 die Schmähungen erfüllten die Straße. Schrittweise
242 3974 1226 4050 daß der Zweck erreicht sei und daß die Teil¬
1239 3998 2126 4082 Demonstranten den Theatersaal zu gleicher Zeit
2120 4023 2204 4074 ge¬
2206 4030 3190 4085 nur konnte die Wache vorgehen und die Teilnehmer
255 4039 1228 4098 nehmer nun nach Hause gehen mögen, welcher
1243 4045 2199 4115 stürmt hatten. Von den Logen aus warfen sie zu¬
2217 4058 3198 4134 der Kundgebung langsam gegen den Fleischmarkt zu
244 4087 1084 4156 Aufforderung auch Folge geleistet wurde.
1239 4102 2198 4159 sammengeballte Papiere, die mit Teer ge¬
2214 4116 3191 4175 und dann weiter in den oberen Teil der Rotenturm¬
1236 4137 2115 4206 tränktwaren und ausgehöhlte E
2097 4137 2203 4202 ier,
371 4143 1098 4215 Der Beginn der Vorstellung.
2210 4148 3202 4214 straße abdrängen. Die Demanstranten versuchten auch
1227 4178 1537 4240 die mit T #
1755 4185 2057 4239 L
