3392 4352
268 225 772 324 11. Reigen
972 201 1369 291 box 17/2
1252 1626 2380 1705 — Die Uraufführung des „Reigen“. Wir erhalten aus
1197 1650 2370 1742 Leserkreisen folgende „Berichtigung": Die jetzige Aufführung von
1202 1698 2373 1792 Schnißlers „Reigen“ im Kleinen Schauspielhaus ist nicht die
1196 1738 2368 1829 Uraufführung. Diese hat vor einem Jahr stattgesunden, und
1197 1787 2376 1874 zwar — im Lagertheater der Kriegsgesangenen in Irkutsl. Es
1190 1826 1790 1887 war damals übrigens auch so ime
1952 1853 2362 1913 msation. Vor der Auf¬
1191 1862 1713 1929 führung, die in einer Holzbar
2001 1893 2370 1954 knartenden Brettern
1192 1904 1676 1975 stattfand, erschien der Regis
2008 1935 2367 1996 kematischer Künstler
1199 1950 1657 2011 — er soll sogar mal am
2049 1977 2213 2032 ben —
2209 1984 2356 2040 vor der
1183 1979 1669 2054 Rampe und machte uns auf
2053 2018 2356 2077 Büsse aufmerksam.
1181 2030 1658 2094 Es war sozusagen ein lit
2077 2062 2349 2118 rach recht ties¬
1190 2072 1672 2137 innig über den Seelenana#
2108 2100 2348 2156 auch, daß der
1177 2113 1675 2172 Vorhang sich genötigt sehen
2070 2139 2349 2199 ale vorzeitig zu
1181 2152 1678 2216 fallen. Die Darsteller spie
2049 2182 2344 2236 nd viel Geschick.
1166 2195 1821 2270 Die Damen wurden von Herren neren
1915 2191 2351 2281 wtsse es gestatteten,
1173 2234 2351 2324 recht natürlich gegeben. Für uns war es eine Abwechslung in dem
1165 2279 2345 2361 öden Gefangenendasein. Und der Ruhm, „Reigen“ zum ersten
1169 2315 2347 2414 Male aufgeführt zu haben, gebührt einzig und allein dem Lager¬
1163 2360 2046 2438 theater des Lagers Sairkutny=Gorodok bei Irkutfl.
1217 2409 2351 2495 Wie die P. P. N. von unterrichteter Seite erfahren, trifft die
1167 2446 2335 2539 Mitteilung, daß das gerichtliche Verhot der Aufführung von
1170 2493 2340 2581 Schnitzlers „Reigen aufgeschoben sei, nicht zu. Nachdem sich das
1152 2538 2335 2620 gerichtliche Nerbot als wirkungslos erwiesen hat, ist vielmehr die
1159 2579 2334 2660 Auflösun des zwischen der Musikhochschule und der Direktion
1147 2620 2334 2702 Sladek=Eysoldt bestehenden Vertragsverhältnisses auf dem
1151 2657 1896 2739 Wege des Zivilprozesses eingeleitet worden.
