3484 4224
936 96 1335 181 box 17/1
244 93 742 195 11. Reigen
507 708 892 787 Abg. Dr. v. Ho
543 772 892 836 Rektor Professor
509 806 1439 871 der Universität dem Landtag für die der Univer¬
509 857 1445 915 sität gebrachten Opfer und schließt mit dem
505 907 1435 966 Appell an den Landtag, die Vorlage anzunehmen.
562 945 1439 1003 Abg. Graf Kottulinsky wirft gleichfalls
507 989 1429 1045 einen Rückblick auf die Geschichte der Spitals
510 1031 1435 1086 angelegenheit und bespricht eingehend die
513 1074 1446 1141 finanzielle Seite der Vorlage; Redner
515 1120 1448 1183 gelangt zu dem Schluß, daß eine Zeit kommen
513 1205 1448 1267 Werk eines umfassenden, tiefer atmenden Den¬
509 1260 1445 1324 kens. Unteilbar, läßt er sich in einzelne
510 1307 1055 1372 Kleinigkeiten nicht zerlegen.
563 1364 1441 1428 Es ist notwendig, diese beiden Bücher so eng
509 1420 1436 1480 nebeneinander zu halten. Sie zeigen Anfang uni
513 1468 1451 1531 Ende einer Entwicklung. Beim „Anatol“ beginnt
518 1513 1443 1582 der dichterische Aufruhr, im „Reigen“ folgt nach
510 1567 1443 1622 manchen Entladungen die Reaktion. „Anatol“ ist
522 1622 1435 1675 der Rausch und „Reigen“ ist die Ernüchterung
526 1659 1451 1724 „Anatol“ ist der Lebensdurst und „Reigen“ ist die
518 1712 1455 1771 Sattheit. Der Rundgang durch die heiteren, oft
516 1761 1454 1818 tragikomischen, oft wehmütig überwölkten, immer
517 1807 1445 1866 aber doch vergnüglichen Gefilde der Verliebten,
516 1854 1449 1914 der im „Anatol“ begonnen ward, ist hier vollendet.
523 1902 1459 1962 Ein lächelnder Jüngling, hat Schnitzler diesen
522 1953 1450 2003 Garten der Liebe betreten, hat manche Früchte
525 2011 1455 2063 darin gepflückt, und als ein lachender Mann er¬
528 2052 1454 2113 scheint er wieder an der Schwelle, beladen mit
524 2098 1447 2167 Erfahrungen, die nicht für Jeden taugen, und die
530 2146 1445 2211 man nicht allzu leichten Sinnes hinnehmen soll
530 2197 1449 2255 weil sie fröhlich dargeboten werden. Immerhin,
531 2248 1451 2306 es ist ein Abschluß. Was Schnitzler in jenen Be¬
521 2296 1449 2355 zirken nur suchen konnte, hat er gefunden. Diese
529 2340 1447 2405 Felder sind abgemäht, diese Ernte ist eingebracht
525 2393 1449 2450 Der Becher ist geleert — nichts mehr davon
525 2440 1449 2503 Nun der erste Jugendrausch verflogen, haben wir
532 2485 1462 2546 den Mann in einem nüchternen Augenblick
523 2532 1449 2593 sprechen gehört. Nun muß ein anderer Rausch
532 2594 1454 2655 den Künstler umangen, andere Saat auf an¬
536 2629 1457 2698 derem Acker muß ihm aufkeimen. Sonst wäre
544 2678 1451 2742 alles Folgende Nachlese, Kreislauf, Wieder
534 2732 1458 2793 holung, und ... „als ich wiederkam“. Er aber
540 2773 1457 2838 darf nicht wiederkommen. So nicht. „Man soll
542 2833 1467 2889 nichts wieder erleben wollen“ ist ein Wort
541 2874 1451 2937 des feinen Anatol. Daran halten wir fest und
533 2923 1463 2998 sind neugierig auf den neuen Arthur Schnitzler.
1177 2980 1423 3044 Felix Salten.
1526 820 2150 888 Nachstehend der Sitzungsbericht:
1522 889 2400 941 KB Bregenz, 6. November. Die vom Landes¬
1480 926 2401 989 ausschuß proponierte Aenderung der Ge¬
1487 979 2413 1037 meindeordnung wurde im wesentlichen
1477 1015 2403 1066 nach den Anträgen des landtäglichen Gemeinde¬
1485 1058 2397 1119 ausschusses angenommen. Die Aende
1479 1105 2402 1160 rungdes § 13 wurde fallen gelassen
1612 1204 2314 1306 Theater und Kunst.
1530 1318 2410 1376 k. s. Theater in der Josefstadt. Literarischer
1483 1367 2406 1417 Abend. Der erste Einakter „Wenn die Flocken
1497 1407 2407 1462 allen“ ist von C. Eysell=Kilburger. Es
1489 1449 2407 1504 wird gezeigt, daß die jungen Mädchen einen
1485 1496 2406 1551 jungen Leutnant lieber haben als einen alten
1486 1535 2405 1591 Maler. Der alte Maler ist freilich sehr traurig
1488 1577 2413 1633 darüber, aber das hilft ihm nur wenig. Solche
1495 1625 2407 1679 Sentimentalitäten hat man vor fünfundzwanzig
1487 1668 2407 1720 Jahren geschrieben, und sie sind wahrscheinlich
1490 1704 2411 1765 damals schon ebenso langweilig gewesen wie
1486 1753 2413 1808 heute. Der dritte Einakter ist modern. Er heißt
1495 1806 2406 1851 „Die Lügenbrücke“ und ist von Raoul Auern¬
1496 1835 2410 1896 heimer. Leider ist der Einfall, der dieses Lust¬
1504 1878 2416 1935 viel verschuldete, sehr schwächlich, der Witz, der
1498 1922 2413 1980 hn ausgeführt hat, sehr mager, salopp und ohne
1494 1969 2417 2025 jede Grazie. Wenn ich mir eine kleine Bitte er¬
1496 2016 2403 2068 auben darf, so wäre es die, daß unser Salz
1485 2058 2412 2109 kammergut nicht so oft dramatisch verwertet wird,
1490 2099 2405 2154 wie das in letzter Zeit geschieht. Man glaubt rein
1501 2148 2419 2199 es sei ein Ort für Ehebrüche mit Jourwitzen; man
1499 2199 2410 2239 oll sich durch all die vertrauten Namen, Salzburg
1497 2228 2421 2291 Ischl usw. angeheimelt fühlen, und fühlt sich nur
1501 2272 2411 2329 geargert. Denn es ist eine Landfremdheit in
1492 2313 2421 2365 diesen Hantierungen. Das kleine Stück wurde
1494 2359 2412 2416 von Fraulein Ferida aber schon sehr schlecht
1496 2406 2418 2453 von Herrn Claar sehr unfein gespielt. Frau
1492 2448 2421 2495 Pohl=Meiser hatte so ein komisches, dummes
1490 2486 2421 2549 Lachen, daß man sich über sie wenigstens
1492 2536 2416 2585 amüsieren konnte. Der letzte Einakter war eine
1502 2577 2408 2630 Satire von Max Maurey: „Die Empfehlung.“
1494 2617 2412 2672 Da gab Herr Maran einen armen Teufel, der
1501 2661 2418 2713 eine Stelle sucht. Seine Maske, sein erster Auf¬
1496 2705 2418 2766 tritt, wie er angstvoll in der Tür erscheint, waren
1501 2751 2418 2799 von bildhafter Wirkung und von einer er¬
1508 2791 2412 2841 chütternden Charakteristik. Die Leute, die be
1503 2835 2423 2889 seinem Anblick gewohnt sind, in Heiterkeit aus¬
1502 2871 2412 2930 zubrechen, lachten zu Anfang. Aber er holte sich
1501 2918 2425 2970 die nötige Stimmung der Leute sehr rasch. Den
1495 2966 2413 3013 Direktor, der prinzipiell keine Empfehlung be
1503 3001 2427 3085 rücksichtigt, spielte Herr Door. Damit war eine
2445 769 3253 847 ständigung mithfelig fortzuspinnen. E#. 1#1.
2452 839 3209 895 Fragen war eine Einigung entweder
2446 880 3272 934 oder angebahnt. Da sprengten die von
2442 929 3262 976 Stransky geführten Jungtschechen o
2444 969 3263 1023 ersichtlichen Grund den Permanenzausschuß
2452 1017 3272 1064 ganze mühselige Aktion war vergeblich gen
2451 1060 3247 1108 Es ist begreiflich, daß die Deutschen nach
2437 1105 3274 1151 tristen Erfahruung diesmal ohne Begeisterung
2442 1186 3265 1254 gute Figur bedauerlicherweise halb vert
2446 1240 3217 1300 Am besten hätte Herr Direktor Jarno
2439 1295 3211 1339 guten Charakterspieler Jarno ersuchen
2982 1326 3274 1379 — Bleibt nock
2447 1322 2978 1383 diese Rolle zu übernehmen.
2443 1376 3277 1429 zweite Stück. Es war das beste und wurde
3211 1414 3272 1461 9
2771 1409 3210 1469 „Der Bär“ von
2447 1416 2763 1472 misch bejubelt:
2445 1458 3280 1504 Tschechow. Ein prächtiger, wilder Kerl
2450 1503 3281 1556 die Weiber nicht mag, der aber doch nich
2448 1549 3275 1595 ihnen lassen kann, bricht bei einer Witwe ei
2456 1582 3275 1638 schimpft sie, weil sie die Geldschuld ihres
2463 1627 3276 1680 torbenen nicht gleich bezahlt, weil sie Grit
2455 1678 3274 1728 in den Wangen hat, weil sie eine „po
2448 1724 3267 1775 Person“ ist, und verlobt sich dann mit
2457 1769 3273 1816 „Schmach und Schande!“, wie er selbst daz
2455 1814 3279 1864 merkt. Der Bär wurde von Herrn Ner
2462 1853 3265 1899 virkungsvoll und komisch gespielt. Den
2458 1886 3271 1948 Diener gab Herr Straßni reizend, und
2452 1926 3282 1991 Wagen war als Witwe annehmbar. Unbe
2447 1983 3276 2031 lich bleibt nur, warum dieses Stück, das z
2456 2017 3281 2083 entzückendsten Einaktern gehört die es gib
2459 2058 3275 2113 in Berlin weit über hundert Aufführung
2456 2110 3281 2159 lebte, das überdies schon seit manchem Jahl
2461 2148 3281 2207 liegt, von keiner anderen Wiener Bühne m
2461 2195 2930 2265 schlag genommen wurde.
2491 2254 3233 2311 rsp Carl=Theater. Mit allen äußeren
2458 2297 3284 2346 des Erfolges ist gestern Stolls mit vielen
2460 2340 3282 2397 teresse erwartete Operette „Das Markt
2457 2392 3280 2448 Libretto von Max Blau und Louis T
2470 2426 3250 2478 tein, in Szene gegangen. Man kennt
2455 2477 3286 2524 Stoll als tüchtigen und mit stupendem Ge
2460 2513 3265 2571 nis in der Opernliteratur heimischen Sänge
2456 2565 3272 2612 als Komponist eines kleinen, in Aristokrat
2472 2604 3270 2658 tellungen gegebenen Singspiels hat er sich
2459 2646 3276 2703 als gebildeter Musiker bewährt. Als solcher
2468 2692 3280 2746 r sich auch im „Marktkind“, wenngleich
2453 2738 3286 2793 Rahmen der Operette für sein offenbar in h
2462 2774 3278 2826 und zierlichen Formen am angenehmsten zu
2462 2824 3274 2877 tung kommendes Talent schon viel zu ges
2460 2876 3276 2925 erscheint. Seine Musik bewegt sich durchwe
2463 2906 3275 2958 den Grenzen des Hergebrachten; weder neu
2459 2951 3276 2999 lebendige Rhythmen noch die Eingebung
2470 2994 3271 3047 mpulsiven Melodie beleben die bei alledem
