3336 4416
280 135 910 206 wusten Sen Wre Ne ich
940 148 1198 206 kn einen
241 199 1196 257 Wiener Theater noch nie al
250 239 1208 304 gespielt haben. Auch im Zuschauer¬
242 293 1194 344 raum waren Demonstrauten auwesend, die darau
242 343 1207 399 warteten, bis die anderen Gruppen der Demon¬
257 388 1208 441 strauten, die verabredetermaßen von der Straße aus
244 438 1204 501 in das Theater eindrangen, den Zuschauerraum
249 483 1203 541 erreicht hatten. Es kam hiebei zu Kämpfen
245 534 1206 583 zwischen den Demonstranten, der
237 577 1200 639 Wache, dem Theaterpersonal
245 621 1211 680 und dem Publikum, zu argen Ver¬
242 679 1210 741 wüstungen im Theatergebäude selbst, zu Zer¬
243 730 882 786 trümmerungen von
883 724 1205 787 Fenstern,
245 771 1208 832 Sesseln und Musikinstru¬
242 818 1199 881 menten, wie auch zu tätlichen Miß
247 869 1209 933 handlungen von vielen Theater¬
245 912 1204 968 besuchern, die geschlagen und an den
246 965 1212 1038 Haaren gezerrt wurden. Die Vorstellung
251 1024 1207 1072 mußte abgebrochen werden. Die
251 1059 1208 1118 Tumultszenen im Theatergebäude selbst führten
252 1109 1216 1176 eine wilde Panik der Theaterbesucher herbei,
248 1159 1207 1217 die sich zu flüchten oder in Verstecken zu sichern
259 1208 1207 1258 sersuchten. Der Vorhang mußte heruntergelassen
274 1256 1204 1309 erden, und die Panik vermehrte sich noch
276 1304 1208 1372 adurch, daß sich plötzlich ein Wasser¬
285 1358 1208 1411 rahl über den Zuschauerraum
276 1400 428 1465 rgoß.
355 1422 1207 1500 Einer der Bediensteten hatte den nächst
252 1474 1212 1552 der Bühne befindlichen Hydranten auf¬
245 1544 1215 1614 gedreht und das Mundstück des Schlauches gegen
258 1584 1210 1659 den Zuschauerraum gerichtet. Nachdem die
250 1634 1210 1708 Sicherheitswache Verstärkung erhalten hatte,
251 1680 1210 1751 konnte das Theatergebäude geräumt werden,
253 1740 1216 1794 die Tumultszenen auf der Straße dauerten
251 1782 1226 1844 noch eine Zeitlang fort und schließlich
257 1837 1221 1898 gelang es der Wache, die Menge gegen den
247 1872 1208 1946 oberen Teil der Rotenturmstraße abzudrängen
253 1930 1205 1989 Sie zog in geschlossenem Zuge bis zum Stephans¬
259 1989 1208 2041 platz und sang während des Marsches deutsch¬
247 2039 1209 2087 nationale Lieder. Auf dem Stephansplatz forderte
250 2076 1208 2136 die Sicherheitswache die Demonstranten zur Auf¬
255 2124 1214 2183 lösung des Zuges auf. Einer ihrer Führer, der
258 2167 1212 2229 auch schon früher die Kundgebungen mit dem
259 2220 1217 2281 Signal einer Sirenenpfeife dirigiert hatte, hielt
262 2266 1216 2332 hier eine kurze Ansprache, in der er ausführte,
266 2320 1207 2382 daß der Zweck erreicht sei und daß die Teil
257 2365 1217 2430 nehmer nun nach Hause gehen mögen, welcher
261 2415 1077 2485 Aufforderung auch Folge geleistet wurde.
386 2475 1089 2552 Der Beginn der Vorstellung.
383 2531 1227 2597 Die gestrige Abendvorstellung, die wieder aus¬
261 2590 1214 2647 verkauft war, begann in vollster Ruhe. Es hatten sich
267 2645 1220 2688 aber bereits Gerüchte verbreitet, daß es zu Kund¬
263 2687 1220 2728 gebungen kommen würde und es hieß, daß Gegner der
268 2724 1218 2772 Aufführungen Sitze gekauft hätten. Dem großen Teil
257 2762 1219 2816 des Publikums war aber darüber nichts bekannt. Eine
260 2809 1217 2858 gewisse Unruhe entstand aber schon während der ersten
265 2853 1220 2901 Dialoge, als ein scharfer, durch dringender
264 2894 1217 2945 Geruch sich bemerkbar machte, der auf Stink¬
267 2927 1217 2985 bomben zurückgeführt wurde. Man versuchte diesem
269 2981 1219 3037 üblen Geruche durch Ausspritzen von Desinfektions¬
263 3025 1230 3077 mitteln zu begegnen. Der Theaterleitung wurde im
271 3063 1218 3117 Zuschauerraum ein Besucher als christlichsozialer
1142 3111 1223 3162 im
265 3109 1133 3160 Nationalrat bezeichnet, der anscheinend die
273 3149 1219 3204 Zuschauerraum verteilten Demonstranten dirigierte
272 3198 1222 3244 Die Aufführung war bis zu dem Dialoge: „Junger
269 3233 1225 3291 Herr und junge Frau“ gediehen. Plötzlich hörte man
265 3288 1217 3334 von der Rotenturmstraße aus und aus dem Vorraume
269 3328 1224 3385 des Theaters schrille Sirenenpfiffe und
261 3376 740 3438 laute Hurrarufe.
495 3416 993 3482 Der Sturm beginnt.
379 3486 1230 3540 Im oberen Teile der Rotenturmstraße und auf
269 3531 1233 3584 dem Fleischmarkt einerseits, anderseits auf dem Franz
261 3576 1224 3627 Josef=Kai hatten sich mittlerweile kleine Gruppen
270 3625 1222 3674 angesammelt, darunter eine Anzahl von Hochschülern
268 3667 1225 3720 durchaus jugendliche Leute, die sich plötzlich zusammen¬
273 3705 1233 3758 schlossen und auf das Signal einer Sirenpfeife mit
275 3752 1233 3802 lauten Hurrarufen in die Rotenturmstraße vorwärts
270 3796 1228 3846 stürmten zu dem schmalen Straßenzugange, in welchem
273 3840 1231 3889 sich der Eingang zu dem Theater befindet. Die von
271 3876 1226 3936 beiden Seiten zusammengeschlossenen Gruppen mögen
272 3926 873 3982 etwa 600 Personen umfaßt haben.
388 3962 1240 4017 Vor dem Theatergebäude versahen sechs Sicher¬
273 4007 1226 4081 heitswachleute den Dienst. Sie versuchten durch
1239 168 2184 211 doch auch hier konnten sie dem Stuim der ihnen an
1233 208 2182 259 Zahl weitans überlegenen Demonstianten nicht stand¬
1237 254 2176 302 halten. Klitrend gingen zwei der großen Spiegelscheiben
1239 295 1469 349 in Trümmer.
1553 320 1888 396 Stinkbomben!
1347 368 2175 443 Schon vorher waren drei Verdächtige bemerk
1240 420 2180 479 worden, die sich im Theater aufgehalten, die Vor¬
1240 469 2176 530 stellung aber verlassen hatten und auf die Straße
1246 528 2177 577 jegangen waren. Augenscheinlich um die Verbindung
1236 572 2180 621 mit den auf der Straße wartenden Gruppen herzu¬
1240 606 2175 660 stellen. Bei der Vorstellung waren mittlerweile schor
1248 651 2178 701 vährend der dritten Szene einzelne Mißbilligungsrufe
1246 693 2180 738 aut geworden. Während des vierten Dialoges, in dem
1243 728 2180 787 Frau Carlien und Heir Wengraf beschäftigt
1244 781 2187 831 sind, wurde im rückwärtigen Teil des Zuschauer¬
1252 822 2190 885 aumes eine Stinkbombe auf den Fuß¬
1249 863 2190 920 oden geworfen, die mit Schwefelwasserstoff
1243 917 2182 963 gefüllt war und einen penetranten Geruch verbreitete.
1248 955 2184 1015 Ein Mann, der sich an dieser Stelle zur kritischen Zeit
1247 997 2183 1050 gebückt hatte, wurde als derjenige bezeichnet, welcher
1243 1049 2181 1098 die Stinkbombe geworfen hat. Es soll ein Ober¬
1241 1088 2181 1141 offizial namens Brichta sein. Er wurde durch
1248 1132 2187 1201 einen Kriminalbeamten in das Inspektionszimmer
1240 1173 1395 1230 gebracht.
1351 1191 2187 1270 Gleich darauf entstand der
1250 1246 2183 1307 Tumult. Der Zuschauer hatte sich schon eine
1239 1309 2191 1351 nervöse Unruhe bemächtigt. Die Türen des Theater¬
1254 1342 2194 1396 aales wurden gebffnet, um den üblen. Geruch hinaus¬
1240 1384 2188 1443 strömen zu lassen. In diesem Augenblicke wurden aber
1242 1433 2194 1489 auch schon die Rufe von der Straße aus hörbar und
1242 1470 2193 1517 im gleichen Moment begannen auch schon die im
1244 1510 2203 1565 Theater sitzenden Demonstranten, an ihrer Spitze der
1241 1559 2187 1607 als Nationalrat bezeichnete Theatergast, mit den
1256 1584 2195 1654 Skandal. Sie riefen: „Weg mit diesem Schieber¬
1250 1645 2190 1704 gefindel!“ „Heraus mit dieser Schweinerei!" „Dieses
1245 1678 1861 1759 Judenpack!“ und dergleichen mehr.
1285 1740 2147 1808 Die Demonstranten von der Straße
1571 1790 1870 1856 dringen ein.
1354 1848 2189 1905 Mittlerweile hatten die von der Straße aus
1244 1893 2192 1945 eingedrungenen Demonstranten einenneuen Sturm¬
1257 1933 2191 1988 auf gegen die im Theaterfoyer aufgestellten wenigen
1246 1987 2192 2035 Wachleute unternommen. Sie überrannten den schwachen
1249 2022 2195 2072 Wacheriegel und stürmten unter wüstem
1256 2069 2191 2121 Geschrei und drohend ihre Stöcke
2100 2110 2196 2158 die
1277 2112 2087 2166 chwingend mit Pfuirufen auf
1247 2164 2193 2211 Theaterleitung, auf den Autor Artur
1261 2207 2201 2257 Schnitzler, der sich im Zuschauerraum befand, in
2155 2243 2193 2290 in
1250 2239 2152 2298 das Parterre und in die Logen. Der Ueberfall war
1257 2284 2197 2337 allen Details organisiert, da von allen Seiten die
1247 2330 2192 2379 Demonstranten den Theatersaal zu gleicher Zeit ge¬
1259 2373 2201 2426 türmt hatten. Von den Logen aus warfen sie zu¬
1263 2427 2200 2475 ammengeballte Papiere, die mit Teer ge¬
1247 2457 2196 2513 tränktwaren und ausgehöhlte Eier.
1246 2504 2191 2557 die mit Teer gefüllt waren. Auch
1260 2547 2200 2605 Stühle wurden von den Logen in den Zu¬
1274 2595 2198 2666 chauerraum und auf die Bühne ge¬
1274 2635 1544 2709 chleudert.
1307 2692 2149 2752 Die Vorstellung wird abgebrochen.
2161 2749 2205 2803 die
1372 2751 2126 2803 Unter solchen Umständen mußte natürlich
1264 2795 2206 2846 Vorstellung sofort abgebrochen werden. Die
1254 2842 2199 2890 Schauspielerin Marietta Olly, die sich eben für
1257 2891 2207 2933 hren Auftritt vorbereitete, wurde von einem Wein¬
1251 2925 2202 2978 krampf befallen, der Vorhang mußte herabgelassen
1250 2982 2207 3036 werden, aber auch dann wurden Stühle und mit Teer
1251 3015 2001 3083 gefüllte Eier gegen die Bühne geschleudert.
1313 3063 2138 3144 Wilde Szenen im Zuschauerraum.
1364 3124 2213 3181 Des Publikums hatte sich eine namenlose
1259 3174 2205 3227 Panik bemächtigt. Von der Angst getrieben,
1261 3215 2213 3269 türmten die Leute aus den Sitzreihen, um sich in
1256 3266 2205 3317 Sicherheit zu bringen. Viele ließen ihre Garderobe
1253 3312 2216 3357 im Stiche. Nur mit Mühe gelang es den Theater¬
1255 3349 2212 3399 bediensteten, die in der Garderobe abgegebenen Klei¬
2083 3389 2204 3445 schützen
1651 3391 1902 3452 Verwüstungen
1251 3396 1453 3451 dungsstücke
1908 3398 2015 3446 zu
1455 3404 1649 3451 por
1261 3434 2199 3493 In namenloser Angst suchten die Theater
1263 3480 2206 3538 zuschauer allerlei Verstecke auf. Sie versuchten
1256 3532 2213 3579 auch, auf die Bühne selbst zu gelangen, deren Türe
1259 3566 2204 3625 aber aus Sicherheitsgründen geschlossen werden mußte
1254 3607 2207 3669 nachdem hier ein kleiner Teil der geflüchteten Zuschaue
1267 3659 2211 3707 Schutz gefunden hatte. Ein anderer Teil fand in den
1260 3697 2219 3749 Garderoben der Darsteller einen vorläufigen Unterstand.
1262 3741 2216 3797 Es spielten sich hier Szenen ab, die nicht wiedergegeben
1267 3793 2221 3840 verden können. Eine förmliche Jagd wurde
1259 3832 2215 3882 auf die Flüchtenden veranstaltet,
1265 3867 2209 3930 Männer, die ihre bedrohten Frauen beschützen wollten
1263 3912 2218 3969 wurden verbrügelt, viele von ihnen durch
1267 3967 2217 4018 Hiebe mit Stöcken und mit Schlag¬
1259 4009 2216 4062 ringen verletzt. Weibliche Theaterbesucher
2206 160 3178 214 mengte sich der schrille Priff der Strene, die
2212 200 3177 261 Kommando war, und das wüste Geiohle und Geschrei
2220 245 3167 295 er Demonstranten, die durch alle Teile des Theaters
2212 286 3177 341 umherliefen und mit ihren Stöcken unbarm¬
2215 342 3085 389 herziglosschlugen, auf wen sie trafen.
2320 371 3177 429 Die Panik wurde noch vergrößert dadurch, daß
2215 413 3168 472 plötzlich ein dichter Wasserstrahl sich
2216 467 3175 519 über den Zuschauerraum ergoß. Nach
2216 505 3172 564 einer Darstellung soll ein diensthabender Feuerwehr¬
2213 555 3175 604 mann den nächst der Bühne befindlichen Hydranten
2218 599 3175 646 geöffnet haben, nach einer anderen Darstellung aber
2215 635 3181 690 ist dies durch einen der Demonstranten geschehen,
2211 684 3173 733 vermutlich in der Absicht, die Panik noch zu vermehren.
2216 730 3168 805 Die Wache erhält Verstarkung. — Das
2413 795 2977 851 Theate wird geräumt.
2322 855 3177 900 Unterdessen hatte die Sicherheitswache von der
2218 899 3184 949 Wachstube in der Postgasse aus Verstärkung eihalten
2214 941 3184 992 und unterstützt von den im Theater den Dienst ver¬
2226 977 3181 1041 ehenden Feuerwehrleuten, wie auch von deu
2219 1021 3189 1083 Bühnenarbeitern wurde an die Räumung des Saales
2212 1071 2402 1138 geschritten.
2342 1092 3171 1161 Als der Führer der Kundgebungen, der Mann,
2217 1152 3173 1204 der mit der Sirenenpfeife die Signale gegeben hatte,
2225 1197 3171 1249 die Wacheverstärkung der Wache sah, gab er den
2230 1233 3186 1294 Seinen das Kommando zum Rückzug. Auch während
2217 1285 3183 1337 der Räumung des Saales spielten sich noch immer
2221 1330 3176 1382 Kämpfe zwischen Demonstranten und Theater¬
2224 1364 3180 1421 besuchern ab und die Wache hatte alle Mithe, das
2228 1415 3125 1473 Publikum vor weiteren Mißhandlungen zu schützen.
2435 1471 2990 1528 Sieben Arretierungen.
2340 1510 3179 1586 Bei der Räumung des Saales wurden7 Ver¬
2232 1569 3179 1624 onen durch die Wache angehalten, die Personen miß¬
2231 1621 3192 1669 handelt hatten und im Besitze von schweren
2221 1654 3189 1710 Knütteln angetroffen worden sind. Die Ange¬
2222 1701 3187 1758 haltenen sind: ein Handelsakademiker, ein Techniker,
2227 1750 3178 1801 ein Mediziner, ein Kommis, ein Tapezierergehilfe,
2231 1786 3176 1839 ein Schuhmachergehilfe und ein Zahntechnikerlei eling.
2220 1833 3187 1882 Die Angehaltenen wurden dem Polizeikommissartat
2229 1872 3179 1930 Innere Stadt überstellt und dort nach Feststellung
2233 1916 3187 1975 hres Nationales wieder entlassen. Sie werden sich
2227 1967 3037 2019 wegen dieser Vorfälle zu verantworten haben.
2508 2014 2900 2091 Auf der Straße.
2340 2066 3189 2139 Nur mit Mühe war es der Sicherheitswache
2233 2129 3186 2177 gelungen, die Demonstranten aus dem Theater hinaus¬
2226 2172 3184 2219 zudrängen. Sie sammelten sich aber neuerdings in der
2232 2208 3189 2262 Rotenturmstraße vor dem Eingange zu dem Theater¬
2231 2259 3185 2313 gebäude an und ihr wüstes Lärmen, die Pfuirufe und
2233 2298 3183 2350 die Schmähungen erfüllten die Straße, Schrittweise
2225 2340 3181 2398 nur konnte die Wache vorgehen und die Teilnehmer
2225 2381 3189 2437 der Kundgebung langsam gegen den Fleischmarkt zu
2226 2435 3188 2483 und dann weiter in den oberen Teil der Rotenturm¬
2233 2470 3188 2525 straße abdrängen. Die Demonstranten versuchten auch
2228 2518 3185 2571 fetzt noch einigemale, den Kordon zu durchbrechen, was
2235 2566 3186 2613 hnen aber nicht mehr gelang. Mittlerweile rückten
2230 2600 3189 2661 unter lauten Trompetensignalen zwei Wagen mit
2235 2634 3192 2700 Feuerwehrmannschaften von der Zen¬
2230 2680 3198 2747 trale Am Hof an. Sie wären durch den den Dienst
2234 2729 3192 2794 versehenden Ingenieur des Stadtbauamtes verständigt
2234 2781 3197 2830 worden. Die Feuerwehrleute brachten den geöffneten
2241 2825 3191 2877 Hydranten und die aufgerollten Schlauchlinien wieder
2233 2862 3187 2913 in Ordnung und arbeiteten an dem Abfluß des Wassers,
2232 2902 3203 2967 mit dem ein Teil des Zuschauerraumes, mehr aber
2234 2955 2864 3012 noch die Bühne überschwemmt war.
2350 2988 3189 3045 Während dieser Zeit gelang es der Wache
2234 3037 3188 3092 schließlich, die Demonstranten bis zum Lugeck abzu¬
2232 3089 3199 3132 drängen und von dort aus schlossen sic sich zum Ab¬
2241 3120 3203 3182 marsch zusammen, der, wie schon früher erwähnt, auf
2239 3167 2865 3242 dem Stephansplatz sein Ende fand.
2284 3219 3156 3302 Die Verwüstungen in den Kammer¬
2629 3277 2808 3346 spielen.
2359 3316 3191 3386 Die Theaterbesucher, die früher während der
2241 3379 3196 3435 Panik fluchtartig das Theater verlassen und in um¬
2249 3421 3192 3479 iegenden Straßen, in Nachbarhäusern, in Kaffee¬
2253 3465 3201 3525 äusern und Restaurants Zuflucht gesucht hatten.
2247 3510 3207 3565 kehrten nun allmählich wieder zurück, um ihre in der
2245 3557 3201 3615 Theatergarderobe verwahrten Ueberkleider in Empfang
2246 3610 3204 3660 zu nehmen. Auch die Darsteller verließen ihre Garde¬
2244 3641 3197 3702 roben. Vielen durch Mißhandlungen Verle#### bat ein
2252 3682 2992 3750 m Theater anwesender Arzt Hilfe geleistet.
2354 3730 3199 3781 Der Theatersaal selbst bot ein Bild der
2249 3766 3212 3839 Verwüstung. Der Vorhang zeigte noch die
2259 3805 3214 3869 chwarzen Flecke von den mit Teer gefüllten Eier¬
2248 3855 3203 3913 schalen, die gegen ihn geschleudert worden sind. Auf
2248 3895 3211 3957 der Rampe lagen noch einige zerbrochene
2256 3943 3205 4003 Stühle, die man hier hingeworfen hatte. Die auf
2253 3984 3213 4045 den Fußboden festgenagelt gewesene Leiste einer Sitz¬
