3392 4448
179 3741 261 3785 rden,
1405 81 1762 137 geerek-urfenu
1098 115 2112 171 Wenn ich auch weit entfernt bin davon, im „Reigen“ wie
1028 143 2119 220 einige übereifrige Anhänger Schnitz'ers behaupten, eine ihm
1020 205 2115 251 eigene besondere Keuschheit zu entdecken oder zu glauben, daß
1032 232 2107 295 ich in ihm Aspekte einer neuen Sittlichkeit eröffnen, so bleibt es
1035 279 2106 326 m Gegensatz zur astetischen Lebensauffassung ein aus¬
1037 314 2109 378 drucksvolles, modernes Dokument phy¬
1026 351 2107 415 sischer Lebensbejahung. Moralisten jedoch, die, über
1032 385 2108 449 den Verfall der Sitten klagend, über unsere Zeit den Stab
1024 429 2105 492 brechen, mögen sich daran erinnern, daß der „Reigen“ in dem
1027 467 2111 519 Minnedienst des glaubensinnigen Mit¬
1018 510 2111 566 telalters seine Vorgänger findet und daß
1021 550 2111 606 es damals nicht für unanständig galt, wenn der Ritter die
1024 583 2101 645 Nacht bei seiner Angebeteien zubrachte. („Es war die Nachtigall
1025 626 2101 676 und nicht die Lerche.*) Als literarisches Erzeugnis kann der
1032 662 2105 714 Reigen“ nicht in Acht und Bann erklärt
1018 707 2103 763 werden; es fragt sich nur, ob diese freie Auffassung
1019 738 2110 801 standhält, wenn es sich darum handelt, den Schemengestalten
1023 776 2111 840 durch die plastische Verkörperung auf der Bühne wirkliches
1020 816 2101 879 Leben einzuhauchen. Die Masse des Publikums ist nur
1029 859 2109 918 ür das Stoffliche empfänglich, und mag auch das
1025 893 2104 959 Gemeine durch die Form gebändigt sein, es bringt wenig Ver¬
1022 934 2098 993 ständnis mit für den idealen Kern, der sich hinter einem
1017 973 2102 1026 Werke birgt. So wird auch bei dem „Reigen“ das nackte Sinn¬
1018 1011 2100 1073 liche, um nicht zu sagen das Pornographische die Menge in
1012 1053 2098 1111 erster Linie anziehen. Vor einigen Jahren wäre eine Auf¬
1013 1088 2099 1148 führung des „Reigen“ auf einer öffentlichen Bühne kaum denlhar
1014 1134 2111 1188 gewesen und hat auch der Dichter an eine solche Möglichkeit
1021 1172 2096 1230 chwerlich gedacht. Seither ist aber der Bann gebrochen worden
1010 1212 2101 1266 und das Publikum bereits gewöhnt, auch das Aergs##
1013 1244 2091 1299 sexuellen Fragen über sich ergehen zu lassen. Wedekind hat sich
1009 1286 2097 1340 mit seinen scheußlichen Perversitäten die Bühne erobert, die
1019 1320 2094 1380 Freudenhäuser biden das beliebteste Ausfl gsziel moderner
1011 1362 2089 1416 Bühnendichter und die Erotik im konkretesten physiologischen
1009 1399 2092 1457 Sinne ist das Kennzeichen moderner Dramatit geworden.
1016 1437 1168 1490 Ab und
1179 1445 1270 1490 zu
1313 1452 2103 1501 wurden schon früher dieser Geschmacks¬
1011 1483 2101 1537 richtung Konzessionen gemacht, zum Beispiel in der „Hauben¬
1016 1516 2097 1574 erche“ wo auf der Bühne ein Mädchen vergewaltigt wird.
1005 1552 2091 1610 Das Publikum ist somit bereits abgestumpft und vorbereitet,
1008 1597 2090 1658 auch den „Reigen“ oyne besonders überracht zu sein, entgegen¬
1003 1631 2094 1683 zunehmen. Den Brutalitäten der verschiedenen Dramen gegen¬
1007 1672 2098 1739 über, die in den letzten Jahren über die Bretter gegangen sind,
1003 1710 2090 1785 wirkt übrigens der „Reigen“ mit seinen jedenfalls in gesunde
1015 1745 1775 1814 Sinnesfreude getauchten gedämpften Farben
1204 1795 1907 1877 wie ein sanft verklingendes Adagio.
1126 1846 2097 1917 Wird dieses Bühnenwerk zugelassen, so wird ohne Zweifel
1005 1879 2089 1953 bei einem Teile der öffentlichen Meinung ein Entrüstungs¬
1005 1931 2088 1998 sturm losbrechen. Noch heftiger würden sich aber diese
1006 1972 2090 2030 Angriffe aus den weitesten Kreisen der intellek¬
1014 2021 2089 2069 uellen Welt erheben im Falle des Verbotes dieses Stückes.
1003 2047 2094 2107 Es wird dann heißen, daß die künstlerische Freiheit geknebelt werden
1012 2086 2086 2138 oll zu Gunsten einer heuchlerischen Prüderie, daß es dem all¬
1001 2135 2092 2189 gemeinen Menschlichen verwehrt wird, in seiner eigenen
1009 2166 2084 2228 Sprache natürlichen. wah haftigen Empfindens zum Volle zu
1001 2211 2086 2265 reden. Es handelt sich hier tatsächlich um den Kampf
991 2252 2091 2304 zweier Weltanschauungen, um eine Stellungnahme
1008 2285 2089 2348 n wichtigen kulturellen Fragen. Nun erscheint es mir
993 2327 1513 2380 geradezu tleinlich,
997 2369 2094 2434 wenn die Zensur in diesen Kampf der Geister eingreift
994 2426 2086 2499 und, den Maßstab der bürgerlichen Moral anlegend, kurzerhand
994 2475 2082 2539 dem Dichter in die Arme fällt. Grillparzer spricht ein¬
996 2515 2083 2578 mal aus, daß eine gute Zensur etwas sehr Nützliches wäre.
1001 2553 2089 2615 Ein guter Zensor dürfe aber nur das zulassen, was wahr
993 2600 2083 2664 und schön sei, ohne zu fragen, ob es schädlich sein
994 2631 2080 2692 könnte. Grillparzer zweifelt jedoch, immer Männer zu
999 2670 2077 2734 finden, die sich das richtige Urteil zutrauen. Der gute
995 2714 2086 2773 Zensor wird sich zurückziehen und seinen Platz Personen
989 2750 2089 2798 überlassen, die wahr nennen, was bisher als wahr gegolten
999 2784 2081 2843 hat und kalich, was sie nicht verstehen. Grillparzer kommt zum
1000 2827 2078 2887 Ergebnis: Eine schlechte Zensur ist ver¬
1000 2864 2080 2922 erblicher als gar keine. Der Dichter
992 2904 2086 2967 faßt hier allerdings ausschließlich die ästhetische Seite ins Auge
998 2943 2075 3004 und denkt nicht an die eigentliche Aufgabe der Zensur, um im
1005 2980 2075 3035 Interesse der öffentlichen Ordnung, der internationalen Be¬
991 3025 2079 3076 ziehungen u. s. w. Verwicklungen vorzubeugen. Aber im all¬
997 3065 2076 3122 emeinen lassen sich die von ihm ausgesprochenen Ansichten
992 3103 2081 3159 auf das vorliegende Bühnenwerk ganz gut anwenden. Auch
986 3138 2074 3211 hier handelt es sich um große Prinzipienfragen, um Wahrheit
991 3178 1970 3250 und Schönbeit, und da erscheint es nur recht und billig,
1082 3231 1992 3312 wenn sich die Jensur in der Weise zurückzieht,
986 3285 2078 3352 daß sie die Entscheidung dem Publikum überläßt, ein Vor¬
985 3337 2079 3384 gang. der eigentlich in einer dem o¬
992 3377 2081 3426 raiischen Republik keiner weiteren
992 3405 2074 3471 Begründung bedarf. Ich bin überhaupt der Ansicht,
982 3444 2070 3511 daß man in dieser Hinsicht nicht zu ängstlich sein
1003 3492 2076 3549 ollte. Ein Verhot würde eine ungeheure Propaganda füc
989 3523 2070 3584 den „Reigen“ bedeuten und omit erst recht schädlich wirken, die
984 3565 2072 3621 schließliche Aufführung aber doch nicht verhindern können. Denn
991 3603 2073 3669 die Erfahrung hat gezeigt, daß sich trotz aller durch die Zensur
990 3644 2070 3707 bereiteten Hindernisse noch jede Richtung, ja jedes verbotene
994 3676 2067 3741 Stück (siehe Wedetind) endlich durchge etzt hat. Dem Vorwurf,
985 3717 2064 3774 haß durch die Freigabe des „Reigen“ der Unmoral auf der
981 3754 2080 3818 Bühne neuer Spielraum gewährt wird, möchte ich durch die
985 3793 2071 3856 Erwügung begegnen, daß die so wünschenswerte Bekämpfung
976 3834 1217 3898 der Unmoral
2162 106 3250 162 Sungerrüch rchen und Die Jurnr hriter dasteren Wolten sich
2164 147 3241 202 verbirgt, die deutsche Bühne keinen würdigeren Gegenstand
2168 177 3242 238 indet, als ein altes Stück hervoczuholen und mit seiner
2162 221 3236 273 immerhin entnervenden Erotik die Zuschauer zu betäuben. Be¬
2163 256 3237 313 äubung, Flucht aus der Gegenwart scheint ja das Treiben
2155 303 3234 359 aller jener zu sein, für die das Leben einen einzigen Fest¬
2151 335 2324 400 tag bildet.
2247 367 3247 438 Wennich mich trotzdem gewissermaßen contrabones mores für
2159 413 3243 475 die Zulassung des Stückes ausspreche, so
2159 455 3239 502 geschieht es deshalb, weil ich diese für das kleinere
2156 493 3241 548 Uebel halte und ich es nicht mehr für zeitgemäß
2155 540 3239 592 erachte, sich mit dem alten vergriffenen Mittel des Verbotes
2150 570 3239 619 der öffentlichen Meinung entgegenzustellen. Für den Fall der
2149 608 3241 666 Zulassung des Stückes muß jedoch die bestimmte Erwartung
2152 655 3229 698 ausge prochen werden, dat die Theaterregie mit be¬
2167 693 3233 739 onderem Takte ihres Amtes walte. Namentlich jene
2149 728 3225 782 Szenen, die im Textbuch mit Gedankenstrichen ausgefüllt sind
2153 769 3234 811 müssen in solchen Grenzen gehalten werden, daß dem Zu¬
2161 801 3237 861 chauer die Wahrnehmung des sinnlichen Vorganges erspart
2147 843 3229 906 bleibt. Auch muß darauf gedrungen werden, daß bei den
2153 881 3230 938 viederholt vorkommenden Entkleidungen und Ankleidungen
2144 919 3230 971 der Anstand so viel als möglich gewahrt wird, und entblößte
2146 954 3225 1011 Körper dem Publikum nicht sichtbar werden. Endlich wäre als
2153 994 3235 1056 Bedingung zu stellen, daß zu diesem Stücke nur Erwächsene
2148 1036 2384 1100 Zutritt haben.
2191 1090 3173 1173 Das Gutachten des Schriftstellers Glossy.
2256 1151 3222 1219 Die ausführliche Beurteilung dieser Dialoge in dem vor¬
2141 1198 3224 1251 stehendem Gutachtin, womit ich mich voklkommenein¬
2136 1241 3220 1300 verstanden erkläre, entheht mich einer weiteren eingehen¬
2146 1270 2428 1332 den Würdigung.
2249 1294 3239 1377 Schnitzlers Dialoge, künstlerisch gestaltet, zeigen einen
2136 1336 3233 1405 tiefen psychologischen Einblick in das Ge¬
2141 1389 3224 1447 schlechtsleben, sind durchaus nicht trivial und lassen
2137 1436 3226 1482 nicht verkennen, daß sie ein wirklicher Dichter ver¬
2148 1476 3223 1528 aßt hat. Trotz alledem hätte ich in früherer Zeit Bedenken
2142 1513 3219 1568 getragen, für die Aufführung einzutreten, in der Erwägung,
2142 1553 3229 1608 daß das Publikum derlei Szenen trotz ihrem bichterischen
2143 1585 3218 1643 Gehalt ablehnen werde. Von der Mehrheit des gegen¬
2135 1619 3223 1673 wärtigen Theaterpubiikums ist dies nicht zu befürchten.
2151 1663 3224 1723 on den Intellektuellen nicht, die den
2134 1704 3224 1759 tiefen Sinn dieser Dialoge erfassen werden, am wenigsten von
2145 1741 3223 1793 dem genußsüchtigen, das Prickelnde liebenden Philister,
2142 1782 3221 1840 der seit „Schloß Wetterstein“ mit derlei Vorgängen auf der
2133 1811 3222 1870 Böhne vertraut ist. Bleiben also nur die Prüden, eine
2133 1856 3217 1915 Minorität, der selbst die mindeste Form der Erotik bedenklich
2136 1896 2399 1954 erscheinen wird.
2256 1917 3225 1996 Ganz unbedingt möchte ich aber für die Zulassung nicht
2137 1966 3223 2034 eintreten. Nicht etwa der Dichtung, vielmehr der Darstellung
2141 2016 3228 2070 wegen. Gelingt es dieser, in den heiklen Situationen den
2129 2052 3230 2101 künstlerischen Takt zu bewahren, so ist meines Grachtens
2131 2096 3223 2157 gegen die Aufführung keine Einwendung
2139 2140 3212 2198 zu erheben. Ob hiezu ein amtlicher Auftrag an die
2131 2174 3213 2229 Regie genügt, schauspielerischen Enigleisungen vorzubeugen,
2137 2206 3215 2257 oder ob es erforderlich erscheint, daß vor der Entscheidung eine
2133 2248 3225 2313 Bühnenprobe in Anwesenheit der Zen urorgane stattfinde, muß
2129 2279 2943 2340 dem Ermessen der Behörde überlassen bleiben.
2138 2338 3214 2427 Gatachten des Präsidenten Dr. Friedrich Engel.
2243 2407 3225 2466 Von den zehn Dialogen können die zwei ersten trotz des
2128 2440 3217 2508 gewagten Gegenstandes nicht als unsittlich bezeichnet werden.
2131 2491 3218 2546 Die arme Dirne, das arme Stubenmädchen, die, nachdem der
2130 2528 3222 2591 Mann seine Lust gestillt hat, von ihm roh zurückgestrßen
2134 2574 3211 2626 verden, sind menschlich ergreifende Gestalten.
2129 2608 3209 2677 Auch der dritte und zehnte Dialog verdienen den Vorwurf
2135 2652 3209 2701 unsittlich“ nicht. Im letzten Dialog wird, wie in den
2129 2687 3220 2752 beiden ersten Szenen, ein Bild sozialen und menschlichen
2133 2714 2387 2778 lends entrollt.
2235 2762 3216 2820 Anders steht es um die Dialoge vier bis neun. Sie sind
2124 2796 3208 2871 schlüpfrig, wollen es mit Absicht sein, „witzeln“, um ein Wort
2128 2840 3203 2900 Emmermanns zu gebrauchen, „um den Kehricht herum"
2120 2870 3208 2928 Trotzdem könnte ich mich nicht dazu ent¬
2137 2923 3210 2973 chließen, des halb ein Verbot des Bühnen¬
2117 2961 3208 3016 werkes zu beantragen. Schon wegen der vier früher
2116 3001 3210 3048 erwähnten Dialoge nicht. Aber die unleugbar schlüpfrigen sechs
2119 3033 3213 3093 übrigen Dialoge sind wenigstens mit Geist und Laune vol¬
2127 3076 3207 3126 getragen, so daß man sie, bedenkt man, was alles auf unseren
2123 3111 3211 3168 Bühnen in dieser Ark versucht wird, vom Standpunkt einer
2125 3155 3208 3212 weitherzigen Auffassung immerhin noch erträglich finden kann.
2119 3192 3208 3241 Doch stimme ich mit meinen Herren Kollegen im Zensurbeirat
2127 3231 3207 3286 darin überein, daß bei der Aufführung die Regie mit ganz
2115 3267 3206 3330 besonderem Feingesühl vorgehen und alles ver¬
2119 3306 3198 3363 meiden müßte, was geeignet wäre, das Anstößige des Gegen¬
2129 3345 2731 3401 tandes etwa noch zu unterstreichen.
2235 3374 3201 3434 Die Bedi. gung, daß zur Aufführung nur Erwachsene
2122 3411 3208 3481 Zutritt haben dürfen (siehe das Gutachten des Herrn Statt¬
2123 3468 3203 3513 halters Bicepräsident Tiis), würde ich nicht stellen. An sich wäre
2124 3505 3198 3548 diese Bedingung gewiß der Erörterung wert. Hat doch Goethe
2125 3536 3209 3588 Eckermann gegenüber als das größte Uebel des modernen
2120 3576 3200 3638 Theaters bezeichnet, daß Frauen und unreife Personen Zuiritt
2119 3623 3201 3674 zu ihm haben! Aber da dieser Zutritt nun einmal gestattet
2112 3658 3195 3714 ist, wie teill man ihn im einzelnen Falle verbieten? Soll
2113 3695 3198 3751 etwa die Polizei Besucher, die sie für unreif hält, aus dem
2119 3729 2451 3784 Theater entfernen?
2227 3760 3193 3823 Ich bin also für die Aufführungsbewilligung,
2121 3811 3195 3870 jedoch mit dem von mir gemachten Vorbehalte größter Zurück¬
2111 3852 2863 3911 haltung bei Vorführung der Bühnenbilder.
3263 934 3299 988 p
3268 1189 3314 1237 tic
3271 1339 3313 1409 Lel
3261 1443 3308 1501 flü
3263 1493 3314 1555 sch
3264 1596 3306 1645 kn
3270 1691 3317 1746 ihr
3264 1788 3314 1841 die
3262 1836 3308 1894 jü
3266 1937 3306 1992 un
3256 1982 3306 2036 ihr
3264 2033 3306 2089 51
3260 2136 3317 2189 kon
3253 2182 3319 2236 den
3262 2232 3323 2298 hau
3262 2286 3323 2335 hnn
3257 2326 3332 2384 den
3249 2423 3330 2479 zeit
3250 2472 3327 2533 ben
3247 2519 3322 2589 md
3256 2609 3335 2682 Gell
3248 2723 3328 2776 entb
3246 2767 3326 2827 hern
3256 2818 3328 2879 sehr
3249 2869 3322 2923 liche
3253 2913 3328 2970 Arb
3247 2963 3321 3021 hein
3254 3014 3329 3079 alter
3255 3102 3323 3162 univ
3255 3155 3332 3211 Volk
3257 3253 3328 3319 äler
3249 3351 3315 3406 par
3255 3452 3321 3505 abei
3243 3495 3320 3553 bege
3252 3545 3318 3601 Seit
3236 3593 3313 3655 gegi
3245 3644 3307 3695 mit
3241 3678 3324 3761 helfe
3237 3798 3300 3857 auf
3230 3852 3314 3908 der
3275 399 3309 442 n
3272 531 3314 592 di
3278 223 3316 298 de
3286 296 3319 340 sei
