3444 4320
993 96 1409 201 box 17/5
292 109 807 219 11. Reigen
500 477 623 559 68
1632 487 1977 561 DIE WAGE
2830 503 3085 605 5. U. 1921.
491 621 1788 699 weilten Vorstellung Austrittskarten zu lösen. Es ist also wolll
1835 609 3118 707 ist: Ein namhafter Künstler des Theaters, behutsamer Künstler
489 696 1790 765 eine Zeit, in der ein Dramatiker von Ansehen besonderen
1842 693 3131 769 der Hand noch dort, wo kein unerbittlicher Trieb sie regiert,
490 752 1787 821 Grund hat, seiner alten Sendung um so fester sich bewußt,
1835 756 3128 839 erlaubt die Überschreitung der Grenze zwischen dem Theater
486 815 1794 876 den Gesetzen seiner Kunst und der mit diesen eng verbundenen
1838 812 3120 882 und anderen. beliebteren Vergnügungsorten, während er dem
488 863 1778 954 Aufgabe der Bühne durch jedes neue Hervortreten seine Ehr¬
1834 875 3121 949 Range nach zum Grenzschutz bestellt ist. Die Menge der
483 925 903 997 furcht zu bezeigen.
1832 935 2491 1004 oberen Hunderttausend gröhlt.
582 981 1786 1047 Artur Schnitzler ist ein Dramatiker von Ansehen. Es ist
1923 985 3130 1058 Mag man es immerhin Mißdeutung nennen, wenn sie diese
483 1050 1780 1120 hier nicht zu untersuchen, bis zu welchem Grade dieses An¬
1840 1033 3127 1133 Vorführung nur jener Akte, wegen besucht, die keine Theater¬
485 1120 1780 1180 sehen durch eine dichterische Anschauung gedeckt ist und in¬
1844 1117 3135 1180 akte sind; wenn sie etwa einem freundlichen Kritiker, der den
487 1169 1787 1239 wieweit es auf Momenten außerkünstlerischer Art, etwa stoff¬
1831 1173 3129 1234 „Reigen“ ein Meisterwerk der Gattung nennen würde, in
486 1227 1784 1297 lichen, lokalen, gesellschaftlichen, beruht. Jedenfalls hat das
1834 1230 3123 1303 ihrem Sinne zustimmte: der Torwächter selbst hat, indem
491 1287 1779 1355 Lebenswerk des Dichters in hohem Maße die Fähigkeit, Liebe
1835 1293 3119 1354 er der Aufführung Tor und Tür öffnete, sie jeder Auffassung
492 1349 1793 1426 zu erwecken; jedenfalls sind hier ein repräsentativer Mann
1823 1343 3118 1412 geöffnet. Freilich: so zwiespältig, so in einem tieferen Sinne
491 1401 865 1478 und seine Pflicht.
1830 1415 3130 1497 zweidentig ist dieses Ereignis, daß auch jene Leute nicht auf
567 1460 1771 1527 Dieser Pflicht war Artur Schnitzler, als er zur „Aufführung
1831 1464 3126 1541 ihre Rechnung kommen werden. Die „Flamme“ im Herzen,
490 1527 1782 1596 des „Reigen“ seine Zustimmung gab, nicht eingedenk. Wie
1835 1528 3125 1593 werden sie das Theater betreten und, trotz allem — Artur
490 1578 1782 1658 wäre es sonst zu begreifen, daß der Meister einer Form sich
1828 1577 3121 1656 Schnitzler finden. Keine tragische Berührung allerdings (so
492 1638 1791 1700 einverstanden erklärt mit der theatralischen Vorführung eines
1823 1653 3126 1714 Arges wird ihnen nicht geschehen), auch kein Lustspiel, sondern
498 1696 1773 1764 Werkes, das abseits von dieser Form entstanden ist und sogal
1836 1710 3124 1770 nur Spiele der Lust — aber eben doch Schnitzler. Also auch
498 1765 1781 1838 nach des Urhebers eigenem Zeugnis nic für das Theater (ja
1825 1758 3119 1834 in diesem Lager Enttäuschung! Und von der Bühne der Roland
498 1826 1780 1876 nicht einmal zur Veröffentlichung) bestimmt war? Muß es
1836 1833 3131 1899 werden die Enttäuschten zur Rolandbühne flüchten, worsie
487 1882 1780 1958 det: dramatisch Strebenden, der im Gewirr der falschen und
1828 1887 3121 1966 cher befriedigt werden dürften, wenn man dort nicht gerade
490 1941 1791 2007 unlauteren Aspirationen auf das Theater nach Vollendung ringt,
1825 1945 2963 2020 die „Weihnachtseinkäufe“ von Artur Schnitzler spielt.
483 2001 1789 2066 nicht schmerzlich berühren, wenn er sieht, wie ein so oft als
1914 2001 3115 2077 Schnitzler hat wohl kaum der unvergeßlichen Uraufführung
487 2061 1778 2126 echt und lauter Bewährter im wichtigen Augen¬
1830 2056 3120 2124 der „Büchse der Pandora“ beigewohnt, durch die Karl Kraus
483 2109 1789 2176 blicke sich verleugnet, die Fahne der Innung sinken
1835 2121 3125 2176 dem bis dahin als eine Art Lieber Augustin der Sexualität in
489 2170 1781 2240 läßt und ein anderes, trübes Zeichen aufsteckt? Darin
1823 2174 3125 2251 Kabaretts auftretenden Wedekind die tragische Bühne erschloß.
484 2234 1789 2292 scheint mir der sittliche Fehler dieses Falles — eines Falles
1834 2231 3119 2315 Auch ein Grenzübertritt — doch welch ein Unterschied! Ich
486 2288 1777 2363 in jedem Sinne — zu liegen, daß ein Berufener die Begriffs¬
1840 2296 3110 2374 weiß nicht, mit welchen Erwartungen die Mehrzahl des ge¬
491 2358 1787 2426 verwirrung mehrt, die hinsichtlich dessen, was des Theaters
1834 2356 3121 2440 ladenen Publikums damals ins Theater kam, aber bin Zeuge
485 2415 1707 2475 ist und nicht ist, noch niemals so turbulent war wie jetzt.
1832 2406 3116 2493 der Empfindungen gewesen, mit denen es dieses verließ.
580 2469 1789 2535 Ich habe es bereits eingangs kurz gesagt: Ein Kreis von
1833 2474 3117 2546 Dieser Abend gehört der Literaturgeschichte an. Die Auffüh¬
484 2528 1776 2586 Zwiegesprächen, deren jedes einen Bogen dieses Kreises bildet,
1830 2541 3131 2612 rung des „Reigen“ wird höchstens ein Kapitel der literarischen
492 2581 1780 2656 aber keinen in die dritte Dimension gspannten, alsc drama¬
1830 2584 2323 2663 Sittengeschichte bilden.
486 2639 1792 2705 tischen, gehört nicht auf die Bühne. Diese Dialoge haben ein
1905 2651 3114 2723 Karl Kraus hat selbst einen Reigen geschrieben. Wagen¬
493 2702 1788 2763 Vorher und Nachher, kein gestuftes Hintereinander, einen
1824 2708 3129 2782 knechte tanzen ihn mit Generalstäblern und er heißt: „Die
475 2763 1787 2823 Höhepunkt, der nichts als ein Mittelpunkt ist und übrigens dem
1830 2769 3117 2839 letzten Tage der Menschheit“. Derselbe Theaterleiter, der,
488 2830 1780 2904 Auge des Zuschauers entrückt werden muß, was allein schon
1831 2824 3118 2889 ich zweifle nicht daran, der eigentliche Anstifter der Vorfüh¬
490 2883 1780 2948 ein klarer Beweis für das Bühnenwidrige der ganzen Vor¬
1833 2887 3125 2956 rung des „Reigen“ ist, hat auch nach der Tragödie des Krieges
482 2942 1780 3000 führung ist. Denn ein Höhepunkt, dessen Darstellung im Fallen
1828 2955 3123 3024 seine Hand ausgestreckt. Kraus hat sie nicht ergriffen. Mochte
490 2998 1786 3067 eines Vorhangs oder in der Verdunkelung der Bühne besteht,
1831 2998 3113 3079 ihm für die durch keine Aufführung erreichbare Gewalt seiner
486 3063 1787 3123 ist dramatisch ein Unsinn. Man kann also diesen Reigen im
1828 3067 3109 3136 Szenen bloß ein, kosmisches Theater“ weit genug erscheinen,
495 3123 1773 3188 Wesen ebensowenig aufführen wie eine Novelle, wäre sie auch
1827 3131 3120 3190 mochte dem letzten großen Burgschauspieler der Vortragstisch
483 3185 1786 3250 mono- oder dialogisiert, ebensowenig wie — ganz drastisch
1825 3196 3117 3251 als Bühne genügen — er hat durch diese Haltung auch für
478 3236 1771 3303 gesprochen — den Briefwechsel zwischen Schiller und Gosche
1830 3243 3117 3304 den überlieferten Rahmen des Theaters gewirkt, dem er eine
490 3308 1778 3371 oder die Kritik der reinen Vernunft. Auch ein Gedicht von
1822 3296 3097 3364 Zersprengung ersparte. Er, der „Niederreißer“, hat eine kon¬
486 3361 1768 3422 Rilke ist unaufführbar, und daß es mit der Konstantin in der
1834 3360 3114 3445 servative Pflicht erfüllt. Der bürgerliche Dramatiker hat sie
484 3420 1772 3482 Titelrolle immerhin ein Zugstück werden könnte, vermag
1821 3420 2108 3494 hintangesetzt.
485 3481 1628 3541 meine dramaturgischen Bedenken nicht zu zerstreuen.,
1900 3481 3110 3540 Schnitzler hat Schüler. Ob ihm diese Bezeichnung für
567 3535 1779 3597 Alle diese Einwände hätten, wie man sieht, auch dann
1817 3543 3109 3603 Leute, die seinen Stoff- und Erlebniskreis berauben und oft
483 3585 1781 3668 Geltung, wenn der Gegenstand des „Stückes“ einem dezenten
1832 3597 3108 3674 durch skrupellose Vergröberung bloßstellen, recht ist, weiß
488 3654 1778 3721 Familienprogramm zur Zierde gereichte. Daß im Gegenteil
1822 3654 3101 3722 ich nicht. Er hat diese Erscheinungen jedenfalls niemals öffent¬
479 3711 1764 3775 der „Reigen“ einen schon vor seiner Abfassung ziemlich allge¬
1826 3720 3101 3789 lich abgeschüttelt, was gewiß persönlich vornehm, aber künst¬
488 3782 1775 3828 mein bekannten Inhalt hat, bildete bisher das einzige Argu¬
1817 3777 3103 3839 lerisch nicht gerechtfertigt ist. Diese „Schüler“ hätten jetzt
487 3830 1765 3889 ment der Aufführungsgegner. Aber auch dieser Umstand er.
1818 3833 3108 3913 durch ernsten Einspruch bei dem Manne, dem sie ihre Existenz
485 3906 1768 3983 scheint mir nur deshalb ethisch belangvoll. weil er es ästhetisch
1829 3906 3101 3991 verdanken, ein wenig von dem gutmachen können, was sie
