3484 4224
1060 132 1462 227 box 18/2
353 143 481 227 11.
546 142 864 228 Reigen
346 491 1112 656 Klose & Seidel
356 631 1098 726 Bureau für Zeitungsausschnitte
333 705 1107 793 Berlin IO. 45, Georgenkirchplatz 21!
317 801 1132 931 Don neute Deuhthlang
318 944 505 1026 Zeitung:
738 973 1008 1074 Berlin
319 1060 534 1128 Ort: —
598 1103 912 1217 Restost
333 1158 491 1229 Natum:
519 1187 1156 1289 Dostojewsky und Schnitzler
374 1274 1315 1345 Eine Umfrage der „Vossischen Zeitung“ an einige
372 1340 1307 1395 □ deutsche Erzähler über deren Stellung zu Dosto¬
355 1371 1308 1446 jewsky Hibt Einblicke weniger in Dostojewsky als
355 1432 1306 1487 in die Gerstesverfassung dieser Erzähler. Sie gibt
355 1476 1306 1535 aber auch Einsicht in den Geist einer Epoche, die,
354 1528 1309 1594 obwohl ihrem Wesen nach tragisch, keine tragisch
356 1575 1299 1626 gestimmten Menschen hat. Ungeheure Zusammen¬
356 1626 1303 1697 stürze vor unseren Augen, gigantisches, bisher noch
350 1676 1299 1740 fruchtloses Versuchen einer neuen Weltordnung,
350 1722 1300 1786 Völker und Klassen sich gegeneinander verblutend,
358 1774 1298 1826 grauer Hunger und strotzender Luxus — eine Welt
360 1817 1293 1881 in Aufruhr. Die Menschen aber darin klein, un¬
352 1871 1302 1938 heldisch, an lächerlichen Winzigkeiten hängend, total
360 1925 1304 1975 materialisiert. So ungefähr muß es ausgesehen
350 1964 1294 2029 haben im sterbenden Rom: neue Welt türmte sich
355 2028 1305 2080 auf alte, und die Menschen wußten von nichts.
355 2067 1295 2120 Auch versinkende Kulturen können groß sein, wenn
354 2125 1308 2180 nur die Menschen groß sind, wenn es zeugerische
349 2160 1291 2229 Menschen gibt, die mit unendlicher Hingebung das
563 2210 1300 2275 #ns dem Ehaos herausformen. Sind
349 2229 1296 2339 solche Menschen da, so kann man auch in Unter¬
357 2278 1179 2366 gängen niemals von Untergangszeit reden¬
420 2334 1290 2418 In Sturz und Wirrung und Brandung sucht
342 2383 1294 2465 man heute behäbige oder unbehäbige Vergnügungen.
343 2424 1286 2513 Bourgeois oder Arbeiter, es ist alles gleich: kapi¬
339 2474 1281 2553 talistischer Lebensgenuß das Höchste. Diese Zeit
337 2519 1278 2615 kann keine Tragödie gebären, diese Zeit hat auch
342 2579 1283 2655 nur Erzähler, die entweder künstlich aufgeblasene
340 2619 1275 2702 Ekstatiker sind oder deren letztes Lied die Gemüt¬
330 2675 1277 2755 lichkeit ist und die angenehme Geste. Diese Zeit
324 2714 1270 2804 liebt das Biedermeier, in diese Zeit paßt ein Mann
332 2761 1268 2860 wie Georg Hermann, der liebenswürdige Verfasser
331 2811 714 2891 der Jettchen Gebert.
404 2869 1268 2952 Georg Hermann nun hat sich über Dostojewsky
329 2924 1270 2991 geäußert, und man kann sich denken, was heraus¬
323 2977 1275 3046 gekommen ist. Offen ist er wenigstens, dieser nette
1430 1277 2389 1357 Poet, und das ist sehr viel erfreulicher, als wenn
1432 1344 2382 1397 er einen pathetischen und dabei nichtssagenden
1430 1384 2376 1460 Summs machte wie Bernhard Kellermann. Für
1436 1430 2372 1508 Hermann ist Dostojewsky immer eine Speise ge¬
1435 1488 2370 1555 wesen, die er nicht genießen konnte. „Mich inter¬
1435 1527 2370 1610 essieren auch keine Mörder. Ein anständiger Mensch
1434 1587 2376 1642 mordet nicht.“ Und weiter: „Dostojewsky mag ein
1421 1630 2368 1700 Riese sein — aber ein Künstler ist er nicht. Ich
1433 1673 2365 1756 komme und komme über das Kolportagehafte seines
1430 1721 2369 1800 Stils, das Kolportagehafte seiner Mache nicht
1415 1773 1570 1832 hinweg.
1506 1825 2373 1897 Ungeheuer charakteristisch solche Außerung. Der
1417 1874 2376 1944 Mann des Alltags gegen den außergewöhnlichen
1420 1920 2362 2001 Menschen. Es schauert ihn vor dem Außer¬
1418 1974 2374 2051 gewöhnlichen. Der große Künstler aber schauert
1428 2021 2369 2096 beim Außergewöhnlichen. Alle Zeiten, die wußten,
1419 2067 2366 2145 wie Tragödie wächst, haben so gefühlt, alle, die
1413 2115 2364 2199 wußten, daß nur aus dem auf letzte Formel ge¬
1409 2163 2366 2233 brachten Kampf furchtbarste und fruchtbarste Er¬
1417 2226 2373 2291 griffenheit wird. Der anständige Mensch mordet
1406 2271 2354 2345 nicht im Leben. Aber er mordet in der Tragödie.
1394 2313 2364 2380 Es zeugt von all dem gottverlassenen Realismus
1405 2363 2354 2440 des neunzehnten Jahrhunderts, wenn man die aus¬
1411 2423 2353 2475 gleichenden Gesetze unserer Zivilisation einfach über¬
1420 2468 2349 2540 trägt auf die Kunst und wenn man eine Kunst
1406 2505 2359 2571 die der Zivilisation nicht entspricht, Kolportage be¬
1415 2572 2364 2628 nennt. Was im Leben applaniert wird hat die
1405 2618 2360 2684 Kunst darzustellen in aller Schärfe, das ist ihre
1411 2662 2346 2729 tiefere Wahrheit. Die Abgründe hat sie zu öffnen,
1410 2707 2344 2782 daß wir erschauernd stehen vor so viel Mensch¬
1415 2759 2358 2836 lich Übermenschlichem. Dostojewsky hat es ver¬
1405 2809 1528 2867 mocht.
1490 2850 2347 2929 Heute jedoch zerrt man aus Geschäftsgründen
1404 2896 2353 2967 Nichtigkeiten auf die Bühne, die angeblich Abgründe
1403 2962 2354 3030 eröffnen, in Wirklichkeit aber nur die erotischen
1412 3002 2345 3071 Triebchen als Vorfreude für den Abschluß des
1402 3051 2344 3128 Abends kitzeln. Eine solche Nichtigkeit Schnitzlers
1407 3097 2342 3179 Reigen, um den man jetzt einen großen Prozeß ge¬
1392 3155 2351 3225 führt hat. Die Sachverständigen, die um Himmels¬
1397 3206 2223 3279 willen nur nicht unmodern scheinen wollten
1399 3240 2340 3325 würden sich ja sonst jeden Kredit nehmen in Ber¬
1393 3296 2343 3373 Ain W! —, die Sachverständigen haben den Reigen
1403 3339 2336 3416 für ein großes Kunstwerk erklärt. Aber er ist nicht
1405 3392 2341 3468 mehr als eine wienerische Gefälligkeit mit papri¬
1394 3443 2334 3522 zierter Pointe, ungarisch=wienerisch, vorausgeahntes
1408 3493 2337 3566 Gemisch von Molnar und Felix Salten. Nur einem
1394 3543 2341 3618 ganz Blöden werden die Veranstalter der Auffüh¬
1404 3598 2339 3666 rung einreden können daß die Sache aus künst¬
1399 3645 2339 3712 lerischen Gründen gegeben wurde. Eine kapitali¬
1394 3690 2332 3758 stische Angelegenheit, weiter nichts. Daß auch die
1389 3743 2328 3816 sozialistische Presse, ja gerade sie, so eifrig für den
1385 3793 2329 3869 Reigen eintrat, zeigt die kapitalistische Verseuchung
1389 3837 2328 3916 auch dieser Kreise. Man echauffiert sich „um der
1386 3888 2325 3974 Freiheit der Kunst willen“ für einen geschickt ge¬
1390 3933 1754 4009 machten Schmarren.
2492 1295 3375 1380 Darüber kommt nur der wirkliche Künstler zu
2426 1355 3375 1426 kurz, alle diese Stücke nehmen ihm Licht und Luft,
2427 1400 3374 1479 und er hat deshalb gar keinen Anlaß, sich für sie
2429 1456 3372 1532 einzusetzen, wenn er natürlich auch den Veranstal¬
2423 1503 3364 1572 tern nicht gerade Gefängnis wünschen wird. Einer
2423 1549 3372 1628 der Sachverständigen behauptete mit erheblichem Auf¬
2429 1604 3364 1673 wand an Lungenkraft: „Wahre Kunst ist immer
2419 1660 3369 1723 moralisch, eine unmoralische Kunst gibt es nicht.“
2417 1699 3376 1773 Das ist ebenso absolut richtig, wie es eine absolute
2430 1745 3366 1823 Trivialität ist. Himmel und Hölle und noch einiges
2420 1810 3364 1866 mehr soll der wirkliche Künstler in sein Werk
2416 1857 3375 1924 zwingen. Es gibt schlechterdings für ihn keine
2422 1900 3365 1972 Grenzen. Aber die Frage ist nur, wo denn das
2424 1947 3370 2012 Kunstwerk beginnt. Erst wo der große Schauer
2425 2000 3364 2060 anfängt — und der ist auch möglich mitten in der
2416 2045 3099 2112 tollsten Komödie — da hebt es an.
2491 2095 3365 2166 Lächerlich, so etwas vom Reigen auch nur zu
2408 2155 3365 2218 erwarten. Aber selbst angenommen, er sei ein
2420 2187 3358 2264 Kunstwerk — kommt es nicht auch darauf an, mit
2416 2236 3364 2312 welchen Gefühlen und mit welcher Absicht man es
2406 2292 3381 2353 darbietet? Die Aufführung soll eher langweilig
2410 2350 3321 2412 gewesen sein als pikant. Ich habe sie nicht—
2419 2394 3362 2451 ehen, da ich nicht gern Zeit verjuxe und da mir
2411 2438 3357 2513 die Lektüre vor fünfzehn Jahren vollkommen ge¬
2404 2492 3358 2560 nügt hat. Ist aber in der Tat die Aufführung
2411 2534 3346 2606 langweilig gewesen, so beweist das nur den Tief¬
2408 2582 3360 2661 stand der Berliner Schauspielkunst. Es läßt sich
2414 2636 3342 2703 schon aus dem Schnitzler allerhand herausholen,
2410 2689 3350 2756 und es kann doch auch gar kein Zweifel sein, daß
2403 2729 3355 2808 die Direktorenfirma keine Langeweile beabsichtigt hat.
2400 2785 3354 2852 Sie wollte ein paar hundert Aufführungen — Blüte
2403 2825 2802 2895 des Geschäftstheaters.
2476 2870 3343 2941 Und das ist es gerade: die paar hundert Auf¬
2406 2931 3338 2997 führungen. Ich nehme nicht gern das Wort Un¬
2403 2980 3342 3052 sittlichkeit in den Mund, weil es vom braven
2399 3028 3342 3102 Bürgertum verhunzt worden ist. Unsittlichkeit er¬
2399 3074 3340 3147 innert an Jungfrauenvereine. Aber gehen wir ein¬
2407 3129 3331 3199 nal auf ein unbürgerliches, rein künstlerisches Emp¬
2399 3169 3336 3251 finden zurück, so ist unsirtlich alles das, was kleine
2393 3233 3337 3295 vertuschelte Gefühlchen auslöst, aber nicht die großen
2397 3276 3341 3345 Gefühle. Unsittlich in diesem Sinne kann die größte
2393 3320 3334 3396 Kunst wirken, wenn sie unsittlich dargeboten wird.
2397 3374 3323 3439 Das hat also mit dem Kunstwerk garnichts zu tun
2392 3418 3339 3493 Hier liegt der Kardinalfehler aller Sachverständigen.
2391 3475 3342 3535 Goethes „Tagebuch“ kann den reinsten und kann
2397 3528 3333 3596 den gemeinsten Eindruck machen. Das hängt ganz
2388 3564 3323 3640 ab vom Willen der Darbietenden und der Form
2386 3612 3326 3684 der Darbietung. Goethes „Tagebuch“, an hundert
2390 3659 3273 3734 Abenden vor hunderttausend Menschen gelesen
2389 3715 3334 3780 wer zweifelt, was die Absicht war? Hätte der
2384 3767 3331 3831 Herr Direktor und die Frau Direktorin des Kleinen
2396 3816 3330 3887 Schauspielhauses in Berlin den Reigen statt als
2382 3865 3320 3935 Repertoirestück, statt als tägliches Futter einige
2392 3905 3315 3987 Male als Sache für sich gegeben, so hätte alles
2381 3961 2723 4021 anders ausgesehen.
