3484 4256
323 193 401 270 11
1021 196 1438 297 box 18/2
501 207 838 299 Reigen
714 780 1074 964 Die
1066 802 3072 963 zeugenaussagen im „Reigen“=Drozeß.
1905 963 3091 1023 Aergernis bei ihnen erregt worden sei. Die Zeugin, Lehrerin Fräu¬
918 981 1643 1067 Was die Frauen sagen.
1905 1021 3088 1064 lein Teusch, Mitglied des Reichstags, hält das Stück für unzuchtig,
1904 1057 3079 1101 da das Spiel auf der Bühne den Geschlechtsverkehr als Folge des
744 1052 1888 1128 Im Prozeß gegen Direktor, Regisseur und Darsteller der
1917 1080 3087 1143 sinnlichen Treibens zu deutlich vorführe. Besonders das fünfte Bild,
687 1089 1871 1177 „Reigen“=Aufführung im Kleinen Schauspielhaus
1907 1130 3075 1180 die Unterhaltung zwischen den Eheleuten, habe abstoßend auf sie ge¬
680 1150 1415 1209 wurde die Zeugenvernehmung fortgesetzt.
1914 1166 2021 1212 wirkt.
2019 1181 3080 1220 In der Darstellung, die allerdings hart an die zu¬
746 1186 1872 1254 Die Zeugin Frau Doris Wittner hat weder bei ihrem Besuch
1914 1207 3082 1274 lälssige Grenze streift, hat die Zeugin Unzüchtiges nicht heraus¬
688 1230 1867 1284 der Première, noch gestern Aergernis genommen, noch begriffen, wie
1901 1243 2080 1301 gefunden.
695 1273 1873 1321 an dem Werk Anstoß genommen werden könne. Der 72 jährige Kauf¬
1956 1272 3080 1332 Die Zeugin Fräulein Gulke, Vorsitzende des Landesverbandes
686 1314 1872 1360 mann Köhne ist mit seiner Frau auf Verabredung mit anderen, die
1910 1307 3086 1365 preußischer Volksschullehrerinnen, hat gleichfalls Aergernis an dem
687 1349 1803 1403 einen Protest erlassen wollten, im August in eine Aufführung
1904 1360 3092 1409 Stück genommen. Auf die Jugend müsse ein solches Stück verwirrend
1791 1359 1874 1400 des
683 1387 1866 1435 Reigen“ gekommen. Seine Frau ist Vorstandsmitglied des
1902 1396 3085 1444 wirken, denn die Jugend, die das Stück sieht, müsse zu der Ansicht
692 1424 1866 1478 Berliner Frauenvereins gegen den Alkoholismus.
1902 1432 2528 1489 kommen: so sei das Leben wirklich.
689 1458 1869 1509 Die moralische Tendenz des Stückes sei nicht wirksam; es möge
1946 1458 2464 1515 Der Zeuge Lebius, der
2825 1449 3083 1521 Verleger der
2460 1448 2791 1531 Herausgeber und
693 1501 1866 1546 vielleicht auf den gereiften, willensstarken Menschen abschreckend
1898 1497 3072 1543 „Staatsbürger Zeitung" bezeichnet sich als Nationaldemo¬
686 1530 1867 1585 wirken, aber auf die Jugend wirke es demoralisierend. Er sei be¬
1903 1543 3086 1593 krat. Er sei Republikaner und Freidenker und habe bei Anhörung
688 1573 1866 1620 drückt gewesen über den Schmutz, der hier öffentlich hervorgezogen
1900 1580 3081 1629 des Stückes aus ästhetischen und politischen Gründen die Empfindung
681 1611 1866 1659 werde, und es sei jammervoll, daß vor so zahlreichen, anwesenden
1906 1622 3079 1665 gehabt: Wenn die Republik das duldet, bringt sie sich um ihren
692 1647 1821 1694 jungen Paaren ein Ehebruch nach dem anderen vorgeführt werde.
1903 1652 3086 1702 guten Namen. Als die Szenen sich abrollten, habe ihm geradezu der
683 1681 1866 1733 Die Zeugin Frau Köhne äußert sich ähnlich wie ihr vernommener
1908 1690 3081 1741 Athem gestockt, denn neben ihm hätten zwei junge Mädchen im
696 1724 1859 1770 Ehemann über die Stellen, an denen sie Anstoß genommen hat. Be¬
1907 1730 3075 1777 Alter von 15 bis 16 Jahren gesessen. Er habe vor dem Stück einen
692 1761 1866 1815 sonderes Aergernis hat es ihr bereitet, daß die sexuelle Entwicklung
1902 1767 3072 1811 solchen Abscheu empfunden, daß er sich die letzten Bilder schenkte.
695 1798 1755 1851 der Dinge in zehnmaliger Wiederholung dargestellt wird.
1901 1803 3087 1849 Er habe sich auch noch an einen Logenschließer gewendet und dieser
683 1836 1780 1878 Theater solle eine Stätte der Erholung und seelischen Erhebung
1900 1843 3076 1891 habe ihn gewarnt und gesagt: „Nehmen Sie sich in Acht.
693 1861 1874 1916 hier aber werden nur Ausschreitungen des finnlichen Gefühlslebens
1903 1879 3086 1926 bei dem geringsten Zeichen des Mißfalls werden
687 1910 1867 1954 vor Augen geführt. Der Darstellung wirft die Zeugin nur vor, daß
1901 1915 2968 1970 Sie verhaftet und schließlich noch verhauen!
687 1933 1867 1989 sie zu natürlich und gewissermaßen selbsiverständlich sich gebe. Die
1953 1938 3077 2007 Auf Vorhalt des Rechtsanwalts Heine bestätigt der Zeuge, daß
684 1982 1872 2029 Zeugin Frau Rektorin Christ, Vorsitzende des Vereins Berliner
1898 1992 3071 2044 er seinerzeit gegen die Sozialdemokratie, die gelbe Arbeiterbewegung
681 2019 1861 2069 Lehrerinnen, hat den Protest gegen die Aufführung des Stückes
1889 2028 3073 2087 organisiert habe. Seitdem er von der Sozialdemokratie weg sei, fei
691 2057 1869 2099 unterschrieben; das Werk habe keinerlei erzieherischen Wert, das
1888 2065 2314 2108 er Nationaldemokrat.
2309 2067 3071 2114 Von seinem politischen Standpunkte müsse
685 2091 1858 2136 Gegenteil von erzieherischer Wirkung sei festzustellen. Die Lehrerin
1891 2102 3070 2169 er solche Vorführungen als das Volk entsittlichend bezeichnen und
686 2119 1867 2167 Fräulein Grade erklärt den ganzen Inhalt des „Reigen“ für un¬
1888 2130 2075 2190 bekämpfen.
687 2166 1860 2213 künstlerisch und unsittlich. Sie hat andere Stücke, in denen auch
1948 2160 3072 2230 Die Studienrätin Fräulein Scheidel, Vorsitzende des Ver¬
678 2189 1861 2242 sexuelle Dinge behandelt wurden, wie „Rose Berndt“, „Fuhr¬
1898 2201 3071 2268 bandes der akademisch gebildeten Lehrerinnen Berlins, hat den Protest
691 2237 1856 2280 mann Hentschel", „Nachtasyl“ gesehen dort würden aber
1903 2252 3067 2303 gegen die Aufführung des Stückes unterschrieben. In ähnlicher Weise
683 2273 1861 2320 diese Dinge denn doch ganz anders behandelt. Zu denen, die großes
1896 2286 3074 2339 wie die letzten Vorzeugen äußern sich noch weitere Zeugen, die An¬
686 2298 1864 2357 Aergernis genommen haben, gehörten auch der Zeuge Regierungs¬
1901 2324 3075 2382 stoß an dem Stück genommen und den bei dem Buchhändler Warthe¬
675 2344 1861 2391 und Baurat Biermann, Mitglied der christlichen Studentenver¬
1896 2364 3086 2426 mann ausliegenden Protest unterschrieben haben. Justizrat Dr.
677 2387 1781 2435 einigung und christlichen Studentenweltbundes, und Zeuge
1899 2397 3075 2465 Rosenberger stellt bei einem dieser Zeugen fest, daß er den
678 2412 1858 2470 Schreiber, Theologe und Vorsitzender der deutsch=evangelischen
1891 2434 2995 2496 Protest unterschrieben habe, bevor er das Stück gesehen habe.
678 2454 1789 2505 Mission für Fragen der Volkssittlichkeit. Dieser hat Anstoß
1940 2462 3069 2529 Als Zeuge wird auch der Landgerichtsdirektor Geheimrat Bock
683 2490 1801 2535 nommen als Deutscher Preuße und Berliner, denn
1894 2482 3077 2560 vernommen, der Vorsitzender der Zivilkammer war, vor der die
681 2526 1861 2598 Wien, München, Dresden sei die Aufführung des Stückes unmöglich
1900 2544 3079 2611 Entscheidung über die beantragte richterliche Verfügung
676 2564 976 2626 gemacht worden.
1890 2588 3074 2643 ergangen war. Er ist als Vorstandsmitglied des Deutschen Opern¬
717 2593 1861 2657 Bei vielen dieser Zeugenaussagen greifen die Rechtsanw. Heine
1887 2622 3073 2680 hauses mit der Bühnentechnik vollständig vertraut. Der Zeuge hat
672 2644 1860 2692 und Justizrat Dr. Rosenberger sowie der Angekl. Direktor
1887 2658 3076 2721 vor der Fällung der Entscheidung der Aufführung beigewohnt und
677 2685 1865 2731 Sladek wiederholt mit Vorhaltungen an die Zeugen ein. Speziell
1894 2697 3067 2753 sehr genau die Einzelheiten in bezug auf die Szenerie, die Dar¬
670 2721 1865 2769 wird vom Rechtsanw. Heine immer wieder festzustellen versucht,
1889 2731 3078 2795 stellung und die Kostüme beobachtet und nach diesen drei Richtungen
679 2760 1855 2814 daß einzelnen von ihnen bekannt gewesen sei, daß der viel erwähnte
1898 2770 3071 2824 nichts Anstößiges gefunden. Ueber das Werk als solches
681 2795 1859 2842 Theaterskandal am ?2 Februar losgehen sollte, und daß sie
1893 2807 3069 2864 könne er hier nicht aussagen, da er bei der Zivilkammer mitgewirkt und
677 2831 1865 2876 aus diesem Grunde in das Theater gegangen seien. Der Verteidiger
1893 2847 3069 2901 deshalb nicht als Sachverständiger fungieren könne. Die Beisitzer der
676 2868 1852 2913 behauptet, daß die bei dieser Gelegenheit geworfenen Stink¬
1881 2884 3074 2940 Kammer haben gleichfalls einer Aufführung beigewohnt. In der Szene
677 2906 1853 2956 bomben von den Plätzen ausgegangen sein müssen, wo die Zeugen
1894 2930 3075 2982 „Die Schauspielerin und der Graf“ habe er weder in
677 2930 1858 2985 Platz genommen hatten. Die Zeugen bestreiten, ihrerseits an dem
1894 2960 3072 3010 den Gesten, noch in der Körperlage, noch in dem Kostüm der Schau¬
673 2977 1856 3019 Radau teilgenommen oder gar die Stinkbomben geworfen zu haben.
1906 3000 3074 3050 pielerin Anstößiges bemerkt, auch die Steigerung bis zum Fallen
678 3011 1851 3063 Rechtsanw. Heine bringt noch Einzelheiten über den Ausbruch
1898 3035 3067 3093 des Vorhanges sei nicht obskön, beispielsweise gehe sie im Venusberg
663 3045 1764 3092 des Theaterskandals und dessen Verlauf zur Sprache.
1766 3049 1853 3099 Zu
1885 3074 3070 3132 bei Richard Wagner noch weiter. Was die Darstellung betrifft, so
673 3085 1853 3132 den damals durch die Polizei Verhafteten gehörte auch der
1887 3111 3071 3173 hat weder in der ersten Vorstellung, die er gesehen, noch sonst irgend¬
665 3124 1857 3168 Lehrer Siebert, der auf die Polizeiwache gebracht und 24 Stun¬
1894 3153 3067 3207 einer der Darsteller Gesten gemacht, die an Vorgänge hinter dem
674 3164 1859 3206 den in Einzelhaft gehalten wurde. Der Zeuge hat einen Ekeler¬
1888 3190 3066 3235 Vorhang erinnerten. Gegenteilige Wahrnehmungen
663 3183 1849 3247 regenden Eindruck empfangen. Auch Frau Hauptmann
1886 3230 3059 3272 einzelner Zeugen halte er nicht für zutreffend.
663 3234 1854 3275 Müller Mitglied des Völkischen Schutz= und Trutz¬
1895 3256 3060 3317 Was den angeblichen, die Lüsternheit befördernden Rhythmus
669 3269 1857 3318 bündnisses, des „Herold“, des „Aufrechten“, des Deut¬
1886 3304 3064 3353 der Musik betrifft, so sei ihm völlig unverständlich, wie der
670 3306 1858 3361 schen Offizierbundes, des Verbandes deutschenatio¬
1889 3334 3069 3389 Rhythmus einer Musik auf gewisse Vorgänge delikater Art hindeuten
671 3351 1854 3403 naler Soldaten usw. hat gewußt, daß am 22. Februar das
1884 3380 1985 3436 kann.
676 3386 1857 3436 Kleine Schauspielhaus ausgeräuchert" werden solle und ist
1930 3404 3062 3481 Nach der Vernehmung dieses Zengen wird die Verhandlung auf
666 3430 1861 3472 auf ein selbstbezahltes Billett in die Vorstellung gegangen, um zu
1884 3442 2477 3518 Donnerstag, 9 Uhr, vertagt.
672 3457 1842 3510 sehen. „wie das deutsche Volk sich diesem Stücke gegenüber verhält.
670 3501 1855 3547 Direktor Sladek behauptet, daß diese Zeugin im Foyer großen
663 3523 1851 3583 Lärm gemacht und mehrfach geschrien habe: „Das verdanken
2090 3545 2842 3625 Mordversuch an der Mutter.
674 3577 1854 3621 wir diesen Judenbengels! Das wäre ja noch schöner, wenn
1215 3601 1261 3639 112
666 3609 1849 3659 wir uns so etwas gefallen lassen!" usw. Die Zeugin erklärt dies, für
2072 3609 2872 3688 Der Sohn und seine Geliebte verhaftet.
662 3649 1855 3699 unwahr, hält es aber für durchaus begreiflich, daß sich das deutsche
1927 3674 3051 3736 Ein Verbrechen hat sich gestern nachmittag im Hause
671 3689 1859 3736 Volk eine so bodenlose Schweinerei nicht mehr gefallen
668 3726 1851 3775 lasse. Auf Vorhalt gibt die Zeugin zu, daß sie gestern ihre beiden
1878 3718 3052 3778 Linienstraße 195a zugetragen. Dort wohnte bei seiner Mutter,
660 3763 1853 3805 21= und 20jährig en Söhne unbefugt mit in die nicht¬
1885 3768 3058 3820 der 47 Jahre alten Witwe Minna Cagacki, der 19 Jchre alte
667 3795 1858 3847 öffentliche Vorstellung genommen habe. Ihr ältester Sohn sei im
1878 3794 3061 3864 Arbeiter Franz Cagacki. Der junge Mann war auf die schiefe
662 3833 1847 3880 Kriege Offizier gewesen und beide Söhne, die doch zu der Generation
1878 3848 3054 3905 Bahn gekommen und hatte der Mutter, die in der Markihalle in der
672 3878 1853 3925 gehören, die das Deutschland der Zukunft repräsentiert und deutsches
1885 3885 3048 3943 Ackerstraße einen Stand hat, schon oft Sorgen gemacht. Als die
673 3907 1851 3957 Wesen und deutsche Ehre hochhalten soll, hätten ein lebhaftes Inter¬
1874 3924 3057 3991 Mutter gestern nachmitag aus der Halle nach Hause kam, mußte sie
665 3953 1846 4013 esse daran gehabt, dieses Stück kennen zu lernen und sich selbst ein
1880 3975 3048 4024 ihm wieder Vorwürfe machen. Darauf schlug er mit seiner Ge¬
657 3985 1081 4046 Bild davon zu machen.
1876 4015 3049 4067 liebten, der 17jährigen Gertrud Jubs, die er in der Wohnung ver¬
732 4002 1853 4068 Der Vorsitzende, Landgerichtsdirekior Brennhausen, betont
1860 4060 3046 4116 borgen gehalten hatte, die Mutter nieder. Die Niedergeschlagene
663 4051 1833 4106 bei der Vernehmung der Zeugen immer wieder, daß es darauf a“
664 4101 1850 4165 komme, durch welche unzüchtigen Handlungen der Angeklagien.
1874 4101 3059 4163 katte jedoch noch nicht die Besinnung vorloren und versuchte sich
3126 816 3205 869 zu
3119 855 3234 911 schni
3112 943 3224 997 ihr S
3110 983 3240 1041 und b
3110 1030 3228 1082 geld a
3111 1067 3240 1122 zu kau
3114 1112 3235 1166 Inzwi
3119 1187 3243 1246 und so
3119 1239 3240 1291 andere
3119 1279 3230 1328 Poli
3111 1320 3241 1382 und de
3175 1405 3246 1480 *
3160 1573 3238 1634 Die
3115 1621 3254 1681 pelsd
3114 1668 3249 1723 gericht:
3106 1712 3241 1764 14. Fe¬
3106 1748 3243 1803 bei Lä¬
3111 1792 3221 1846 Scha
3106 1837 3234 1888 weilte,
3104 1882 3241 1939 Verdad
3104 1922 3232 1975 bate
3102 1965 3242 2019 Grup
3105 2006 3249 2065 ist Ani
3113 2048 3240 2101 keits
3107 2091 3234 2145 handlu
3115 2135 3237 2230 relen
3105 2218 3244 2271 haben d
3099 2298 3256 2356 Breslau
3104 2346 3258 2400 licher un
3108 2389 3252 2441 Moment
3097 2430 3264 2497 zehn Te
3150 2492 3254 2562 Die
3112 2535 3258 2602 Wannse
3102 2595 3251 2650 abgesuch
3099 2639 3259 2684 die Leic
3103 2671 3270 2738 straße 2
3099 2713 3261 2771 Fraue
3104 2759 3270 2814 Frau V.
3102 2802 3262 2859 Leiche w
3104 2837 3234 2904 Marie
3220 2846 3277 2914 9
3230 3037 3278 3100 3
3141 3094 3277 3158 Der o##
3099 3126 3273 3203 aufgetrete
3089 3192 3281 3253 angerichte,
3098 3231 3276 3289 graphe
3088 3272 3279 3327 daß Ber
3094 3315 3281 3369 ist. Von¬
3101 3352 3272 3414 sprechverk
3094 3400 3278 3458 Fernspres
3101 3440 3282 3493 Inlano¬
3096 3477 3275 3542 führenden
3088 3525 3233 3580 gezogen.
3083 3548 3289 3617 der Spre
3082 3606 3293 3661 zum Teil si
3091 3651 3287 3702 Wür zburg)
3084 3688 3291 3749 die Leitung
3086 3733 3295 3792 Mülheim,
3091 3770 3297 3826 kirchen, Kol
3089 3815 3295 3875 Mehrzahl d
3084 3855 3272 3909 gen. Im
3085 3885 3298 3957 die Verstänk
3076 3943 3303 4005 Kopenhagen.
3141 3985 3293 4030 Ueber die
3089 4018 3303 4080 Privat=Teleg
3123 4068 3302 4120 Der Orkt
3160 4108 3205 4145 7
3219 4107 3303 4164 tankt
