3444 4320
295 163 381 251 1 1
332 1581 404 1660 3
386 1589 418 1619 —
409 1576 452 1674 3
995 162 1414 255 box 17/5
490 170 805 262 Reigen
1145 1049 1205 1103 34
759 1054 840 1105 an ge
467 1049 1397 1164 Theater, #mns und Wissenschaft
466 1145 1393 1243 Ehnihlens  Denischen Volkschenter.
751 1198 1347 1287 Dr. O. B. Wien, 31. Icfikr.
548 1251 1392 1344 In den Kammerspielen des Teutschen, Volls¬
473 1318 1389 1387 heaters wurde Artur Schnitzlers Szingreihe
488 1363 1380 1425 Reigen“ zum erstenmale dargestellt. Def Auf¬
479 1400 1389 1477 üihrung waren nicht wie in Berlin Kämpfe vor¬
1286 1446 1390 1504 Probe
482 1460 1258 1513 ingegangen. Der Zensurbeirat, der einer
474 1489 1388 1567 tollzählig beiwehnte, hatte sich vielmehr mit Stim¬
482 1534 1403 1601 Zenmehrheit für die Zulassung der öffeitlichen
482 1575 1400 1650 Vorführung ausgesprochen. Ob damit das Expe¬
478 1619 1397 1694 Ement künstlerisch zu rechtfertigen ist, bleibt gleich¬
488 1666 1399 1737 vohl eine offene Frage. Gerade die wärmsten
478 1703 1401 1773 Aerehrer der Schnitzlerschen Muse hätten lieber
489 1747 1410 1828 Bsehen, wenn der Dichter seinem ersten, sichtlich
506 1797 1404 1877 chtigen Gefühle gefolgt wäre und der an ihn
503 1838 1392 1918 Krantretenden Verjuchung trot lockendster Argu
507 1887 1397 1952 iente widerstanden hätte. „Reigen“ ist zweifel¬
503 1924 1410 1994 is in seiner Art ein Meisterwerk, aber ebenso
514 1972 1407 2037 bwiß wird er von den Direktoren und dem Pu¬
515 2016 1394 2083 kikum nicht um seiner künstlerischen Vorzüge wil¬
518 2058 1401 2124 n umworben, sondern erhesster pilanter Wir¬
506 2091 1410 2172 singen wegen, die übrigens durch die Beibehal¬
522 2146 1396 2212 ing der Berliner Inszenierung. nämlich Verdun
529 2189 1431 2267 lung der Bühne im kritischen Augenblicke, hinter
485 2409 1401 2479 den gehegten Erwartungen zurückbleiben. Die
484 2453 1403 2526 Kammerspiele brachten den „Reigen gut zur
485 2496 1399 2566 Darstellung. Besonders die Tomen Keller,
484 2536 1396 2613 Karlhans und Olly und die Herrer
481 2574 1417 2654 Ewald, Lackner und Ziegler machten sich
484 2619 1412 2704 um die Aufführung verdient. Die Kammerspiele
485 2673 1408 2759 werden im „Reigen“ sicherlich ein Zugstück ge¬
480 2738 644 2805 winnen.
1789 1969 1829 2037 2
1765 2029 1833 2105 7
2275 1078 2751 1207 Feuilleton.
2175 1254 2858 1350 Schnitzlers „Reigen“.
2081 1336 2931 1413 Zur Generalpköbe in den Kammerspielen.
2018 1387 3084 1462 Die Dirne und der Soldat; der Soldat und das Stuben¬
1922 1446 3081 1513 mädchen; das Stubenmädchen und der junge Herr; der junge
1914 1499 3080 1550 Herr und die verheiratete Frau; die verheiratete Frau und der
1922 1548 3077 1603 Gatte; der Gatte und das süße Mädel; das süße Mädel und
1921 1584 3073 1643 der Dichter; der Dichter und die Schauspielerin; die Schau
1922 1637 3077 1689 spielerin und der Graf; der Graf und wieder die Dirne: so
1927 1678 3090 1731 fassen sie sich bei den Händen und schlingen atemlos den Reigen
1916 1725 3087 1777 der Begier. Das alte und ewig neue Spiel des Fleisches führt
1918 1771 3077 1824 sie zusammen; nach kurzer Zeit, mitten noch in ihren festen
1923 1820 3082 1873 festen Umarmungen, lassen sie sich wieder, und jedes bleibt
1922 1863 2737 1913 allein; fremd, gleichgültig und fast feindlich.
2021 1906 3071 1967 Es möchte keiner sich vom Leben prellen lassen; st
1915 1962 3077 2017 haschen sie blindlings und unermüdlich immer von neuem nach
1918 2009 3077 2057 immer neuen Händen, die sich dir trügerisch entgegenstrecken in
1914 2050 3080 2109 dem ewigen Reigen um die Illusion. Bald ist es eine heisere
1912 2101 3073 2155 Straßendirne, bald ein Graf in glänzender Kavallerieuniform
1923 2147 3083 2195 bald eine „anständige Frau“, bald ein armer Komödiant von
1916 2192 3085 2246 einem „Dichter“; was tun die Lebensbedingungen, der Beruf,
1917 2237 3079 2288 die Vorurteile, die sozialen Lügen, kurz: was tun die inneren
1913 2282 3076 2335 und äußeren Umstände eines Schicksals zur Sache! Es will
1911 2323 3070 2379 sich keiner vom Leben betrügen lassen; und doch bleibt keiner
1922 2374 3081 2425 zurük, nicht die Dirne in der nächtlichen Praterau und nicht
1914 2414 3086 2475 der gepflegte Graf in dem parfümierten Boudoir, der nicht mit
1910 2462 3086 2516 eigenen Händen im Reigen dem Leben sie Kränze aller holden
1900 2509 3075 2559 Illusionen von der Stirn gerissen hätte. Die einen sind er¬
1912 2555 3073 2610 staunt, die andern tun empört, die Klugen lächeln resigniert;
1907 2601 3069 2654 auf sie alle wartet nach dem Reigen die gleiche große Ent¬
1915 2644 3075 2697 deckung: daß der Mensch ein Tier ist, daß es kein menschliches
1910 2691 3076 2742 Glück gibt, es sei denn jenes, das mancher von uns versiegelt in
1913 2736 3069 2787 sich trägt, daß uns von allen sogenannten „Freuden des
1907 2784 3076 2842 Lebens“ nichts zurückbleibt als schaler Ekel und Bitterkeit auf
1904 2835 3078 2888 der Zunge; gleich dunklen, vergifteten Früchten, in denen der
1908 2873 3003 2926 Tod von Anbeginn, vom ersten Keimen an eingeschlossen.
3195 1045 3329 1131 Mitten
3108 1092 3293 1174 Rhythmus
3103 1163 3308 1218 samen Weg
3104 1206 3302 1267 je nachgesp
3108 1251 3332 1317 ob er nun a
3111 1300 3303 1356 auf längst
3107 1346 3322 1403 samen Ver
3114 1388 3325 1452 oder ob er
3111 1436 3334 1503 tauchte. Vo
3119 1485 3336 1541 wachen Aus
3119 1530 3337 1591 Traum, den
3110 1576 3329 1636 die keine
3107 1620 3326 1687 wenig Sehn
3108 1668 3335 1745 nie zur Er
3196 1717 3327 1774 Und ir
3118 1746 3322 1833 schließt sich,
3195 1811 3323 1872 So, vo
3106 1830 3318 1916 Lügenglanz
3105 1900 3335 1961 wird die tr
3105 1946 3340 2014 scher Totente
3193 1993 3330 2053 Indesse
3113 2036 3340 2108 Reigen zusa
3107 2084 3340 2150 dem unselig
3113 2135 3326 2196 arme, so ber
3111 2181 3333 2235 Kasino in d
3110 2222 3329 2284 Abbé Monse
3103 2271 3338 2332 laire, was i
3101 2316 3340 2379 verständnisl
3106 2365 3334 2444 Totenköp
3175 2458 3325 2530 Bei al
3101 2499 3326 2572 sinnung, fü
3101 2560 3311 2620 wunderung
3096 2603 3319 2666 zugleich, mit
3099 2649 3309 2710 sie oben auf
3109 2694 3320 2754 Menschliche
3101 2740 3335 2798 deswegen m
3095 2786 3326 2850 stimmung zu
3188 2831 3305 2886 Denk
3083 2875 3312 2936 uns durch
