3436 4384
300 191 817 277 11. keigen
993 180 1417 263 box 18/3
2236 225 2928 319 FEAR GERMAN ACTION
2245 375 2925 466 Campaign Against Teu¬
2274 453 2915 533 tonic Nationals and Com¬
2363 527 2835 613 munists Impends.
2254 674 2948 763 REDS ATTACK MINISTER
2245 822 2945 912 Flood of Printed Propaganda
2328 892 2893 979 Urges Natives to Resist
2412 959 2792 1039 Foreign Efforts.
2259 1098 2948 1178 Special Correspondence to Tus Nzw Torx
2548 1156 2671 1198 HEsaLb.
2290 1164 2955 1243 Pnadus, Dec. 30.—A flool of printed
2264 1217 2964 1295 circulars urging Nationalists to rise
2259 1261 2949 1341 and join the Fascista organkation has
2265 1311 2960 1387 brought the intense feeling between
2267 1358 2952 1440 Czechs on one hand and the German
2261 1413 2957 1478 Nationals and Communists on the
2266 1446 2959 1528 other to a fever heat. Although the
2266 1502 2953 1582 predicted break falled to come during
2272 1545 2958 1616 the holiday week, bitterness has been
2272 1601 2964 1671 aroused to such a stage that even the
2273 1640 2956 1712 Parliament is the setting for stormy
2282 1705 2401 1755 Scenes.
2306 1709 2963 1776 Communists recently hurled a heavy
2282 1756 2964 1824 bundle of printed matter at Dr. Rasin.
2282 1792 2968 1861 Finance Minister, during à discussion
2280 1834 2960 1900 on an unimportant domestic affair,
2275 1865 2967 1934 missing him but hitting Minister of
2274 1918 2592 1980 Justice Dolansky.
2321 1934 2975 2000 Added to the Communist disturbances
2279 1972 2966 2033 in Parliament arethe frequent outbreaks
2272 2006 2968 2073 of German sympathizers. Deputy Bae¬
2277 2046 2965 2103 ran, German leader charged with espion¬
2289 2067 2982 2130 age. recently defied the Czech Govern¬
2273 2100 2969 2169 ment, declaring that he was willing to
2276 2136 2980 2199 commit treason at any time to achleve
2286 2172 2980 2227 the aims of his party. Capt. Jan Wirm.
2282 2206 2980 2257 Capt. Gustav Wolf and Lieut. George
2283 2238 2981 2292 Novakowski, all sald to be of German
2285 2267 2978 2327 leanings, have been convicted in e mili¬
2285 2296 2982 2358 tary court of selling army information
2286 2337 2983 2395 to Hungary. The trial was the signal
2290 2362 2974 2433 for a new outbreak of nationalist ac¬
2290 2411 2418 2467 tivities.
2325 2419 2976 2488 Circulars recently scattered read:
2298 2468 2982 2518 Dur ihree hundred years’ struggle for
2291 2499 2988 2555 the establishment of a free nation is
2296 2534 2992 2601 in danger of coming t5 naught. The
2298 2568 2982 2620 cause for which thousands of our best
2290 2598 2991 2660 sons fell en battlefields and places of
2302 2632 2989 2684 egecution is being attacked on every
2297 2656 2978 2719 hand by enemles within and without the
2297 2698 2983 2749 country. The audacity of these enemles
2307 2734 2986 2783 has reached a climax. We shall meet
2305 2765 2983 2815 them with their own weapons, and there¬
2294 2796 2992 2847 foreurge all good Czecho-Slovaklans
2302 2830 2986 2880 to form organizations to preserve the
2306 2872 2413 2915 State.
2334 2893 2983 2945 Socialist papers denounced the circu¬
2302 2927 2989 2977 lar as the work of persons who seek to
2305 2957 2994 3010 bring about violence, as was done in Po¬
2298 3007 2390 3046 land.
2343 3007 2982 3079 In the meantime there are indica¬
2306 3061 2982 3105 tions everywhere of the growing enmit)
2307 3094 2996 3135 between Nationalists and other factions.
2304 3123 2992 3168 In Troppau recently a performance of
2312 3151 2999 3200 Schnitzler’s Reigen'' was interrupted
2311 3183 2999 3232 by Pan-German students who threw
2307 3225 2987 3266 ill smelling bombs upon the stage where
2298 3252 2994 3298 the Nationalistie piece was being per¬
2301 3289 2992 3338 formed. Afew days Dreviously demon¬
2314 3317 2999 3355 strators forced Schnitzler to leuve a
2309 3344 3000 3405 hall wherc he was giving a public
2315 3386 2699 3435 reading of his works.
2342 3390 3004 3460 The authorities of Reichenberg and
2307 3442 2998 3486 Gablenz have forbidden the German
2315 3478 2997 3520 General Liman von Sanders to speak,
2317 3508 3006 3551 Geclaring that he means to foster the
2318 3542 2994 3583 extension of Germany's secret National¬
2317 3572 3011 3613 ist organization t0 Czecho-Slovakia and
2325 3608 3004 3656 hat such an attempt would lead to
2310 3629 2947 3683 serious uprisings in North Bohemia.
2348 3657 3005 3710 The open organization of a Fascista
2318 3712 3010 3741 movement has even been discussed in
2317 3740 3002 3777 Parliament as a protective measure.
2322 3769 3004 3811 Cooler Government leaders, however,
2324 3805 3007 3843 give little favor to the movement be¬
2321 3834 2996 3873 cause of the complications which might
2323 3869 3008 3904 enter Trom neighboring countries, such
2325 3887 3014 3934 as Germany and Hungary, in case of
2316 3918 3012 3976 an open clash between nationallties
2316 3946 2678 4008 within the country.
