3392 4256
287 127 795 243 11. Reigen
980 130 1386 225 box 18/1
864 780 1384 929 das 441
1453 789 1897 947 Tr 1—77
1334 899 1690 1005 Vom Bel zu Babel
2091 922 2152 1007 51
853 1002 2153 1110 überzeugt, daß jedem Führer schon sein Militärauto zugewiesen,
851 1073 2157 1154 sein Päckchen mit Geheimbefehlen eingehändigi und die Liste
844 1122 2151 1200 Derer, die „an die Wand oder zunasnst wenigstens hinter Schloß
847 1176 2128 1273 und Riege!“ gehören, längst treuen Gemüthern anvertraut ist.“
1411 1261 1594 1349 Reigen
939 1326 2155 1423 Die „Staatliche Hochschule für Musik“, die vor die Wahl
843 1405 2145 1476 gestellt ward, in ihrem Theatersaal die Aufführung schon süß¬
845 1455 2156 1541 lich angeschimmelter, in jedem Sinn unplatonischer Gespräche
838 1515 2158 1611 über Lust und Leid der Paarung zu dulden oder die Pächterin
845 1572 2152 1653 des Saales einsperren zu lassen, hatte mich gebeten, ihr mein
839 1624 2148 1712 Urtheil über den Fail (der Kunst) aufzuschreiben. Da ich
851 1691 2143 1771 (richtig) voraussah, daß es mir Anwurf aus den Müllkisten
842 1755 2143 1838 des Preßgesindes eintragen werde, hahe ichs abgeschrieben.
829 1812 2029 1901 Hier ist der Brief, der mir die Neujahrsmuße nahm.
1631 1883 2088 1978 Grunewald, 1. 1. 21.
1134 1918 1613 2006 Sehr geehrte Herren,
933 1981 2136 2079 ich bin in meinem Leben nicht nur oft für Das, was ein
836 2027 2137 2130 als Scheidemünze der Sprache allenfalls annehmbarer Aus¬
832 2095 2138 2190 druck „die Freiheit der Kunst“ nennt, sondern leidenschaft¬
839 2166 2133 2241 lich auch gegen die Künstler eingetreten, die an einem senilen
837 2226 2132 2296 Gesetz oder längst ranzig gewordenen Rechtsbrauch sich mit
825 2282 2139 2364 der Betheuerung vorbei zu drücken trachteten, in ihrem Werk,
831 2340 2139 2423 Gebild aus Worten, Farben, Stein oder Erz, sei „nicht die
837 2398 2135 2490 winzigste Spur des Wunsches, die Sinnlichkeit anzuregen“.
825 2455 2127 2547 Solche Betheuerung läßt den Wahn in Rechtskraft wachsen,
813 2525 2122 2588 Anregung, Weckung, Kräftigung der Sinnlichkeit sei etwas
827 2586 2124 2657 an sich Verwerfliches. Wahn, der zur Religion einer Sekte
820 2644 2123 2708 an nahen Erduntergang Gläubiger, von dem über das Men¬
830 2695 2131 2760 schengeschlecht verhängten Fluch und Todesurtheil Ueber¬
817 2754 2135 2833 zeugter, auch für Skopzen und andere freiwillig Kastrirte
821 2818 2130 2894 taugt, nicht für Völker, die leben, ihren Samen weithin über
820 2870 2129 2937 die Erde ausstreuen, schöpferisch wirken, auch durch die
814 2929 2127 3018 Fülle ihrer Individuen die Auslese der Tauglichsten sichern
829 2990 2112 3059 wollen. Sinnlichkeit, die aus jeder Sonnengluth dröhnt, aus
812 3030 2113 3136 jedem Meeresaufruhr gischtet, die Lenze durchduftet, alle
820 3106 2119 3189 Sommerprächte reift, ist ein Kronkleinod des Menschen; nicht
808 3169 2130 3246 das edelste (sonst theilte ers nicht mit der Thierheit), doch
806 3226 2124 3313 das die breiteste Glücksfülle ausstrahlende. Ohne Sexual¬
807 3287 2126 3382 sinnlichkeit wäre kein Leben; daß ihre Säfte die Wurzel¬
