3436 4384
242 166 392 260 11.
930 157 1327 264 box 17/1
2739 716 2906 783 WPWir
1669 701 2452 785 schmnletter Anter den Besbachtel, .... Dangn
1113 713 1644 800 gestreift. Preeßen, de.
1652 741 2943 835 die seltene und bedeutende Kunst des Umgangs mit Menschen von der
542 765 1648 836 Reich, Oesterreich=Ungarn, Frankreich und England sind
1929 809 2023 881 MIRREE N
2933 863 3345 920 den Einläufen in den
1658 863 2923 932 und dem Beamten nach einem gewissen Schlüssel getheilt. Das
2931 905 3362 976 den 1 600000, Einwoh
1655 920 2917 990 Ehrenbankhaus erhält das geößere Theil, der Lump von Beamte
743 889 1289 1019 Feuilleton.
2932 951 3352 1017 nahme der Säuglinge,
1639 969 2047 1054 ein kleineres Theil.
1317 956 1581 1063 Nachbruck verboten
2940 1007 3364 1073 Hausmeister und Wag
1722 1010 2928 1079 Diese Enthüllungen machten Aufsehen. Man erfuhr zum ersten
2936 1045 3368 1122 Theaterstücke. Der #
1647 1067 2924 1132 Mal, daß es gut ist, sich die Taschen zuzuhalten, wenn man hier
809 1075 1214 1175 Wiener Brief.
2937 1098 3379 1175 Prinzen des kaiserliche
1655 1109 2924 1177 ein großes Bankhaus betritt. Von den kleinen Dieben soll nicht
2935 1147 3376 1217 aller Rangklassen, Jur
435 1142 1644 1228 Ein elegant ausgestatteter, dünnleibiger Quartband geht in
1652 1163 2928 1225 weiter gesprochen werden. Sie wurden verurtheilt. Ueber das
2932 1203 3348 1262 und Handwerker—
1653 1210 2929 1276 große Bankhaus hat das große Publikum das Verdikt gesprochen.
367 1211 1639 1274 intimen Kreisen von Hand zu Hand. Das Titelblatt trägt nicht
2935 1242 3381 1309 buchstäblich zu nehme
1650 1252 2927 1321 Man erfuhr aus der Verhandlung, daß Leute, durch deren Finger
374 1274 1639 1326 den Namen des Verfassers. Er ist nirgends genannt. Auch der
2946 1299 3376 1376 würdigen jungen Erz
1655 1302 2928 1372 im Jahre Millionen laufen, Monatsbezüge erhalten, die denen eines
362 1311 1649 1372 Name des Verlegers ist nicht angegeben. Jedes Exemplar trägt eine
2938 1340 3381 1410 der Lude hat. Dicht
1659 1353 2928 1427 gut bezahlten Tagelöhners gleichkommen. Es war dem Beamten
377 1365 1638 1425 handschriftliche Zeile des Verfassers an den Eigner des Buches. Denn
2930 1384 3369 1466 irren als verkannte Dich
1662 1405 2919 1463 anheimgestellt, sein Einkommen zu erhöhen. Er hatte blos den
361 1410 1641 1474 nur verläßlichen, guten Freuaden ist das Buch gewidmet. Es ist für
2944 1443 3364 1501 so einem unglücklichen
1665 1445 2930 1512 Kunden die Uhr oder die Börse zu ziehen, oder ihn entsprecheno beim
371 1460 1640 1523 Geld nicht erhältlich. Etwa hundertundfünfzig Menschen, die in
2939 1500 3384 1557 schnitt in die Hand d#
1652 1503 2921 1566 Ein= und Verkauf zu betrügen. Dann theilten sie. ... Ist es
370 1506 1638 1563 den Besitz eines solchen Buches gelangt sind — Schriftsteller und
2944 1539 3390 1617 werden dann Besitzer
1662 1544 2931 1620 nicht bedauerlich, daß der große Bankier und seine Beamten nicht
375 1546 1647 1619 Schauspieler, Maler, Bildhauer und Mäcene —, verpflichteten sich,
2943 1583 3385 1652 Premidren knckt. Doc
1654 1603 2240 1665 auch die Anklagebank theilten?
368 1608 1648 1660 es nicht zu verleihen, nicht zu verschenken. Geheimdokumente eines
2938 1634 3376 1702 Markus Bombelles, d
1728 1629 2923 1706 Worüber man zur Stunde sonst spricht? Von der Hitze! Sie
366 1648 1646 1707 Dichters, nur für die Wiener Bohème und ihre hohe Gönnerschaft
2935 1686 3359 1755 einige Jahrechindurch
1663 1679 2928 1757 ist so arg, daß selbst Leute von Geschmack es nicht für entehrend
368 1705 1644 1753 bestimmt. Das Geheimniß wird schlecht gewahrt. Man zeigt es
2946 1732 3366 1803 jetzt die Musen an den
1654 1740 2927 1809 halten, vom Wetter zu sprechen Und bei dieser Hitze spielten die
374 1755 1646 1811 im Vertrauen Diesem und Jenem, man leiht es aus, und ie erlangt
2937 1787 3386 1847 herzlich die Wiener G#
1652 1787 2925 1854 Mitglieder der sogenannten B##ter Sezessionsbühne. Nahezu drei
374 1807 1647 1859 das Buch eine dem Dichter unerwünschte Publizität. Jawohl,
2937 1827 3379 1890 wenn er zum Herbst wi
1666 1844 2935 1903 Wochen sagten sie uns, daß sie nichts zu sagen haben. Sie gaben
368 1837 1655 1905 Dichter! Das ist er. Unserer genialsten einer! Und das Büchlein
2940 1875 3363 1963 Zeit, ohne Dolch im G
1671 1888 2933 1951 Stücke, welche bisher nicht für bühnenfähig galten. Und die Auf¬
373 1879 1657 1961 ist von einem packenden Realismus. Zum verwundern wahr, zum
2997 1920 3383 1994 Alles sinnet, schreit
1672 1935 2933 2006 führungen ergaben, daß sie auch weiter nicht für bühnenfähig gelten.
374 1949 1650 2013 ekeln natürlich! Kleine Skizzen aus dem Wiener Leben. Nicht eine
2936 1962 3400 2048 eine rühmsiche Ausnahs#
1664 1963 2933 2045 werden. Zwei Jugendarbeiten Ibsens, zwei Sachen des verträumten
371 1996 1643 2055 davon ist wiederzugeben. Ich habe sie gelesen und suche mir ver¬
2940 2019 3393 2097 beträchtliche Anzahl vo
1672 2038 2926 2098 Maeterlinks und fünf andere Novitäten. Es war kein Vergnügen,
362 2046 1646 2113 gebens zu erklären, was der Dichter damit will. Wozu hat er das
2944 2063 3400 2148 selbst will reine Hände
1673 2085 2938 2143 diesen Vorstellungen anzuwohnen. Im Hause roch es immer nach
376 2088 1652 2151 geschrieben? Und er hat es nicht für Geld, noch Ehr' geschrieben.
2943 2112 3381 2195 von so piononcirter
1669 2133 2923 2198 Schweiß und Freibillets. Immerhin ein ehrendes Zeichen für die
378 2145 1654 2200 Er selbst bezahlte Druck und Ausstattung, er darf diese verluderten
2951 2175 3377 2236 abfärben. Am Tage
1670 2177 2924 2253 Theaterlust der Wiener. Die Berliner hofften nicht, bei solcher
371 2193 1654 2253 kleinen Essays nicht auflegen lassen; nur einem sehr beschränkten
2946 2211 3385 2288 finster ist, die politisch
1672 2235 2922 2297 Temperatur so viel Freibillets an den Mann zu bringen. Den an¬
365 2239 1652 2298 Kreise wird das Buch zugänglich gemacht. Was soll es also? Ist
2947 2265 3384 2335 dorben. Ich glaube an
1658 2272 2931 2341 genehmsten Abend brachte uns das Drama „Der gnädige Herr“ von
370 2286 1642 2342 das nicht pervers? Eine Zeitkrankheit? Ebenso bezeichnend, wie
2946 2307 3381 2384 ihn nach Karlsbad gesch
1674 2330 2932 2396 Frau Elsbeth Mayer=Förster. Das Stück wurde nicht ernst ge¬
378 2332 1654 2398 jene Krankheiten, die er selbst schildert? Und er versteht das. Denn
2942 2367 3384 2441 und so vielten Male in
1660 2371 2936 2441 nommen. Aber die Dichterin! Eine Menge Theaternotizen, die
375 2373 1655 2445 er ist ein ebenso tüchtiger Arzt, als er ein glänzender Schriftsteller
2946 2418 3380 2484 Staubwolken und sch
1668 2422 2934 2492 vorher aus der Direktionskanzlei in die Redaktionen flatterten,
368 2434 1651 2489 ist. Es hat ihn vielleicht gedrängt, die Gosse zu schildern, mit einer
2944 2458 3364 2533 rissenen Straßen sind
1657 2471 2937 2534 meldeten sie persönlich anwesend. Und nun wollte man die persönlich
374 2466 1643 2537 Brutalität, der Leute von so viel Talent sonst aus dem Wege gehen.
2949 2510 3365 2575 und jeder Stein, den
1657 2530 2933 2582 Anwesende auch sehen. Nach dem zweiten Akte wurde applaudirt.
376 2532 1655 2588 Aber ich nehme an, daß es ihn gepackt hat, daß er so thun mußte,
2956 2560 3375 2621 schleudert. Erst wurd
1667 2573 2936 2639 Die Dichterin erschien. Sie trug ein helles Foulardkleid, mit hübsch
367 2577 1657 2639 daß er diese frappirenden Bilder aus dem Sampfleben, die eine
2946 2606 3373 2679 Aenderungen in der W
1672 2621 2926 2681 gearbeitetem Spitzenüberwurf, etwas Schleppe. Die Corsage ent¬
364 2629 1648 2692 erstickende Atmosphäre athmen, nur Gleichgesinnten bieten wollte,
2949 2655 3392 2729 die Telephonkabel in d
1672 2665 2933 2736 sprach der Facon des Kleides. Meine Logennachbarin versicherte
372 2670 1652 2733 welche im künstlerischen Schaffen Mittel und Zweck unterscheiden,
2944 2709 3367 2777 der Bürgermeister, ein
1663 2716 2932 2778 mich, daß das Kleid sehr chic gemacht sei. Die Dichterin fand somit
371 2720 1647 2783 daß er sie bis ins Mark erschüttern wollte . . . . Das ist ihm nicht
2954 2753 3359 2826 lang wandelte man
1666 2759 2931 2831 bei den Damen Anerkennung. Die Männer fanden die Dichterin sehr
370 2780 1646 2836 gelungen. Eine derbe Pikanterie hat er ihnen geboten, eine
2939 2799 3378 2879 Röhrennetz wurde ver
1663 2813 2921 2875 niedlich, sehr hübsch. So bereiteten ihr Weib und Mann einen herz¬
369 2819 1649 2886 Cochonnerie, die von Hand zu Hand wandert, ein verbotenes Buch,
2950 2851 3385 2923 aufgerisse.. Die alte
1667 2861 2932 2927 lichen, persönlichen Erfolg. Um das Stück kümmerte man sich nicht
369 2880 1653 2940 das sich Halbweltlerinnen aus Passion oder aus Beruf zustecken,
2937 2897 3391 2969 Kein Ackerfeld wirds
1664 2912 2933 2972 weiter. Es war zu nichtssagend. Eine Marlitterei, mit realistischem
378 2922 1647 3001 das allgemach zur Kenntniß der „guten Frauen“ gelangt, die sich
2950 2950 3370 3022 Der Straßenwitz lebt
1668 2961 2934 3021 Aufguß. Das paßte wie Marzipan zu einer Fleischbrühe. Niemand
371 2963 1647 3037 kichernd zuflüstern, was das Buch enthalten soll. . .. Aber eine
2953 3002 3369 3073 sämmtliche Coupletstro
1662 3008 2927 3075 hat ihr das Stück übel genommen. Wenn man so hübsch ist, muß
367 3008 1005 3102 gesellschaftliche Sensation ist es.
2954 3034 3363 3116 kosten! Sämmtliche
1664 3051 2929 3124 man keine Theaterstücke schreiben können. Zu beanstanden wäre
413 3046 1652 3131 Die kaufmännische Sensation der Woche war der Prozeß eines
2947 3092 3385 3160 Millionen, als die Wie
1674 3108 2928 3168 nur, daß man sie doch schreibt, wenn man sie nicht schreiben kann.
371 3118 1647 3174 Bankhauses. An sich eine Lappalie. Beamte des Bankhauses de¬
2951 3151 3375 3217 hell und strahlend das
1669 3158 2930 3225 Doch in dieser Beziehung stehl Frau Elsbeth Mayer=##ster nicht
375 3154 1651 3225 fraudirten ein paar tausend Kronen und verspielten sie an der Börse.
2952 3188 3375 3260 hat für das Stadtm
1667 3185 2932 3263 vereinzelt da. Ihr Gemahl geht ihr mit bösem Beispiel voran.
367 3210 1650 3274 Das kommt in den besten Bankfamilien vor. Man hätte nicht
2942 3243 3388 3327 Kampf des alten mit
1665 3248 2938 3310 Und was erst in Wien geschrieben wird. Zeitweilig tritt die
373 3263 1649 3318 weiter davon gesprochen. In der Verhandlung kamen aber kuriose
2940 3295 3071 3361 Was?
1669 3303 2930 3368 Dichteritis hier epidemisch auf. Menschen, die sonst gesund aus¬
376 3315 1641 3371 Sachen an den Tag. Die Beamten eines der größten Wiener Bank¬
2998 3319 3385 3407 Die absichtlichen W
1671 3346 2936 3414 sehen, werden plötzlich von der galoppirenden Schreibesucht erfüllt.
372 3356 1648 3415 häuser haben das Recht, Käufer und Verkäufer nach freiem Ermessen
381 3406 3385 3480 über's Ohr zu hauen. Der Supergewinn wird zwischen dem Bankier Das Leiden soll unhe''bar sein. Und es grassirt leider. Nach Stautsbahnen hat ein
