3444 4352
318 116 442 218 11
1008 123 1435 219 box 17/6
504 131 827 241 Reigen
525 631 1275 724 * Boj o Schnitzlerüv „Reigene se
457 705 1269 773 stal vvlozeré politickym. Véereisi
456 757 1278 804 skandäly v rähouské Närodni radé do¬
460 803 1283 873 käzaly, Ze anijkrest. seciälüm ani soc.
451 847 1286 914 demokratüm rteide o pchorslivy räs
456 902 1268 952 dramatu, ale o Eisté mocenskou otäz¬
458 941 1271 1014 ku. Soc.-demckratiéti poslanci uznali,
458 995 1275 1058 Ze vyjevy dramatu st ncholli na 2c ####.
1321 992 1393 1071 ∆
461 1042 1273 1111 Stézeynim problémem kueu jest vliv,
457 1081 1277 1144 ktery intelek: mä na pohiavnl instinkt.
1317 1105 1456 1189 2
463 1138 1268 1198 Ukazuje sc, jak prilisné vyvieuty in¬
457 1189 1268 1241 telektualismus a dep #c#t stavy vedo¬
1359 1208 1420 1284 2
448 1231 1284 1301 mi zuemoznuji dast. i m.jdüleknejst
457 1278 1273 1336 funkce reffcani, a pullorch# me h.
460 1336 1281 1393 nismu. Celd véc br pilftla spise 49 Sil¬
457 1371 1265 1435 borného pofdnäm  logick ##
452 1423 1274 1483 Schnitzler napsal toto drama paivodné
461 1474 1283 1542 jen pro uzsi kröuzrk pfätel a dal je
468 1517 1283 1594 vrtisknouti jako rukopis. Bratälni 5¬
736 1598 1270 1671 tevrenost spisovatciova,
1344 1608 1549 1682 snesitelna
734 1659 1548 1724 snad pri Steni, püsobi na jevisti. zvlä¬
740 1700 1547 1764 Sté na zeny, velmi trapné, ba uräzlivé.
728 1744 1544 1819 Cely déj a jeho rozreseni nemüße ko¬
728 1790 1365 1854 ho povznésti. Podnécuje penze
1510 1806 1548 1873 *
1504 1864 1535 1894 — —
738 1850 1391 1911 chtid. Proto také po kazdé b.
744 1887 1542 1949 vyprödäno. To uz souvisi s perversllo¬
726 1948 1536 2011 sti jistych vrstev videnského divadel¬
727 1991 1545 2062 niho obecenstva. Rozumni lidé se prä¬
738 2043 1549 2095 rem apreli proti tomuto nestondnemu
726 2078 1549 2155 odhalováni lidskych choutck a slags¬
730 2135 1544 2206 sti. Ale krest. sociäiové z celcho sporu
731 2179 1539 2244 udelali politikum. Spolkovä vläda pod
732 2224 1540 2288 jejich nätlakem chtéla zasähnouti do
724 2285 1532 2335 präv zemské vlädy videnské. Neni po¬
727 2331 1531 2384 chyby, ze by se takoveho nédeho neby¬
723 2366 1533 2438 la opoväzila, kdyby bylo slo oklerikai¬
717 2430 1532 2485 ni vlädu tyrolskou nebo salepurskou.
725 2462 1538 2538 Boj o Schnitzlerüv rReigeng se mél
726 2517 1531 2571 stäti zkusebnim kamenem, tim co Ném¬
718 2565 1533 2628 ci nazyvaji 2Kraftprober, mélo se u¬
718 2608 1533 2673 kázat, kdo zde ve Vidni komanduse,
716 2648 1532 2721 zdali krest.-sociälni wäda spollovà Ci
719 2716 1530 2776 soc. dem. vläda zemskä. Pnoto ten hroz¬
712 2761 1529 2816 ny rämus. Min. dr. Glanz utrpel üplncu
710 2807 1524 2861 poräzku. President Seitz na neho uto¬
721 2848 1517 2921 Cil tak prudce, ze president dr. Ding
704 2900 1526 2968 hofer byl nucen, volati ho k porädku.
700 2943 1529 3016 Seitz pravil mezi jinym: Estetické
701 2986 1525 3065 näzory dra Glanze näs vübec nezajimia¬
713 3039 1524 3110 ji. Nestaräme se oto, kdo ten kus po¬
712 3092 1521 3163 sloucha. Tyrdim urdité, ze to neison
702 3140 1524 3204 deinici. Nemaji pencz aby zaplatili ta¬
701 3178 1523 3254 kové vysoké ceny. Zde nebézi o ohroze¬
700 3239 1528 3297 nou mravopocestnost, ale o politickon
701 3270 1516 3348 otäzku, o otäzku, zdali vynos dra Gian¬
700 3338 1512 3392 ze byl zäkonity dili nic.e Boj se skonci
700 3381 1515 3447 vitèzstvim zemské vlädy videnské.
697 3421 1511 3488 PReigene se bude provozovati däle
701 3468 1515 3538 Vécrejsi predstaveni mélo üplné klidny
689 3518 859 3588 prübéh.
2789 297 3139 368 #un ½10 Uhr ver¬
2103 313 3127 421 K. Aiggsdrdhung: Die K#hlens in die Arbeiser=und
1995 356 2364 422 Angestelltenkammer.)
2155 477 2971 597 Das#rote Reigenspiel.
2087 569 3114 667 Es ist in der Wiener Presse eigentlich nur noch das
2000 626 3121 716 sozialdemokratische Zentralorgan, das für die Rettung
1982 677 3112 761 der unappetitlichen Abendunterhaltung der Schieberwelt
1994 723 3112 811 sich ganz gewaltig erhitzt. Von den übrigen Blättern geben
1998 772 3123 855 elbst diejenigen, die dem Verfasser der dramatisierten
1982 821 3113 916 Zoten besonders nahestehen, das „Reigen“=Banner mahr
1981 879 3107 954 oder weniger verschämt preis. Man mag sich doch nicht
1986 916 3109 1000 unter diesen Linden grüßen lassen. Selbst die Masseusen¬
1988 968 3104 1050 presse fühlt sich in der „Reigen"=Gegend nicht ganz be¬
1978 1009 3107 1103 haglich und sie bemüht sich, um das notgedrungene Ab¬
1983 1060 3108 1145 rücken von Schnitzler=Bernan nicht zu schroff in Erschei¬
1979 1107 3101 1188 nung treten zu lassen, eine Frage der öffentlichen Moral
1968 1161 3110 1247 zu einem reinen Rechts= und Kompetenzstreit zu machen.
1983 1199 3099 1288 Ein paar liberale Blätter bringen sogar den anerken¬
1978 1249 3109 1319 nennenswerten Mut auf, offen herauszusagen, was jeder
1981 1296 3107 1389 normal veranlagte Mensch fühlen muß, nämlich daß
1978 1338 3093 1425 die Dialoge Schnitzlers keinesfalls auf die Bühne ge¬
1974 1384 3093 1476 hören. Das Austerlitzblatt steht somit mit seiner Begeiste¬
1969 1441 3098 1519 rung für die Schieberunterhaltung einstweilen so ziemlich
1970 1484 3098 1571 vereinsamt da, mit der Aussicht, daß ihm sväter, die ge¬
1958 1524 3102 1623 wissen illustrierten „Witzblätter“ das anrüchigste, was
1967 1582 3094 1664 es auf dem Gebiete in Europa gibt, Gesellschaft leisten
1965 1625 3093 1709 werden. Sogar das Organ der Kommunisten, die „Rote
1957 1678 3089 1765 Fahne“, ist nicht so ausgeschämt, um dem Austerlitzblatt
1958 1724 3094 1818 und dessen Hintermännern bei der Rettungsaktion für
1964 1766 3086 1870 die Schieberunterhaltungen Gesellschaft zu leisten; es
1961 1806 2126 1872 schreibt:
2106 1867 3085 1955 Wer soll ernst bleiben, wenn Seitz für den „Reigen“
2034 1903 3091 1998 seinen berühmten „le#ten Revolver“ zieht? ... Wie oft
2028 1949 3085 2032 hätten die Sozieldemokrafen in der letzten Zeit den
2031 1990 3084 2076 ernstesten Grund gehabt, den Kampf bis aufs Messer anzu¬
2035 2023 3090 2117 kündigen ... Die Not der Massen wird von Tag zu
2020 2066 3088 2148 Tag arger. Also halten die Sozialdemokraten es für an¬
2022 2102 3089 2185 gezeigt, sich radikal zu gebärden. Aber ie sollen
2037 2141 3078 2220 ie die großen wirtschaftlichen und politischen Fragen
2032 2184 3088 2260 radikal behandeln! Das gerade wollten sie ja unter allen
2029 2216 3078 2301 Umständen vermeiden. So müssen sie es versuchen,
2017 2250 3075 2339 das Interesse der Massen auf minder wichtige
2026 2291 3092 2373 Fragen abzulenken. Das ist der Grund, warum
2020 2333 3076 2408 sie in der letzten Zeit ihren Antiklerikalismus aus der
2022 2373 3080 2452 Rumpelkammer, in die er in der Koalitionszeit gewandert
2013 2406 3080 2491 war, wieder hervorgeholt und auf den Glanz hergerichtet
2020 2445 3074 2529 haben. Das Verbot der „Reigen"=Aufführungen hat
2019 2484 3075 2562 ihnen nur einen willkommenen Anlaß geboten, ihren
2014 2522 2812 2599 Radikalismus auf eine ungefährliche
2821 2552 3071 2609 und naiven
2008 2562 2915 2648 Gemütern doch imponierende Weise auszutoben.
2020 2619 3064 2714 In der Sackgasse, in die sich die sozialdemokratische
1941 2657 3068 2760 Führung mit ihrer Begeisterung für die unsauberen
1935 2711 3060 2802 Abendunterhaltungen der Schieber verrannt hat, tut das
1929 2760 3071 2855 Austerlitzblatt, was es in solchen Fällen immer tut:
1939 2806 3059 2898 Es schmäht den Oberhirten der Wiener Katholtken. Es
1920 2860 3070 2952 wird niemand einfallen, sich mit den armseligen
1936 2903 3057 3006 Flegeleien, die dem Zentralorgan der Umsturzjuden
1925 2955 3062 3051 Gewohnheit geworden sind, in unnütze Dialoge einzu¬
1932 3002 3059 3107 lassen zumal der Beifall der roten Führung auf ihrem
1921 3047 3054 3144 Feldzug für die Zotendramatik bei den Massen,
1921 3096 3061 3194 die doch noch stubenreiner denken und fühlen, nicht zu
1929 3145 3049 3239 üppig ausfallen dürfte. Die Wiener Bevölke¬
1929 3196 3055 3293 rung, auch ihr sozialdemokratischer Teil, hat
1917 3239 3056 3340 dringendere und größere Sorgen, als die
1915 3289 3051 3374 der Herren Austerlitz, Reumann, Seitz. Leuthner,
1920 3337 3052 3425 Danneberg und Genossen, daß die Schieberwelt bei
1914 3381 3045 3497 ihren unsaulern Abendunterhaltungen nicht gestört
1902 3430 2050 3494 werde.
2145 3503 2752 3610 Wiane. Stimmen. Wiens
2493 3713 3011 3866 12 FrBRUER 1921
