3532 4256
381 161 893 261 11. Reigen
1072 159 1497 249 box 18/3
2297 239 2957 363 Klose & Seidel
2348 354 2918 434 Bureau für Zeitungsausschnitte
2279 419 2961 490 Berlin NO. 43, Georgenkirchplatz 21
2385 480 2906 595 Dasimttagsu
2251 584 2445 669 Zeitung:
2255 663 2376 731 Ort:
2250 734 2476 797 Datum:
2664 788 2778 847 4#7
2145 830 3142 912 Theater u.Konzerte
2425 958 2850 1040 Neues Theater.
2078 1019 3207 1102 Zum ern Mal: Reigen. Zehn Dialoge von Arthur Schnitzler.
2400 1081 2880 1138 Spielleitung Robin Robert¬
2353 1132 2383 1165 1
2132 1127 3203 1182 Eswäre naturlich nichts leichter, als die große vielbeliebte
2075 1169 3205 1224 Morsltompete aus der Gerätekiste für die öffentliche Ordnung her¬
2085 1210 3204 1261 vorzuholen und in kräftigen Tonen ein sanft verlogenes Lied zu
2076 1255 3202 1302 blusen. Doch lieber nicht. Denn immer wenn nur um der Moral
2085 1286 3204 1339 willen zum Sturm gerufen wird, läßt sich auf eine enge Moralauf¬
2076 1328 3196 1383 fassung der meist sehr umfangreichen Gefolgschaft schließen. Wie
2083 1369 3202 1420 verhält sich das Moralproblem nun bei diesem Schnitzler, der nach
2090 1404 3204 1459 nehr denn einem Jahrzehnt auf den Bühnen erscheint. Die Auf¬
2080 1450 3204 1504 führung ist keine Moralangelegenheit, sie ist eine Geschmacksfrage
2077 1486 3205 1542 und damit eine Frage der künstlerischen Verantwortung. Hätte unser
2084 1523 3203 1574 verrücktes Zeitalter beides (es kann beides nicht haben, weil Ge¬
2094 1561 3210 1611 schmack und Verantwortung Blüten, nicht Wurzeln einer Kultur
2092 1609 3200 1650 sind), so wäre es niemals zur Aufführung dieser Szenen gekommen
2085 1640 3204 1689 Der Dichter mag schreiben was er will, wenn er nur von sich aus
2083 1691 3208 1729 die Grenzen des Geschmacks und der Verantwortung nicht über¬
2086 1717 3210 1772 schreitet. Und das hat Schnitzler nicht getan, denn er schrieb seine
2093 1765 3206 1824 Dialoge nicht für die Bühne, hat sich auch wohl niemals träumen
2094 1795 3213 1847 assen, daß einstmal ein so lärmvoller Kampf um sie entstehen
2089 1832 3206 1884 würde. Der sogenannten „neuen Zeit“ war es vorbehalten, aus
2091 1877 3220 1935 feiner Spekulationswitterung diese Dinge auf die Bühne zu
2085 1914 3219 1965 bringen und endlose Scharen Neugieriger heranzulocken, deren
2096 1953 3210 2003 Hauptaufgabe es natürlich ist, die etwas defekten Kassen der
2096 1992 3220 2039 Theater mit hohem Eintrittsgeld zu füllen. Ob dabei das Werk
2095 2025 3216 2081 selber eine schmerzhafte Vergröberung, eine peinliche, im letzten
2086 2072 3222 2121 Dialog widerliche Deutlichkeit und eine Zerstörung seines inneren
2083 2109 3216 2161 Rhythmus erfuhr, das kam als hindernd garnicht in Betracht und
2093 2144 3220 2197 darin liegt der schwerste Vorwurf für die Aufführung. Die flüch¬
2094 2192 3223 2237 tigen, zart vorbeihuschenden Bilder des Buches werden Theater¬
2101 2221 3221 2280 Materie und damit unerfreulich. Mag sich diese oder jene Situa¬
2099 2262 3216 2320 tion sehr amüsant, menschlich und sehr lebendig auf den Brettern
2101 2303 3223 2356 ausnehmen, das ständige ante und post, um das sich neun Dialoge
2093 2352 3221 2393 drehen mit dem automatischen Dunkel= und Hellwerden, die natür¬
2096 2383 3220 2430 lich gebotene Zurückhaltung der Spielenden und die dadurch ent¬
2096 2421 3221 2472 stehenden Hemmungen in der Kurve des Geschehens zeigen die
2094 2466 3229 2507 Bruchstellen deutlich an. Und dann: von diesen zehn Dialoge sind
2100 2494 3221 2543 doch eigentlich nur sechs diskutabel. Die ersten vier und der letzte
2089 2540 3224 2590 sind theatralisch so wenig belangreich, daß der Actus, um den sie
2101 2570 3227 2623 sich drehen, kraß und ekelhaft in den Vordergrund rückt. Und wo¬
2099 2619 3218 2669 her kommt dieser Ekel? Aus dem Gefühl, hier inmitten Hunderter
2102 2657 3221 2702 zu sitzen, mit ihnen zusammen einen plumpen Einbruch in das
2092 2700 3220 2745 Mysterium der Liebe zu erleben. Man hätte kein Recht zur starker
2105 2732 3223 2779 Abwehr, wenn es sich um ein Experiment einer rein literarischen
2100 2771 3214 2816 Bühne für ein rein literarisches Publikum hemdelte, aber hier wird
2102 2810 3223 2855 in vollster Oeffentlichkeit vor weit zurückgerissenen Vorhängen ge¬
2105 2849 3227 2904 spiel. und ganz Frankfurt ist geladen. Unh wie dieses Frankfurt
2099 2899 3221 2945 die Dinge auf der Bühne verstand, bewies verständnisinniges Ge¬
2105 2923 3236 2976 lächter an der unrechten Stelle. Man nahm die Dinge nicht als
2113 2964 3234 3023 Delikatesse, sondern fraß sie mit Schmatzen. Ich danke für solche
2152 3033 3220 3097 Waß in den zehn Dialogen verhandelt wird, dürfte bekannt sein.
2106 3093 3236 3135 In jeder Szene geht es um einen Liebesakt, dessen Ausführung
2100 3126 3236 3172 durch Dunkolwerden der Bühne und dessen Beendigung durch Hell¬
2104 3167 3228 3212 werden angekündigt wird. Mann und Frau, Dirne und Soldat,
2103 3204 3236 3259 Graf und Schauspielerin, Ehebrecherin und junger Mann, das
2116 3248 3234 3297 üße Mädel und Dichter, sie alle werden mit sicheren Strichen ge¬
2117 3284 3237 3333 childert und ihr äußeres Liebeserlebnis wird zum Prüfsteln für
2101 3323 3234 3368 ihr inneres Verhältnis zum Weibe. Aber in keinem Falle handelt
2117 3366 3229 3409 es sich um ein ernsthaftes Liebesproblem, alle zehn Dialoge er¬
2104 3385 3238 3448 zählen von kleinen nichtigen Liebesspielereien. Schnitzler wollte
3158 3435 3236 3486 ihm
2102 3444 3109 3489 Amüsantes, Kleinmenschliches einfangen. Das gelang
2104 3468 3237 3528 und selbst in der Vergröberung auf dem Theater blitzt in
2116 3519 3235 3566 mancher Szene ein Stück bunten Lebens auf, das ob seiner ani¬
2108 3548 3236 3614 malischen Pracht frappiert. (Dsa süße Mädel.) Die Männerwelt
2111 3592 3061 3642 dieser zehn Bilder ist so unbedeutend wie die Weibswelt
2164 3625 3222 3680 Nun die Aufführung. Die Direktion hatte Vorsichtsmaß¬
2114 3667 3228 3718 regeln getroffen. Das Publikum mußte sich schriftlich verpflich¬
2114 3707 3223 3755 ten, artig zu sein. Wer nicht artig gewesen wäre, den hätte ein
2111 3747 3236 3795 Polizist an die Luft gesetzt. Aber das gute liebe Westendyubli¬
2112 3792 3229 3839 kum verhielt sich sehr ruhig. Hin und wieder wieherte es freund¬
2111 3832 3236 3874 lich. So kam das Theater, dank der klugen Fürsorge des
2108 3862 3227 3926 Theatekleiters, um einen Skandal herum. In der Hauptsache
2109 3905 3220 3953 aber, wohl dank der guten ausgeglichenen Aufführung, die jeder
2109 3947 3228 3996 falschen Ton vermied und den Dialogen nach Möglichkeit mensch¬
2115 3981 3241 4037 liche Selbstverständlichkeit, Heiterkeit und Anmut gab. Von den
2116 4023 3230 4079 Frauengestalten interessierten besonders Marion Heiden als
2113 4064 3228 4112 das süße Mädel, Kitto Aschinbach als junge Frau, die humor¬
2114 4101 3229 4154 volle Anni Reiter als Schallspielerin, Antonie Siener als
2189 4146 2490 4205 K
