3392 4448
1029 76 1428 178 box 17/7
327 91 826 197 11. Reigen
666 318 992 478 & Seic
433 459 1113 559 eau für Zeitungsausschnäte
417 546 1120 628 in 10. 45, Gsorgenkirchplatz #8
770 652 1107 762 freie Pres
370 1090 1458 1195 Die-heutige „Reigen“-Aufführung in den
716 1150 1129 1244 Kammerspielen.
383 1204 1482 1302 7 Bekanntlich hat sich die Direktion der Kammerspiele des
355 1234 1482 1341 Beutschen Volkstheaters entschlossen, Artur Schnitzlers
363 1294 1481 1388 Reigen“ neuerdings in ihren Spielplan auszunehmen, und
351 1336 1483 1427 für heute abend wurde die erste Aufführung des reaktivierten
350 1391 1466 1470 „Reigen“ angesetzt. Der Dichter hatte seinen anfänglichen Wider¬
360 1423 1474 1512 tand gegen dieses Beginnen der Direktion aufgegeben, da dem
352 1464 1467 1560 Vernehmen nach polizeiliche Vorkehrungen in solchem Ausmaße
349 1514 1465 1589 getroffen sind, daß eine Wiederholung der skandalösen Vor¬
345 1556 1467 1639 gänge vom vorigen Jahre nicht allzu wahrscheinlich ist. Es wurde
343 1598 1466 1681 die Assistenz von 60 Wachleuten angesprochen und die Kosten
343 1633 1473 1725 dieses Sicherheitsdienstes werden von dem Theater getragen.
344 1676 1465 1764 Nichtsdestoweniger wurde in den letzten Tagen von anti¬
345 1717 1466 1810 semitischer Seite mit Demonstrationen gegen die Wieder¬
348 1764 1459 1850 aufführung des „Reigen“ gedroht. Heute veröffentlicht nun der
342 1813 1461 1892 „Deutschvölkische Schutz= und Trutzbund für Oesterreich“ einen
346 1847 1468 1938 Aufruf an seine Gesinnungsgenossen, in dem er es als „völlig
345 1888 1466 1984 sinnlos“ bezeichnet, „wenn unsere opferbereiten Gesinnungs¬
340 1940 1471 2022 genossen mit den von ihren Vorgesetzten verpflichteten und in
345 1978 1466 2053 Ausübung ihres Dienstes einschreitenden Polizeimannschaften
343 2017 1458 2103 in einen Kampf eintreten wollten“. In dem Aufruf wird darauf
337 2060 1464 2141 hingewiesen, daß die Abwehr gegen Ausschreitungen auf dem
339 2104 1470 2194 Gebiete des Theaterwesens auf anderem Boden und mit anderen
341 2146 903 2213 Mitteln geführt werden müsse.
759 2402 890 2502 eitung
422 3053 1568 3168 „Reigen“-Aufführung unter
727 3156 1316 3276 Polizeiaussicht.
489 3263 1527 3338 Ungestörter Verlauf des gestrigen Abends.
632 3325 1385 3387 (Originalbericht des „Neuen Wiener Journals“.)
515 3368 1616 3452 Der gestrigen Aufführung von Artur Schnitzlers
401 3432 1602 3497 „Reigen“ in den Kammerspielen hatte man mit einer gewissen
391 3475 1600 3539 Spannung entgegengesehen. Bekanntlich hatte seinerzeit, da es zu
392 3538 1600 3590 tumultuösen Zwischenfällen im Theater kam, die Polizei ein Auf¬
398 3585 1606 3642 führungsverbot erlassen. Nach der Aufhebung dieses Verbotes
395 3624 1604 3684 stellte wieder der Dichter die Bedingung, daß ausreichende Bürg¬
407 3678 1614 3741 schaften für einen ruhigen Verlauf der Aufführungen gegeben
1924 314 2562 475 Klose & Seic
1940 467 2603 563 Bureau für Zeitungsausschm
1935 538 2665 641 Berlin DO. 45 Georgenkirchplate #
1875 749 2077 831 Zeitung:
1877 846 1979 932 Ou:
1876 1033 2773 1100 Schnitzlers „Reigen“, der in den Wiener Kammer¬
1844 1093 2779 1138 spielen eine ganze Reihe von Aufführungen erlebt
1844 1133 2772 1183 hatte mußte im Sommer des vorigen Jahres auf
1847 1171 2762 1214 Geheise der Polizei abgesetzt werden, da allerhand
1847 1212 2765 1264 Sittlichkeitssanatiker mit Stinkbomben ausgerückt
1848 1253 2774 1301 varen und die Vorsteuungen störten. Es entspann
1849 1293 2772 1351 sich dann ein Rechtsstreit, der mit der Freigabe des
1845 1330 2768 1372 Stückes endete. Nun hat sich Direktor Bernau ent¬
1845 1364 2765 1415 schlossen, den „Reigen“ abermals auf das Repertoire
1843 1410 2762 1455 zu setzen. Auch diesesmal meldeten sich die Stimmen
1847 1449 2762 1491 der sittlich Entrüsteten, und zwar waren es Deutsch¬
1838 1490 2773 1533 nationale, die in ihrem Blatte ankündigten, die Auf¬
1838 1527 2767 1581 führung nicht zuzulassen. Die Polizei hat gestern,
1838 1573 2769 1616 am Tage der ersten Wiederaufführung, Vorkehrun¬
1847 1609 2776 1651 zen getroffen, um Demonstrationen hintanzuhalten;
1841 1647 2774 1695 die Kammerspiele werden bewacht. Die Sittlichkeits¬
1834 1684 2763 1743 entrüsteten scheinen indeß zu Hause geblieben zu sein.
1839 1724 2496 1792 Es ist zu keiner Störung gekommen.
1617 2008 2842 2073 werden. Die Polizei hatte jedenfalls sehr umfassende Vorkehrungen
1628 2041 2847 2116 getroffen. Sie war 60 Mann stark ausgerückt und hatte vor dem
1625 2098 2835 2171 Theater auf der Rotenturmstraße einen Kordon aufgestellt,
1615 2152 2830 2213 um einen eventuellen Ueberfall von der Straße her ab¬
1623 2189 2831 2257 zuwehren. Auch vor den Eingangstüren stand eine
1617 2226 2835 2296 Gruppe Wachleute in Khakiuniform. An den benachbarten
1731 2285 2835 2360 der Rotenturmstraße hatten sich Doppelposten
1618 2298 1726 2354 Ecken
1625 2351 2842 2403 der Wache aufgestellt, ebenso war der Eingang ins Theater
1623 2387 2841 2445 am Fleischmarkt unter starken polizeilichen Schutz gestellt und
1627 2439 2878 2503 das Gittertor geschlossen. Die Schauspieler gelangten von hier?
1632 2487 2830 2540 aius über eine Wendeltreppe zu ihren Garderoben, da
1617 2529 2832 2600 die Bühnentüren von den Parterrelogengängen versperrt
1615 2581 1898 2643 worden waren.
1737 2598 2838 2690 Lauge vor Beginn der Vorstellung, die für 7 Uhr an¬
1625 2663 2832 2731 gesetzt worden war, herrschte vor den Kammerspielen reges
1628 2721 2839 2777 Leben. Zahlreiche Theaterbesucher drängten sich zu der Abend¬
1630 2769 2839 2822 kassa, auf der die Tafel „Ausverkauft!“ prangte. Trotzdem
1624 2820 2836 2876 wurden noch Karten an die mit Anweisungen versehenen Besucher
1630 2864 2843 2919 abgegeben. Viele Theaterbesucher mußten fortgehen, da sie keine
1632 2911 2843 2963 Karten mehr erhielten. Im Theatersaal selbst hatten bei den Türen
1625 2954 2839 3009 Wachleute in Unisorm Aufstellung genommen, was einen sonder¬
1626 3010 2839 3059 baren Eindruck machte. Auch in den Parterrereihen saßen Detektivs
1627 3051 2847 3111 verteilt. Wie wir erfahren, waren auch größere Gruppen von
1630 3091 2848 3159 Wachleuten im Möbelmagazin und im Inspektorat sowie auf der
1628 3146 2238 3222 Bühne in Dienst gestellt worden.
1744 3177 2850 3248 Diese Maßnahmen waren keinesfalls ganz überflüssig. Die
1634 3245 2839 3301 Vorstellung verlief allerdings ohne jede Störung bis zum Ende,
1632 3300 2849 3350 aber auf der Rotenturmstraße sah man im Gewühl von vorbei¬
1634 3333 2856 3399 hastenden und promenierenden Passanten hier und dort kleine
1642 3386 2851 3446 Gruppen von jungen Leuten stehen, die sich offenbar die
1638 3442 2851 3493 Situation besahen und schließlich verschwanden, da sich keine
1642 3477 2850 3539 Möglichkeit, gegen die Polizeiübermacht aufzukommen, bot. Nach
1631 3523 2862 3588 der Vorstellung leerte sich das Theater rasch und die Polizei zog
1636 3577 1929 3656 in Gruppen ab.
1740 3607 2855 3673 Die erste Wiederaufführung des „Reigen“ ist also unter
1629 3666 2873 3730 Polizeiaussicht ruhig abgelaufen. Ob aber nicht später doch ein
1599 3836 2838 3901 Versuch einer Demonstration gemacht weiden wird, wenn die
1605 3883 2663 3969 Polizei weniger sichtbar ist, wer kann das voraussehen?
1728 3957 2037 4038 „„  „
2851 3053 2886 3104 2
2851 2481 2890 2546 1
2857 2582 2895 2637 1
2861 2634 2898 2689 t
2858 2911 2895 2959 a
