3444 4352
463 187 550 250 Re
261 193 779 282 11. —igen
634 1097 780 1167 Jn#
961 180 1369 263 box 17/2
913 901 1440 959 Münchener Theaterpokizei. Die
857 946 1434 997 Vorlesung des Schnitzlerschen „Rei¬
846 986 1437 1041 gens“ durch Giampielto erinnert
860 1028 1444 1071 mich daran, daß der münchener
858 1070 1449 1118 Akademisch=dramatische Verein vor
855 1100 1436 1150 einigen Jahren drei Szenen dieses
853 1139 1445 1187 Werkes vor geladenen Gästen zur
848 1189 1442 1232 Aufführung brachte. Das Publikum
854 1221 1445 1273 hielt tapfer aus, jedoch der Uni¬
854 1260 1447 1306 versitätssenat, unter dem Vorsitz eines
856 1299 1451 1349 sanskritkundigen Rektors, geriet über
862 1344 1444 1385 diesen Studentenunfug in sittliche
851 1378 1444 1424 Empörung und beschloß die Auf¬
858 1413 1450 1465 hebung des Vereins. Man belehrte
861 1462 1445 1505 die alten Herren durch vielspaltige
861 1497 1442 1548 Zeitungsartikel darüber, daß der
856 1541 1444 1580 Akademisch=dramatische Verein eine
852 1576 1449 1623 Reihe von Jahren hindurch München
860 1612 1451 1657 mit moderner Dramatik versorgt
862 1656 1444 1708 hätte, daß er es wäre, der Ibsen,
859 1689 1446 1737 Hauptmann, Halbe, Maeterlinck in
870 1729 1444 1778 München, der „Über unsere Kraft“
866 1763 1454 1817 und „Salome“ in Deutschland zum
873 1811 1455 1862 ersten Mal auf die Bühne gebracht
998 1847 1454 1894 Was halfs! Der Verein
872 1853 997 1903 habe.
874 1889 1459 1937 war und blieb aufgehoben. Viel¬
861 1929 1461 1978 leicht wäre ein ernstlicher Verweis
859 1962 1452 2021 am Platz gewesen, weil man den
865 2003 1450 2057 „Reigen“ dieses gerade durch seine
875 2039 1453 2090 unerbittliche Geschlossenheit bedeu¬
869 2086 1454 2132 tungsvolle Werk, in Stücke gerissen
868 2127 1452 2170 und drei dieser an sich belanglosen
862 2156 1461 2208 Stücke einzeln vorgeführt hatte.
876 2201 1457 2246 Aber nicht das ästhetische, sondern
868 2240 1456 2287 das sittliche Vergehen sollte gesühnt
868 2279 1453 2327 werden. Die Gründungsmitglieder
874 2315 1453 2363 des Vereins taten sich zusammen, und
868 2358 1458 2406 aus dem „Akademisch=dramatischen“
875 2393 1467 2453 ging in verjüngtem Tatendrang der
878 2433 1469 2482 „Neue Verein“ hervor, der als erste
874 2475 1462 2524 Aufführung dieser Saison Ruederers
871 2513 1460 2566 „Morgenröte“ herausbrachte. Die
871 2556 1471 2603 Zensur hatte das Stück für die
867 2594 1461 2637 Offentlichkeit nicht frei gegeben. Das
868 2629 1467 2674 Warum wurde in den Zwischenakten
873 2665 1473 2720 der hiesigen Premiere eifrig, aber
870 2706 1463 2753 resultatlos diskutiert. Man hatte
880 2744 1455 2796 ein literarisches Bombenattentat er¬
877 2785 1461 2839 wartet und war ein bischen enttäuscht.
875 2826 1466 2880 Warum hatte die Polizei so laut
865 2861 1467 2911 Reklame gemacht, warum hatte sie
881 2900 1471 2950 so unbegründete Erwartung geweckt?
869 2942 1479 3004 Gleichviel, der Autor entschädigte
1498 881 2084 949 durch sein Stück für diese unbeab¬
1506 936 2086 986 ichtigte Enttäuschung; man amüsierte
1506 977 2087 1025 ich königlich und bereitete ihm und
1498 1015 2085 1067 Fräulein Marberg, die für die Rolle
1497 1063 2084 1112 der „Lola“ instinktive und darum
1495 1099 2092 1148 echte Begabung besitzt, einen be¬
1853 1131 2085 1181 Soweit ging
1493 1134 1840 1191 geisterten Erfolg.
1505 1172 2091 1223 alles mit rechten Dingen zu. Nun
1499 1210 2096 1259 aber ereignete sich Unbegreifliches.
1499 1253 2093 1301 Der Verein kündigte eine Wieder¬
1500 1290 2086 1343 holung der Aufführung an, auch
1497 1325 2093 1385 diesmal unter gleich sorgfältiger
1507 1368 2093 1418 Beobachtung aller polizeilichen An¬
1510 1405 2097 1456 ordnungen für geschlossene Veran¬
1511 1447 2095 1502 staltungen. Und siehe da: die Polizei
1499 1484 2102 1542 verbietet diese Wiederholung, ohne
1499 1520 2093 1577 das Verbot zu begründen. Es ist
1507 1570 2094 1612 ebenso leicht wie gefährlich, die
1513 1606 2099 1650 Logik dieses Verhaltens zu glossieren.
1505 1649 2092 1699 Ich schreibe daher meine Gedanken
1506 1680 2100 1727 nicht nieder, sondern begnüge mich
1506 1727 2099 1781 dagut, sie schmunzelnd zu konsta¬
1689 1753 2096 1814 Otto Falckenberg.
1510 1763 1614 1818 tieren.
1947 1942 3060 1992 Die Ur=uraufführung des Reigen“. Wir erhalte
1900 1980 3069 2026 noch eine Zuschrift zu dem Streit um den Ruhm der wirklichen
1899 2022 3076 2092 wahren und allerersten Uraufführung von Schnitzlers „Reigen“. Also
1972 2065 3107 2131 „Die Uraufführung des „Reigen“ findet weder in Berlin, noch fande
1908 2102 3093 2159 sie in Irkutfk statt, sondern sie lief vom Stapel anno 1903 oder 04 in
1909 2152 3091 2210 München unter den Auspizien des daselbst seinerzeit rühmlichst
1900 2194 2917 2245 bekannten Akademisch=dramatischen Vereins.
1974 2227 3080 2288 Robert Haindl, jetzt, wenn ich nicht irre, Polizeirat in Dresden,
1913 2272 3082 2327 führte damals den Vors#zUnsere Vereinskasse befand sich infolge
2577 2312 3086 2371 gelegentlich einer vorherigen
1898 2318 2304 2382 des splendiden, sektper
1899 2360 3086 2405 Wedekindschen Marqu##führung in argem Dilemma.
1899 2407 3077 2456 Nur etwas Niedagewin konnte helfen. Der „Reigen“ war
1910 2446 2207 2501 soeben erschienen!
1961 2494 3081 2540 Die Kaimsäle wurden gemietet, die Eintrittskarten berechtigten
1904 2539 3084 2593 gleich zur eintägigen Mitgliedschaft, und so konnte die ganze Assäre
1907 2579 3075 2631 unter dem für Zensor und Polizist sakrosankten Begriff der „ge¬
1912 2600 2428 2681 schlossenen Gesellschaft“ segeln.
1954 2661 3091 2723 Es kamen nur einige Szenen zur Aufführung. Der Uebergang
2086 2718 2178 2764 — —
2177 2711 3079 2767 triste“ wurde durch sekundenlanges gänzliches Ver¬
1909 2705 1992 2770 zum
1991 2723 2052 2766 60—
1901 2756 3089 2804 dunkeln betont. Vom Hoftheater spielten mit Monnard und König.
1957 2797 3088 2845 Den zweiten Teil der dramatischen Darbietungen bildete ein tot¬
1903 2835 2615 2899 geborener Einakter von Paul Goldmann.
1964 2879 3090 2929 Das Publikum war exquisiteste Mischung, der Saal bis zum
1899 2915 3086 2969 letzten Platz gefüllt. Helene Böhlau paradierte mit ihrem Al Raschid
1898 2967 3087 3015 Bei, verschiedene Prinzen und Hoheiten inkognitosierten, es war
2805 3002 3091 3060 In der „Gesell¬
1909 3007 2798 3058 alles da. Laut und endlos schallte der Beifall. —
1902 3047 3084 3106 schaft“ schrieb jemand höchst wegwerfend von den „jungen Herren,
1897 3094 2803 3141 die mit ihrem moralischen Nihilismus paradierten“.
1957 3129 3083 3183 Für den „Akademisch=dramatischen“ bedeutete dieser Ruhmes¬
1900 3181 3082 3229 rausch die Herostratenfackel; er wurde von seitm der Universität
1908 3223 3081 3270 aufgelöst und führte dann, oder führt wohl auch noch, ein geruh#
1909 3264 3085 3313 sames Spießerdasein unter dem neuen Namen „Der neue Wornin“.
