3392 4256
293 64 806 191 11. Reigen
996 66 1404 172 box 18/1
1516 881 2465 1031 chäsbühne, Berinz (1 UANuAk 1921
1188 813 1482 1073 4
990 1048 2068 1146 Kammer- und Schlafkammerspiele
1040 1121 2301 1196 Kan blickt auf Hofmannsthal wie bei ihm der gealtert. Casanova
987 1140 2300 1232 IVI manchmal auf seine Jugend. Holden Nachklang fühlt mein Herz.
990 1228 2304 1302 Das ist nun zweiundzwanzig, und das ist halb so viel Jahre her. Bei
981 1278 2296 1343 Brahm, um die Jahrhundertwende, sollte der Oesterreicher, zwischen
998 1333 2299 1382 einem gewichtigen Schlesier und einem noch gewichtigern Norweger,
1000 1375 2311 1440 keineswegs mehr sein als ein Farbfleck. Davon konnte man nicht
994 1426 2297 1491 wenig genug kriegen. Dem „Abenteurer und der Sängerin“ wurde ein¬
999 1481 2303 1536 ach der zweite Akt weggehackt und ihm damit verwehrt, von Grund
985 1573 2297 1625 erwachen und entdecken oder nicht einmal entdecken, daß wir zu
997 1622 2292 1687 schnell, zu ausgiebig und zu leicht gelebt haben. Das wäre, dachte
994 1673 2299 1736 wahrscheinlich unser strenger naturalistisch-rationalistischer Kunst¬
994 1721 2292 1788 erzieher, mit der skandinavischen Feststellung, daß wir niemals gelebt
996 1770 2296 1826 haben, schlecht zu vereinen gewesen. Eine Askese, die sich rächen
998 1824 2293 1881 mußte. Der Vollstrecker der Rache hieß: Max Peinhardt. Farbe und
997 1862 2300 1922 Lebenslust: jetzt konnte man deren nicht genug kriegen. Was in dem
986 1917 2295 1976 Dichter vom Wien des Canaletto und in dem Regisseur vom Burg¬
995 2032 2290 2080 seitiger Ergänzung, zusammmen und füllte die Bühne. Aber es über¬
993 2066 2283 2124 füllte sie auch, es klebte gradezu auf ihr fest. „Cristinas Heimreise
998 2115 2282 2173 hatte 1010 leider gar kein Glück, weil diese bezaubernde Schwerlosig¬
994 2167 2216 2229 keit behandelt wurde wie der „Parsifal’ in Bayreuth. Man konnte
1002 2202 2222 2267 anmutiger Beschwingtheit doch genug kriegen: sie brauchte nur d.
997 2252 2300 2337 Zentnergewichte um ihre Natur und ihre Funktion gebracht zu werden.
1075 2316 2287 2374 Nach dem Stahlbad des Krieges, das die deutsche Theatertext¬
993 2370 2291 2426 produktion jedenfalls nicht genommen liat, zwingt ihre Hinlälligkeit
993 2416 2296 2474 die paar unverrotierten, nicht oder noch nicht auf Serienschlager er¬
998 2451 2303 2520 pichten Direktionen, sich von der fernen und minder fernen Vergangen¬
997 2508 2290 2575 heit der Weltdramatik zu nähren. Da machen die Kammerspiele, ein¬
993 2567 2307 2626 gedenk, daß der Opernlibrettist Hofmannsthal von Hause aus Musik
998 2609 2305 2667 in sich selbst gehabt hat, einen ganz interessanten Versuch: dem
1002 2658 2303 2727 „Abenteurer und der Sängerin“ kleben sie den weggehackten Akt wieder
999 2704 2299 2774 an, und von „Cristinas Heimreise“ in vier Akten graben sie einen Firt¬
1004 2753 2307 2815 wurf in zwei (Szenen aus. Hier Florindo, dort Baron Weidenstathm
1000 2812 2296 2869 sind Pseudohyme für den jungen und den ergrauten Casanova, und es
1005 2861 2302 2915 ist tatsächlich glaubhaft und künstlerisch ausgewogen, daß jener
991 2907 2305 2960 bertiger seine Liebschaften anzettelt, als dieser für eine von ihnen
997 2949 2303 3017 widerwillig Rechenschaft ablegt. Auf beiden Daseinsstafen ist ihm
1000 2998 2303 3062 alles Menschliche fremd Ihm; nicht Hofmannnsthal. Der weiß, daß
991 3043 2307 3113 Schmerz bereiten kann, wer selber leer ist bis zur Unempfindlichkeit.
992 3099 2304 3165 Soweit in Komödien, die wertvoll werden nicht durch ihr solides
1004 3143 2304 3216 Rückenmark, sondern durch ihren schwebenden Gang und ihren reizend
1002 3190 2305 3257 gemalten Teint, mein Anteil aufgerufen wird und reicht, gilt ei den
1001 3257 2307 3310 Frauen dieses primitiven Von Juan, den in der Jugend eine unentrinn¬
996 3286 2301 3349 bare Elvira nicht Zerlinen „önnen will, und der auf seine alten Tage
1044 3347 1118 3421 72
