3532 4096
409 54 925 156 11. Reigen
1104 65 1531 159 box 18/2
2586 -5 2638 38 1
1787 77 2363 164 Klose d. Seidel
1773 152 2345 228 Bureau für Zeitungsausschnitte
1720 217 2408 286 Berlin NO. 43, Georgenkirchplatz 21
1696 370 2415 452 Zeitung: Berliner Lokal-Anzeiger
1693 432 1808 514 Ort:
2026 438 2189 515 Berlin
1694 505 1885 577 Datum:
2041 589 2416 718 BII
1610 748 3384 908 Der Sampf um Schnitzlers „Reigen“.
1640 892 2486 981 Vor der 6. Strafkammer des Landgerichts III
2556 918 3398 976 Rechtsanwalt Heine: Ich möchte bei dieser
1608 960 2472 1030 unter Vopsitz des Landgerichtsdirektors Brenn¬
2524 960 3396 1019 Gelegenheit auf folgendes hinweisen und einen
2526 1001 3381 1062 Antrag stellen. Unter den hier erschienenen von
1604 998 2477 1068 hausen(benn heute die Verhandlung gegen die
2525 1040 3381 1103 der Staatsanwaltschaft geladenen Zeugen befin¬
1604 1049 2481 1114 Direktore Frau Eysold und Sladek sowie den
2511 1073 3381 1137 den sich mehrere, welche an den bekannten Lärm¬
1609 1091 2466 1164 Regisseur Reusch und zehn Schauspieler und
2526 1118 3379 1176 zenen im Kleinen Schauspielhaus anläßlich der
1608 1137 2458 1211 Schauspielerinnen des „Kleinen Schauspielhauses
2522 1166 3383 1216 „Reigen“=Aufführung am 22. Februar d. J. be¬
2520 1194 3383 1247 teiligt gewesen und sogar verhaftet worden
1608 1189 2465 1264 wegen Erregung öffentlichen Aergernisses durch
2517 1236 3378 1292 waren. Ich bitte deshalb die Akten des Polizei¬
1607 1241 2464 1309 Darstellung des Schnitzlerschen „Reigen“. Die
2524 1273 3383 1321 präsidiums über diese Zeugen bezw diese Vor¬
1597 1287 2476 1360 Verhandlung findet im Schwurgerichtssaale statt,
2522 1308 3011 1364 fälle herbeizuschaffen. —
3026 1316 3388 1376 Staatsanwalt von
1599 1335 2474 1406 der sich bald mit zahlreichen Zuhörern, Zeugen
2506 1347 3380 1405 Bradtke widerspricht diesem Antrage. R.=A.
2517 1386 3376 1442 Wolfgang Heine weist darauf hin, daß an jenem
1597 1377 2472 1457 und Sachverständigen füllt. Die Anklage wird
2512 1426 3377 1480 Tage sogar Stinkbomben auf die Bühne ge¬
1603 1427 2465 1507 durch Staatsanw.=Rat v. Bradtke vertreten, die
2519 1459 2927 1519 worfen worden ien.
2921 1463 3379 1528 Zu den Ruhestörern,
1593 1471 2463 1555 Verteidigung führen die Rechtsanw. Wolfgang
2517 1501 3382 1563 die verhaftet worden seien, habe u. a. auch
1597 1520 2461 1603 Heine, Justizrat Dr. Rosenberger und Rechtsanw.
2511 1542 3376 1592 die hier als Zeugin anwesende Frau Haupt¬
1588 1571 1773 1636 Neumond.
2508 1589 3377 1633 mann Möller gehört. Das Gericht setzt die Be¬
2499 1616 3371 1671 schlußfassung aus Sodann beschließt das Ge¬
1790 1634 2251 1718 Die Vorgeschichte.
2513 1657 3378 1711 richt, am Sonntag, 6. November, mittags 12 Uhr,
2512 1700 3381 1750 eine gerichtliche Augenscheinseinnahme in Gestalt
1635 1695 2457 1766 Der Kampf hat bekanntlich schon eine lange
2512 1741 3377 1781 einer Separatvorstellung des „Reigens“ im Klei¬
1600 1734 2466 1805 Vorgeschichte. Er begann mit dem Zivilprozeß
2511 1771 3376 1828 nen Schauspielhause stattfinden zu lassen, zu der
1592 1776 2460 1843 der Direktion der Hochschule für Musik gegen die
2513 1814 3368 1862 sämtliche Zeugen und Sachverständigen unter
1596 1817 2068 1872 Direktion des Kleinen
2069 1827 2455 1883 Schauspielhauses auf
2512 1851 3373 1923 Strafandrohung im Falle ihres Nichterscheinens
1596 1853 2462 1924 Unterlassung der Vorstellungen. Die Zivilkammer
2496 1889 2731 1943 geladen sind.
1600 1893 2456 1958 hatte damals zugunsten des Kleinen Schauspiel¬
1592 1932 2452 1996 hauses erkannt und die Schnitzlerschen Szenen
2543 1935 3374 2006 Es folgten dann die Angaben der einzelnen
1592 1972 2460 2036 nicht für unzüchtig, sondern für eine sittliche Tat
2504 1974 3113 2040 Angeklagten zu ihren Personalien.
1584 2008 2459 2078 erklärt. Gegen die Angeklagten war dann ein
2538 2018 3364 2081 Die Angeklagten werden durch die Anklage be¬
1595 2047 2454 2113 strafrechtliches Verfahren eingeleitet worden, sie
2501 2056 3371 2123 schuldigt der Erregung öffentlichen Aergernisses,
1597 2085 2447 2145 sind aber durch Beschluß vom 22. Juni außer
2498 2111 3359 2162 und zwar Frau Cysold (Berneis) und Sla¬
1581 2123 2462 2191 Verfolgung gesetzt worden; in dem Beschluß
2494 2144 3368 2199 dek der Anstiftung der Schauspieler zur Be¬
1592 2162 2451 2224 wurde aber zum Ausdruck gebracht, daß objektiv
2493 2186 3361 2251 gehung der Straftat unter Gewährung von Vor¬
1585 2199 2448 2270 eine Unzüchtigkeit in der Darstellung erblickt wer¬
2504 2220 3315 2285 teilen, und Regisseur Reusch wegen Beihilfe.
1579 2236 2451 2306 den könne. Die Angeklagten setzten aber die
2543 2263 3356 2330 Staatsanwalt von Bradtke stellt den An¬
1591 2276 2455 2345 Vorstellungen fort, weil sie ihr eigenes Urteil
2501 2307 3356 2365 trag auf Ausschluß der Oeffentlichkeit wegen Ge¬
1585 2316 2450 2379 und das des Landgerichts in Zivilsachen sowie der
2494 2350 3370 2411 fährdung der Sittlichkeit. R.=A. Wolfgang
1580 2354 2448 2421 Sachverständigen für maßgebender erachteten als
2487 2393 3361 2438 Heine, ebenso der Angeklagte Sladek, wi¬
1574 2391 2441 2460 diesen Beschluß. Am 4. Januar, dem Tage nach
2496 2430 3363 2478 dersprechen. Nach kurzer Beratung beschließt das
1578 2431 2451 2496 der Entscheidung der Zivilkammer, war das erste
2497 2466 3351 2527 Gericht, den Antrag des Staatsanwalts abzuleh¬
1578 2469 2441 2536 Verfahren durch die Zentralstelle für Prüfung
2492 2505 3353 2552 nen, da von einer öffentlichen Verhandlung eine
1578 2512 2450 2573 unzüchtiger Darstellungen und Schriften (Prof.
2487 2547 3368 2598 Gefährdung der Sittlichkeit nicht zu erwarten ist.
1575 2547 2447 2613 Brunner) eingeleitet worden, und neuerdings ist
2490 2590 3362 2636 — In der Vernehmung erklärt die Angeklagte
1569 2582 2450 2646 dann wieder ein Verfahren inszeniert worden,
2481 2614 3366 2675 Frau Eysoldt, daß sie jede strafbare Handlung
1583 2615 2052 2676 welches zur Anklage führte.
2479 2656 3349 2708 bestreiten und den Anwurf, etwas Unzüchtiges
1613 2651 2440 2724 Al Sachverständige sind vom Gericht lediglich
2483 2700 3353 2751 auf die Bühne gebracht zu haben, mit aller Ent¬
1582 2695 2438 2762 geloden Reg.=Rat Professor Brunner und Geh.
2489 2733 3361 2791 schiedenheit zurückweisen müsse. Sie habe sich
1568 2740 2447 2798 Reg.=Rat Professor Faßbender. Unter den von
2476 2771 3353 2830 lediglich von rein künstlerischen Motiven leiten
1573 2774 2441 2840 der Staatsanwaltschaft geladenen Zeugen, fast
2481 2810 3358 2869 lassen. — Der Vorsitzende erinnert daran, daß
1575 2814 2436 2875 ausschließlich ältere Damen, befinden sich eine
2491 2847 3363 2908 Schnitzler selbst im Jahre 1912 sich über die
1568 2851 2441 2914 Rektorin, eine Lehrerin u. a. Von der Verteidi¬
2485 2888 2819 2946 Aussichtslosigkeit
2832 2894 3352 2943 einer Aufführung geäußert
1578 2891 2434 2950 gung sind direkt als Sachverständige geladen:
2477 2924 3347 2992 habe. Frau Eysoldt erklärt dies damit,
1568 2918 2440 2995 Prof. Dr. Witkowski (Leipzig), Dr. Max Osborn,
2485 2965 2554 3014 daß
2635 2965 2799 3026 seinerzeit
2866 2963 2988 3018 die
3015 2963 3140 3016 Zensur
3214 2965 3350 3025 bestand
1570 2965 2437 3035 Landgerichtsdirektor Geh. Justizrat Bock, Oberver¬
2483 2985 3360 3066 und Schnitzler offenbar mit Rücksicht auf diese
1564 3006 2443 3076 waltungsgerichtsrat Dr. Lindenau, Prof. Klahr,
2486 3051 3347 3105 von einer Aussichtslosigkeit der Aufführung ge¬
1567 3043 2435 3112 Ludwig Sternaux, Regisseur Lindt, Oberregie¬
2484 3082 3364 3142 sprochen haben. Frau Eysoldt entwickelt sodann
1573 3086 2432 3143 rungsrat Dr. Bulke, Regisseur Dr. Heim, Thea¬
2479 3124 3353 3182 des längeren ihre künstlerischen Anschauungen
1560 3119 2437 3191 terdirektor Holländer, Dr. Hochdorf, Schriftsteller
2473 3162 3343 3225 welche sie veranlaßt hatten, den „Reigen“ auf¬
1570 3160 2440 3231 Artur Eloesser, Dr. Alfred Kerr, Redakteur Hup¬
2478 3197 2655 3255 zuführen.
1568 3198 2432 3263 feld, Direktor Robitschek, Prof. Bie, Gerhart
1572 3235 2438 3304 Hauptmann, Arthur Zapp, Maler Karl Walser,
2511 3238 3348 3304 Der Angeklagte Direktor Sladek erklärt in
1574 3278 2435 3337 Justizrat Dr. Lubczynski, Dr. Ludwig Fulda,
2473 3283 3353 3336 seiner Vernehmung, daß er von einer ungeheuren
1571 3318 2435 3396 Dr. Artur Wolff, Kapellmeister Meyrowitz, Frau
2472 3324 3346 3382 Erregung gepackt worden sei, als ihm vor einigen
1557 3346 2217 3414 Troisch, M. d. R., und Minna Cauer.
2481 3362 3351 3412 Wochen die Anklage zugestellt worden sei, die in
1600 3384 2438 3455 Nach Aufruf der Zeugen und Sachverständigen
2478 3403 3339 3457 einem Tone gehalten sei, der ihn auf die gleiche
1562 3417 2428 3495 gibt Rechtsanwalt Wolfgang Heine folgende Er¬
2482 3437 3338 3489 Stufe mit einem Veranstalter von schwulen Nackt¬
2470 3475 3335 3525 tänzen oder einem Leiter eines Bordells zu stellen
1563 3468 2433 3533 klärung ab: Die Angeklagten erbieten sich, für das
1557 3506 2423 3567 Gericht, die Zeugen und Sachverständigen eine
2472 3519 3335 3566 versucht. Seine Erregung habe sich gelegt, als
1561 3543 2431 3606 Separatvorstellung des „Reigen“ im Kleinen
2469 3558 3334 3598 er zu der Ueberzeugung kam, daß der Staats¬
1560 3583 2433 3646 Schauspielhause zu veranstalten, da das Gericht
2465 3597 3337 3643 anwalt nur das Werkzeug unverständiger und
1560 3619 2428 3686 die Aufführung größtenteils nicht gesehen hat.
2478 3632 3337 3676 irregeleiteter Menschen geworden war. Die mor¬
2651 3655 2692 3695 5110
1555 3660 2349 3734 Wenn das Gericht dies beschließen würde,
2466 3675 3336 3719 gige Aufführung werde, so hoffe er bestimmt,
1555 3701 2418 3778 würde sich die ganze Zeugenvernehmung zum
2473 3707 3340 3762 auch den Herrn Staatsanwalt umstimenen und
1560 3735 1964 3795 größten Teil erübrigen.
2469 3745 3332 3794 ihn erkennen lassen, daß er sich auf einen Irrweg
1598 3769 2423 3837 Staatsanwalt von Bradke: Ich würde es auch
2476 3783 3337 3843 habe leiten lassen. Der jetzigen Ansicht des
1561 3806 2422 3880 für sehr wünschenswert halten, wenn das Gericht
2476 3822 3335 3875 Staatsanwalts stelle er das Urteil der Zivilkam¬
1560 3853 2426 3917 die Aufführung selbst sieht. Es würde sich dann
2464 3863 3159 3914 mer des Landgerichts III gegenüber.
3213 3866 3325 3915 Dieser
1557 3893 2419 3961 empfehlen, heute überhaupt nicht zu verhandeln,
2473 3888 3323 3944 ideale Schwung eines preußischen Richterkollegi¬
1555 3927 2152 3987 sondern erst nach der Aufführung.
2463 3943 3326 3986 ums, welches gegen den lauten Unfug der Straße
1600 3963 2423 4027 Zwischen den Verteidigern und den Angeklag¬
2462 3982 3322 4020 mutvoll auftrat, stellt ein Ruhmesblatt in der
1561 3994 2414 4069 ten einerseits und dem Gericht bezw. dem Staats¬
2473 4013 3329 4064 Geschichte der deutschen Rechtsprechung dar. Auch
1558 4041 1862 4098 anwalt andererse
2506 4055 2593 4098 eser 2
2201 4047 2257 4106 in
1988 4041 2055 4094 tehe
1922 4050 2003 4103 entst
