3484 4352
245 126 387 244 11.
947 103 1375 222 box 18/3
437 124 773 255 Reigen
785 909 875 1090 4
899 1059 1676 1183 Sy selv Deres Hatl
1869 1076 2343 1177 Vimmelskaltet 45.
2163 1278 2926 1353 Forfatter, et Mestervark, om hvilket
1364 1297 2152 1380 markeligere virker det, at den lille
2157 1349 2908 1419 f. Eks. „Frankfurter Zeitung“ skrev
596 1331 1292 1445 KEkstrabladetes Kronik.
1388 1342 2139 1436 Kobold nu kommer springende og ved
2157 1400 2909 1489 ved dets Fremkomst: „Lucians He¬
1389 1408 2146 1494 et bureaukratisk Drilleri legger Pin¬
2163 1457 2917 1540 teresamtaler er bekendte og beremte.
1386 1467 2143 1562 dringer i Veien for en Teaterforestil¬
2166 1518 2909 1601 I Schnitzlers „Reigen“ har vi noget
1394 1524 2137 1631 ling, der er forberedt under selve Fru
748 1470 1237 1646 „Reigen“ og
2156 1577 2910 1660 lignende, en Konslivets Psykologi, der
1394 1598 1726 1673 Nansens Egide.
2164 1641 2921 1715 i Aabenhjertighed og aandelig Frihed.
1450 1636 2143 1739 Hvor er vi egentlig henne, naar to
613 1611 1377 1766 Ridderen af den blaa
2176 1701 2914 1775 men ogsae i kunstnerisk Finhed kan
1387 1709 2142 1782 kunstneriske Kavtionister som Betty
2167 1758 2915 1848 maale sig med Lucian“ — den gri¬
1392 1766 2144 1858 Nansen og Arthur Schnitzler maa ri¬
846 1740 1148 1880 Blyart.
2169 1810 2921 1895 ske Sofist, som skabte den satiriske
1389 1823 2144 1907 sikere ikko at blive „taget god“ af en
2169 1878 2923 1953 Dialog og paa dette Felt naaede en
1394 1887 2146 1976 Mand af P. A. Rosenbergs Format?
625 1885 1355 2007 Af cand. mag. Niels Th. Thomsen.
2170 1932 2910 2031 ligefrem blaendende Virtuositet og fo¬
1394 1940 2152 2032 Kan der presteres noget bedre Bevis
2170 1994 2922 2100 rekommer forunderligt moderne den
1403 2009 2152 2105 for Teatercensurens Utaalelighed end
671 1992 1386 2110 Den Situation, som truede med at
2164 2067 2397 2149 Dag i Dag.
1403 2071 1980 2167 det, Censor her har leverei?
610 2087 1378 2172 indtrade allerede den Gang, da Carlo
2220 2094 2920 2204 „Reigen“ er ne#p satiriske Dialo¬
1459 2122 2098 2214 Men det er altsaa nedvendigt
615 2140 1384 2230 Wielh interesserede sig for en Opfe¬
2159 2176 2914 2262 ger, skrevet med et artistisk Raffine¬
1437 2185 2141 2292 Holbergs og Gustav Wieds Fodre¬
619 2200 1384 2294 reise af Schnitzlers „Reigen“, er mi
2176 2247 2924 2329 ment, uden hvilket enhver af de ti
1395 2249 2155 2336 land — at trade i Skranken for
619 2262 1382 2342 altsaa blevet akut: Censor forbyder!
2173 2292 2913 2390 Samtaler vilde lebe Risiko for at for¬
1405 2312 2148 2400 Schnitzler, for at det store Publikum
610 2319 1381 2408 Ridderen af den blaa Blyant stryger
2172 2356 2926 2447 groves i Retning af det laskive. Der
1395 2368 2146 2464 ikke skal tro, at Rosenberg har Ret,
627 2385 1387 2462 — ikke blot nogle enkelte Repliker.
2177 2403 2915 2510 vil i hele Samlingen nappe kunne
1404 2431 2144 2521 naar han offentligt gennem Inter¬
619 2444 1385 2517 men hele den projekterede Forestil¬
2170 2491 2921 2561 paapeges et eneste udelikat, plat eller
1403 2484 2143 2572 views, hau ikke bar dementeret, be¬
620 2501 1380 2582 ling. Og der er oven i Kobet Folk,
2174 2539 2914 2624 anstedeligt Ord. Schnitzlers flojls¬
1407 2551 2156 2624 legner „Reigen“ som noget „Stineri“,
619 2566 1385 2657 som finder, at dette er i sin Orden,
2180 2603 2926 2687 blode Sprog undgaar enhver Raahed,
1400 2606 2160 2696 der „kun handler om Parring“, Hvis
621 2636 1383 2710 hvad enten de nu har opportune
2174 2663 2929 2727 Vel bevager hele hans omfattende
1401 2674 2155 2751 dette virkelig er den interviewede Em¬
537 2649 1382 2749 — Grunde, er Hyklere eller aandeligt
2171 2724 2928 2793 For##tterskab sig nasten udelukkende
1396 2734 2156 2815 bedsmands ipsissima verba, kán man
629 2746 1298 2839 smalsporede, eventuelt baade-og.
2187 2777 2930 2865 Eros' Sfare: men hans Erotik bliver
1405 2792 2151 2860 ikke kraftigt nok protestere imod, at
692 2800 1381 2890 Selv principielle Medstandere af
2166 2837 2923 2925 aldrig smagles: Ingen eier en hojere
1404 2858 2149 2934 en lille dansk Skribent, der gaar for
642 2863 1385 2952 let Rudiment. Teatercensuren er, har
2181 2899 2924 2968 udviklet Sans for, hvad der ber viere
1403 2907 2151 2996 #t besidde literer Kultur, paa en saa
662 2918 1391 3004 det store og hele veret tilbojelige
2179 2952 2920 3038 res tucendu; hon kender og anvender
1409 2971 2155 3058 wvederhaftig Mande karakteriserer ei
673 2985 1393 3071 at mene, at P. A Rosenberg bidtil
2170 3015 2924 3104 Antyi'ningens Kunst, om fornodent ved
1422 3026 2161 3119 Aandsarbeide af „Reigen's Rang,
634 3055 1388 3133 bur undgauet saa godt som enhver
636 3078 2930 3177 eilighed til ut dumme sig. Saa meget#skrevet af Ostrigs sterste nulerende Hjelp af Figenblads-Tankestreger.
2918 1074 3284 1185 der er ikke sikkert,
2904 1166 3227 1237 Iver nedvendigt!
2932 1275 3304 1353 Som Josef Körnen
2923 1328 3264 1414 lige Monografi
2937 1393 3292 1466 Gestalten und Pr
2938 1450 3336 1537 lige Sider af Liv
2924 1513 3318 1596 gerne.“ Og hvor b
2933 1566 3308 1652 undtagelsesvis ind
2933 1633 3305 1713 ret, herer hun lig
2963 1689 3289 1767 „Keden“ som hi
2940 1745 3298 1834 tagere i Rundd
2934 1810 3312 1894 starkt, at Forfatt
2934 1870 3306 1955 er en Tilskuer til
2937 1935 3287 2013 en Gennemskuer.
2995 1992 3290 2074 Ingen Digter
2944 2054 3279 2131 Maadehold med
2934 2114 3315 2196 Arbejde end Schni
2937 2168 3319 2254 Da han i Vinter
2942 2230 3316 2315 skrevet de 1 10
2941 2287 3304 2381 dem trykke som N
2938 2350 3313 2430 te Bogen til sine
2935 2413 3318 2498 med en kort Forta
2946 2474 3332 2554 som oplyst 1 Mo
2933 2526 3308 2615 Schnitzler-Hefte 1
2936 2578 3330 2674 terens 60 Aars Fo
2979 2654 3317 2736 bl. a. udtalte,
2947 2715 3313 2796 Verdi efter hans
2939 2770 3305 2854 noget andet end#
2942 2831 3325 2913 hold efter de greld
2944 2885 3336 2973 les at forbrde Ou
2944 2941 3341 3027 det har han tusind
2948 3010 3329 3094 fojer denne inter
2944 3069 3279 3158 Hjemmelsmand:
