3336 4320
296 182 433 259 11.
481 168 806 283 Reigen
982 194 1402 290 box 18/1
224 1315 3196 1567 1. Beilage des Berliner Börsen-Courier Nr. 55.
1260 1562 2155 1646 Donnerstag, 3. Februar 1921.
3068 1613 3204 1680 5
1198 1655 2217 1742 wächst für mich die Möglichkeit, unser beider Wünsche
314 1672 1136 1774 Schnitzler über „Reigen“
2224 1683 3240 1777 Entschiedenheit verwahre, das ist der Versuch, gerade
1213 1687 2210 1785 nach meiner Regie zu erfüllen. Sie dürfen jedoch in
2228 1735 3247 1807 Max. Reinhardt, der als Erster meine eigene Mei¬
1205 1741 2213 1823 jedem Fall versichert sein, daß ich aus den schon
402 1746 1195 1825 In dem Prozeß der Hochschule für Adar
2235 1782 3239 1861 nung von der Nichtaufführbarkeit des „Reigen“ ins
1204 1786 1814 1855 wiederholten Gründen mein
341 1776 1188 1858 gegen die Direktion Eysoldt=Sladek hat Maxi¬
1800 1796 2215 1861 volles künstlerisches
2237 1816 3237 1903 Wanken gebracht, meinen eigenen Bedenken gegen¬
342 1835 1188 1898 milian Harden als Gutachter heftige Augriffe
1205 1823 2213 1909 Interesse Ihrem Werk widmen werde und unbedingt
348 1861 1184 1934 gegen Schnitzler gerichtet. Im „Neuen Piener
2222 1858 3241 1941 über die Aufführung des „Reigen“ nicht nur für
1197 1848 2205 1966 dafür Sorge trage, daß es auf dem höchsten künst¬
352 1912 1181 1974 Journal“ hat Schnitzler diese Angriffe irheinem
1201 1907 1815 1979 lerischen Niveau herauskomme.“
2231 1902 3243 1984 „künstlerisch opportun“, sondern für „unbedingt wün¬
350 1939 1182 2013 Feuilleton unter dem Titel Berichtigung
2224 1941 3239 2023 schenswert“ erklärt hat, als Eidesheifer gegen die
1268 1951 2214 2045 Auf diese Zusicherungen hin schloß ich mit Max
349 1982 1185 2058 zurückgewiesen, das uns zum Abdruck zur Ver¬
2221 1979 3240 2058 künstlerische und moralische Zulässigkeit eines Experi¬
1201 1970 2187 2066 Reinhardt einen Vertrag, nach welchem der „Reigon“
344 2016 730 2077 fügung gestellt wird.
2212 2020 3239 2110 ments anzurufen, als dessen geistiger Initiator er in
1196 2029 2208 2110 bis spätestens 31. Januar 1920 an einer seiner
229 2039 1186 2152 Niemals hat es mich sonderlich gelockt, auch wo
2227 2055 3234 2155 jedem Falle gelten muß — mögen auch äußere Um¬
1194 2068 2195 2150 Bühnen zur Aufführung kommen sollte. Der Termin
162 2091 1169 2195 ich einem Urteil, war es gut oder böse, mit Interesse,
2230 2094 3235 2187 slände ihn verhindert haben, zu denen ich nach Rein¬
1190 2107 2198 2197 wurde, wie das im Theaterleben zuweilen vorkommt,
170 2143 1173 2225 dem Urteilenden, wie es diesmal der Fall ist, ob
2208 2147 3220 2229 hardts Briefen, die ich in ihrer ganzen ausführlichen
1184 2155 2194 2228 versäumt, eine kurze Zeit hindurch schienen die poli¬
163 2183 1182 2268 Freund oder Feind, mit Respekt gegenüberstehen
2208 2186 3234 2264 und überzeugenden Herzlichkeit hier nicht wiederholen
1192 2193 2200 2277 tischen Verhältnisse für eine Aufführung des „Rei¬
166 2227 1182 2310 durfte, mich in Diskussionen über Wert oder Unwert
2216 2213 3220 2315 konnte, die Abmahnungen Maximilian Hardens
1196 2233 2197 2308 gen“, worüber ich mit Reinhardt eines Sinnes war,
161 2271 1172 2343 meiner Arbeiten oder gar über meine ethischen Qua¬
2211 2268 3219 2355 keineswegs zu rechnen vermag —, das Experiment,
1187 2260 2199 2352 nicht sehr günstig zu liegen, und im Frühjahr 1920
155 2303 1166 2383 lifikationen einzulassen. Aber nicht nur müßig, son¬
2208 2309 3227 2401 so wie er ursprünglich gesonnen war, persönlich und
1176 2316 2192 2395 drang ein Gerücht zu mir, daß Reinhardt mit einer
2204 2345 2616 2426 als erster zu wagen.
155 2329 1174 2430 dern geradezu unwürdig erschien es mir, mich und
1180 2354 2196 2437 andern Berliner Theatervirektion verhandle, die den
2833 2363 3186 2449 Artur Schnitzler.
153 2372 1169 2474 mein Werk gegen unfaß= und ungreifbare Anschuldi¬
1170 2396 2193 2478 „Reigen“ in den Kammerspielen zur Aufführung
2655 2395 2752 2469 *
143 2431 1169 2509 gungen verteidigen zu wollen, wie etwa die, daß ich
1174 2423 2193 2518 bringen solle. Auf mein Ersuchen um Aufklärung
160 2480 1158 2550 „einer Literatenplejade angehöre, die von der Gunst
1174 2483 2203 2557 wurde mir von Reinhardt am 24. April folgende
151 2486 1165 2585 einer ihr durch mancherlei Interessensträhne verbün¬
1168 2522 2198 2602 Antwort zuteil: „Bezüglich des „Reigen“ möchte ich
141 2548 1161 2635 dete Rezensentenzunft mit Lob aufgepäppelt wurde“,
1172 2563 2195 2647 Ihnen mitteilen, daß von mehreren Seiten allerdings
201 2591 1155 2679 oder daß ich mich „in die Sucht verirre, Wirkung,
1178 2600 2186 2680 an mich herangetreten worden ist, das Werk freizu¬
143 2629 1154 2719 die meine Kunst nicht zu erlangen vermöge, aus ent¬
1172 2648 2195 2729 geben. Jede Unterhandlung in der Richtung ist von
140 2676 1141 2750 lehntem, künstlich erhitztem Erotenreiz zu erbrüten“
1165 2656 2191 2760 vornherein von mir abgelehnt worden. Ich habe
150 2724 1159 2801 und, „diesen Reiz klug nutzend mit Talentaufwand,
1171 2724 2190 2806 niemals daran gedacht, dieses Stück einer anderen
142 2753 1161 2847 von dem anderer Stoff noch nicht genießbar würde,
1178 2761 2179 2841 Bühne zu überlassen Ich habe immer an der Ab¬
144 2797 1152 2878 einem großen Publikum den Gaumen kitzeln könne“.
1169 2789 2181 2901 sicht festgehalten, das Werk selbst zu inszenieren.
137 2826 1149 2912 Hätte Maximilian Harden auch nur einen der Rezen¬
1164 2845 1781 2920 Daran hat sich nichts geändert.“
134 2877 1156 2963 senten zu nennen gewußt, mit denen ich angeblich
1224 2884 2174 2969 So Max Reinhardt. Maximilian Harden aber
131 2918 1147 2999 durch Interessensträhne verbunden war oder bin und
1153 2921 2184 3009 weiß in seinem Artikel folgendes zu berichten: „Der
137 2962 1146 3044 sich über die Art dieser Interessen mit genü¬
1153 2965 2172 3041 mit der Verantwortlichkeit für ein großes Heer An¬
129 3002 1152 3092 gender Deutlichkeit auszusprechen beliebt; hätte er
1163 3002 2175 3085 gestellter Bebürdete, von der Sorge für den über alles
133 3036 1145 3123 aus den zahlreichen Sachen, die ich geschrieben eine
1168 3050 2172 3128 Erwarten hinaus verteuerten Riesenbau des Großen
127 3072 1139 3165 oder die andere herausgegriffen, mit der ich seiner
1161 3087 2177 3176 Schauspielhauses bedrückte Künstler Max Reinhardt
129 3127 1144 3205 Meinung nach einem großen Publikum den Gaumen
1160 3116 2172 3213 war überredet worden, sich das Aufführungsrecht für
114 3152 1140 3245 kitzeln wollte, dann wäre es — ich will nicht gerade
1167 3167 2179 3252 seine Kammerspielbühne zu sichern („sonst erwirbt es
125 3203 1140 3292 sagen, der Mühe wert — aber doch immerhin möglich
1154 3204 2176 3289 morgen ein anderer“), stimmte mir aber sofort zu,
129 3240 1075 3315 gewesen, ihn im einzelnen zu widerlegen. Wer
1164 3250 2165 3333 als ich seiner Frage, ob die Aufführung mir ratsam
1066 3277 1146 3329 sich
131 3281 1080 3367 aber ernsthaft in Positur stellt, um einen Lufthieb
1155 3290 2175 3370 scheine, antwortete: „Durch die Ausstellung von
1064 3323 1143 3369 zu
118 3324 1137 3413 parieren, der wäre in Gefahr, sich genau so lächerlich
1156 3330 2164 3416 Akten, die den Beischlaf vorbereiten, Geld zu ver¬
132 3369 1137 3451 zu machen wie sein Gegner, dessen Degen, sei es auch
1144 3370 2170 3446 dienen. kann und muß Reinhardt anderen über¬
130 3413 1129 3505 mit allerkünstem Schwunge, am Ziel vorbei ins Leere
1156 3413 2175 3506 lassen.“ Er hat trotz mancher Schwierigkeit in der
119 3452 347 3515 gesaust ist.
1144 3451 2155 3534 Spielplangestaltung aus seinem Recht nicht Zins ge¬
1148 3502 2152 3576 zogen, die Koitusgespräche nicht auf seine Bühne ge¬
183 3499 1129 3586 Somit habe ich keinerlei Anlaß, mich mit dem
1141 3539 2156 3619 bracht. Und er wäre vielleicht der einzige gewesen,
129 3530 1130 3624 Gutachten Maximilian Hardens zu beschäftigen, so¬
1139 3580 2159 3654 dessen Theatergenie ihnen ein szenisches Phantasie¬
119 3563 1127 3666 weit es meine Person betrifft. Was zu berichtigen
1138 3621 2146 3709 gewand von eigenem Kunstwert zu wirken ver¬
115 3603 1127 3706 nir nötig scheint, ist die Darstellung, die Maximilian
1137 3655 1315 3714 mochte.“
113 3662 1125 3750 Harden von dem inneren Verhältnis und dem auße¬
1201 3693 1480 3762 Ich bedauere
119 3710 1120 3781 ren Verhalten Max Reinhardts gegenüber dem „Rei¬
1457 3701 2157 3790 — vielleicht noch aufrichtiger als
118 3739 1118 3820 gen“ gibt, und die auf unzureichender Kenntnis von
1136 3739 2147 3827 es Maximilian Harden tut —, daß es zu dieser Regie¬
120 3783 1120 3863 Tatsachen und offenbaren Mißverständnissen beruht.
1145 3794 2054 3864 leistung Max Reinhardts nicht gekommen ist,
2074 3815 2160 3869 be¬
115 3823 1119 3910 Zur endgültigen Aufklärung muß ich mehr um Max
1139 3832 2158 3917 dauere es um so mehr, als es mir kürzlich vergönnt
111 3860 1124 3941 Reinhardts als um meinetwillen in aller Kürze mit¬
1131 3873 2150 3946 war, einen Blick in das Regiebuch zu tun, das zu
117 3893 1111 3989 keilen, wie meine Szenenreihe „Reigen“, die bekannt¬
1130 3900 2153 3989 entwerfen er begonnen hatte. Im Sommer 1920 trat
119 3946 231 3996 lich
214 3929 1110 4028 ursprünglich keineswegs zur Aufführung be¬
1131 3953 2143 4032 Max Reinhardt bekanntlich von der Leitung seiner
124 3981 1117 4086 stimmt war, mit meiner ausdrücklichen Einwilligung
1126 3989 2138 4073 Theater zurück. Felix Holländer, sein Nachfolger,
116 4018 499 4102 auf die Bühne kam.
1132 4032 2141 4111 übernahm mit anderen Verträgen auch den über den
1122 4074 2134 4151 „Reigen“ erbat in mündlicher Unterredung mein
158 4078 1112 4171 Nachdem im Laufe der Jahre von einzelnen
1126 4114 2145 4194 Einverständnis, mein Lustspiel „Die Schwestern“ in
103 4099 836 4200 SSchausvielern und Schauspielerinnen,
860 4140 1106 4199 später auch
1118 4151 1683 4226 den Kammerspielen und
216 4168 547 4226 n
1868 4182 2004 4224 Reigen“
