3444 4352
317 85 817 199 11. Reigen
1005 79 1414 177 box 17/3
1430 1864 1881 1964 BerLner B#sen
1659 1935 2033 2025 Morgenausgab
1393 2057 2321 2129 Schnitzlers „Reigen“ wird im Nahmen der
1367 2103 2314 2170 Kammerkunstadende der Buch= und Kunsthandlung
1366 2159 2312 2196 Reuß und Pollack, Kurfürstendamm 220 (Meineke¬
1384 2193 1595 2246 straße 1),
1598 2192 2316 2249 zum ersten Male durch Margarethe
1373 2236 2308 2284 Christians vom Deutschen Theater am Mitewoch,
1367 2275 2324 2313 23. d. M., zum Vortrag gelangen. Unter anderem
1366 2313 2306 2363 wird Margarethe Christians die „Griechische Tänzerin“
1372 2354 2321 2403 und „Leutnant Gustel“ lesen. Eintrittskarten zum
1367 2384 2308 2447 Preise von 5 Mk. bei Reuß und Pollack, Stein¬
1370 2423 1561 2482 platz 1460
