3444 4320
1005 183 1417 265 box 17/5
314 181 832 289 11. Reigen
464 552 1282 681 Tbegter und Kunst.
448 699 1274 803 „Reigen in den Kammerspielen.
571 778 1161 844 Die gestrige Erstaufführung.
467 833 1302 891 Artur Schnitzlers vielverrufene Szenen¬
441 876 1303 930 reihe „Re#uch in der gestrigen
445 918 1295 973 Erstaufführung im Kampf gegen die Rampe
445 958 1242 1027 siegreich bestanden. Das Publikum schien
447 1010 1285 1077 zu seiner Ehre sei es gesagt — anfangs be
446 1044 1291 1115 fremdet, ja vielleicht abgestoßer was sich ir
449 1075 1293 1147 eisiger Stille äußerte. Späte# aber, als sich
442 1141 1296 1202 die häßlichen Dingerd## wenigstens in
451 1171 1303 1252 heiterem Rahmen abspiftten, gewann mar
444 1220 1293 1294 immer mehr Laune.zum“ Schlusse gab's
443 1261 1292 1333 widerspruchslosen Beiall; so daß Direkton
437 1307 1294 1360 Bernau erscheigen konnte, um namen
446 1341 895 1435 Schnitzlers zu da#
536 1386 1299 1451 Wir habe## gelegentlich der General¬
446 1444 1292 1502 probe des e“ unseren Lesern von Weser
456 1467 1292 1534 und Inhal=Wieser Sienen erzählt, was sich mit
446 1521 1299 1578 Anstand##kraten läßt. Zehnmal hebt sich der
440 1566 1298 1634 Vorh##um einen neuen Schauplatz und ein
448 1606 1306 1661 neues Paar zu zeigen und ebenso oft muß die
444 1650 1302 1704 Bühne zu tiefstem Schwarz verfinstert werden.
449 1691 1303 1758 Eine Verhüllungspause. Aber trotz aller Un¬
444 1738 1300 1792 durchdringlichkeit scheußlich genug. Wenn
455 1778 1310 1832 irgend etwas den Zuschauer ahnen läßt, daß
450 1817 1307 1895 über all den Tiefen doch eine Dämmerung von
456 1865 1311 1926 Kunst schwebt, so ist es die gewisse
446 1901 1302 1976 Schnitzlersche Melancholie, die aus dem
459 1950 1300 2006 Schmutze schwer sich erhebt. Denn all diese
451 2002 1303 2050 Menschen, die da in brutalem Sinnenrausche
455 2038 1301 2103 sich treffen, empfinden schließlich doch mehr
453 2076 1306 2135 oder minder den Ekel des Lebens. Leise Tragik,
449 2121 1307 2191 die im Rauche eines Düngerhaufens aufsteigt.
532 2163 1302 2218 Wieder beobachtete man bei der gestrigen
453 2207 1304 2260 Aufführung wie der Spielleiter Dr. Schul¬
460 2248 1303 2309 baur bemüht war, die Kerzenflamme nicht
462 2287 1302 2348 nur möglichst früh mit eifrig zugreifenden
462 2337 1302 2402 Fingern zu ersticken, sondern auch den glühen¬
461 2388 1314 2435 den Docht zu erbrücken, damit der brenzliche
451 2425 1309 2490 Geruch bald verschwinde. Auch die Darsteller
453 2468 1313 2526 waren auf diese löbliche Absicht gestimmt. Man
448 2524 1317 2566 kann sie im ganzen ausgezeichnet nennen. Von
757 2550 1315 2617 es tat uns recht leid, sie ihrer
463 2563 740 2617 den Damen —
453 2600 1315 2655 Würde entkleidet zu sehen — möchten wir
453 2637 1311 2701 Fräulein Keller obenan stellen. Ihr „süßes
452 2689 1303 2739 Mädel“ ist kein Theater mehr. Das ist Natur
457 2734 1309 2784 und darum Erlebnis. Ganz brillant auch
461 2775 1312 2829 Marietta Olly als Schauspielerin. Das war
459 2822 1303 2872 die Tragödin, die auch im Boudoir die
455 2857 1307 2914 Komödiantin nicht vergessen kann. Ueberdies
461 2898 1314 2970 fühlte man sich durch die vielleicht unbewußte
459 2959 1301 3008 und gerade deshalb um so verblüffender
457 2990 1308 3042 Sandrockkopie gepackt, die diese Schauspielerin
460 3032 1304 3088 bot. Gutes Theater, wie immer, Fra#
1246 3078 1302 3132 und
461 3067 1238 3128 Carlsen, als „anständige Frau“
453 3123 1308 3180 Fräulein Markus (Dirne). Unter den
455 3170 1308 3225 Herren ragte Herr Lickner als gräflicher
461 3212 1319 3267 Offizier in seinem unnachahmlichen Humor
1145 3250 1308 3312 Prachtige
589 3248 1082 3314 Ungeschicklichkeit hervor.
466 3266 525 3307 der
463 3279 1308 3350 Leistungen boten auch die Herren Wengraf
466 3335 1319 3392 ein eleganter, junger Schauspieler, der gestern
460 3377 1310 3435 eine schöne Talentprobe gab, Ziegler und
457 3425 1310 3482 Iwald. Die szenisch=dekorativen An¬
460 3467 1309 3526 deutungen (sie stammen von einem jungen
458 3513 1324 3576 Künstler, Herrn Paul Friedmann)
466 3560 1317 3610 brachten nicht nur Stimmung, sondern er¬
470 3607 1312 3660 möglichten auch eine rasche Abwicklung der
470 3650 606 3712 Szenen.
552 3693 1310 3746 Noch eines: Junge Damen waren es
471 3739 1321 3788 darunter viele Mädchen, die am wärmsten ihrr
472 3777 1312 3825 Dankbarkeit für den Abend Ausdruck gabek
462 3819 1200 3873 Wir begegneten ihnen in der Garderobe
465 3860 1176 3913 taten so, als hätten sie soeben eine
1214 3858 1312 3921 schön
456 3900 1180 3977 Schulfeier im Töchterinstitut genossen
1225 3918 1285 3981 2
1339 2993 1372 3035 h
1328 3021 1361 3061 8.
1334 3127 1372 3166 1
1338 3425 1379 3470 D
1345 3467 1375 3506 gi
1331 3532 1374 3566 5
1336 3558 1383 3600 A
1343 3629 1380 3704 2
1339 3701 1370 3737 in
1336 3731 1388 3796 6.
1341 3848 1371 3886 r
2248 451 2723 557 Sheater
2359 601 2587 689 „Reigen.
2106 670 2836 768 Zehn Dialoge vol Ertur Schnitzler,
2212 733 2739 840 (Zur heutigen Gestgsführung.)
2020 817 2975 890 Diejenigen, die sich über Müllers „Flamme“ angenehm
1986 879 2971 943 entrüstet haben, werden heute abend in den Kammerspielen
1986 929 2967 988 mit Vergnügen feststellen, daß die Muditäten dieses Stückes
1982 975 2971 1039 gegenüber den „letzten Menschlichkeiten“, die Artur
1990 1020 2958 1085 Schnitzler oder vielmehr Direktor Bernau im „Neigen
1991 1071 2969 1136 auf die Bühne bringt, nur noch als Kinderkomödie ge¬
1995 1120 2969 1175 wertet werden können. Die Gespräche, die im „Reigen“ von
1996 1160 2969 1234 einem Soldaten mit einer Tirne und einem Dienstmädchen,
1995 1217 2980 1275 vom jungen Herrn mit dem Stubenmädchen, von dem
1982 1263 2965 1320 jungen Mann mit der „anständigen Frau“ von den
1995 1305 2964 1380 älteren Herrn und dem Dichter mit dem „süßen Mädel“
2000 1365 2973 1426 vom Dichter mit der Schauspielerin und vom Offizier mit
1996 1399 2983 1468 der Schauspielerin und mit einer „Solchenen“ geführt
1990 1449 2967 1521 werden, bewegen sich stets um eine Situation, die schamvol
1995 1504 2969 1567 durch eine Lichtpause markiert wird, weil die Zensur vielleich
1997 1563 2963 1614 doch eiwas dagegen hätte, wennde „Wunder der Zeugung
2004 1600 2979 1665 ganz offen demonstriert würden. Diese menschlichen Not¬
2003 1643 2985 1710 wendigkeiten, von denen sonst wohlerzogene Lente nicht
2010 1694 2973 1770 sprachen, gehören jetzt zum Inventar eines Theaterbetriebes,
2000 1749 2984 1807 wenn er sich lukrativ gestalten soll. Denn die Wohlerzogen¬
2002 1793 2975 1855 heit muß leider zu jenen Dingen gezählt werden, die beim
2002 1837 2976 1908 Umsturz verräumt worden sind und nicht mehr gesunden
2011 1897 2251 1959 werden können,
2039 1920 2982 2006 Diesen Moliven ist denn auch die Zusammenklitterung der
2000 2004 2985 2059 zehn Dialoge zu einem Stück zuzuscreiben. In Buchform
2006 2040 2986 2104 haben sie ihre Schuldigkeit längst jetan und dem Autor
2004 2092 2999 2159 namhafte Tantiemen eingebracht. Nun soll der versiegende
2012 2140 2987 2203 Geldstrom durch andere Röhren wieder hergeleitet werden.
2050 2198 2989 2272 Es kann auch kein Zweifel darüber herrschen, daß sich
2004 2258 2983 2314 das neue Publikum, das auch im Theater nicht die von
2012 2298 2999 2360 den „Budapestern“ her gewohnten Laszivitäten missen
2017 2350 2986 2410 will, nicht erst den Kopf zerbrechen wird, ob sich die
2005 2411 2998 2458 Dialoge für öffentliche Darstellungen eignen, ob sie im¬
2014 2450 2991 2512 stande sind, ein Stück zu bilden, und ob diese Ueb rtragung
2022 2510 2993 2560 geheimster Vorgänge auf die Bühne eine künstlerisce Not¬
2020 2540 2994 2605 wendigkeit oder eine einfache Spelulation auf die Sinnen¬
2018 2587 3002 2654 lust nach sexuellen Sensationen lüsterner Mitbürger sei.
2013 2654 2996 2702 Sie werden wonneschauernd den Lichtpausen entg gen¬
2020 2684 2997 2755 harren und durch den verünsterten Saal wird leise der
2012 2736 2998 2796 hübsche Kinorefrain „Wann's finster wird, da ruck' ma
2016 2778 3004 2845 z'samm“ schwirren. In allen Schiebercafés wird man
2018 2821 3007 2895 „literarisch“ werden und vom „Reigen“ sprechen und die
2026 2874 2995 2938 Dialoge des Herrn Schnitzler werden fortau in keinem
2026 2933 2624 2999 „feinen“ Schlafzimmer mehr fehlen.
2054 2974 3006 3048 In Berlin hat die Aufführung dieser Dialoge arge
2021 3037 3001 3094 Skandale herborgerufen und in München mußten die Be¬
2021 3081 3012 3143 sucher bestätigen, daß sie mit der Aufführung einverstanden
2020 3139 3007 3197 sind. Wie sich das Wiener Publikum zum „Reigen“ ver¬
2032 3176 3006 3242 halten wird, soll der heutige Abend zeigen. Es ist kaum
2026 3226 3001 3292 etwas zu befürchten. Die Leute, die sich seit Wochen um
2029 3270 3005 3332 die Sitze zu dieser Erstaufführung gerissen haben, würden¬
2027 3326 2995 3393 selbst ohne Llchtpausen nicht zischen. Im Gegentei!
2061 3379 3004 3428 Ueder die Aufführung selbst ist nach dem Ergebnis der
2029 3440 3002 3487 Generalvrobe zu sagen, daß alle Beteiligten sich Mühe
2029 3478 3003 3540 geben, den Intentionen des Dichters zu entsprechen und
2029 3525 3000 3581 dabei Awas durchschimmern zu lassen, das die Schlüpfrig¬
2028 3581 3009 3640 keiten der Dialoge mit einem gewissen ethischen Schimmer
2034 3618 3003 3682 umgibt. Am besten waren Frl. Keller in ihrer schlichten
2028 3663 3009 3723 Natürlichkeit, Frau Carlsen in der gut gespielten Ver¬
2041 3710 3017 3774 legenheit der in Ehebruchangelegenbeiten erfahrenen Frau
2042 3772 3005 3825 und Frau Olly in der von echtem Theaterblut erfüllter
2046 3807 3011 3867 Selbstpersiflage einer kapriziösen Schauspielerin. Köstlich
2032 3858 3009 3929 waren Herr Lackner als ungarischer Husaren=Oberleutnant
2048 3907 3011 3968 und Herr Ziegler als Dichter. Nett war der junge
2043 3957 3008 4014 Wengraf, lebenswahr in der vorgeschriebenen Gemein¬
2036 4003 3012 4061 heit Frl. Markus und Herr Sima und auf verlorenem
2034 4064 3023 4119 Posten mutig kämpfend Iwald.? Von dem Regisseur
