3336 4352
969 96 1369 190 box 17/3
269 109 774 215 11. Reigen
479 1263 825 1364 Telephon 12801.
1283 1361 1367 1428 95
669 1335 1238 1477 „OBSERVE
457 1458 1536 1533 I. österr. behördl. konz. Unternehmen für Zeitungs-Ausschnitte
654 1523 1360 1607 Wien, I., Concordiaplatz 4.
875 1588 1153 1650 Vertretungen
465 1634 1542 1701 in Berlin, Budapest, Chicago, Christiania, Genf, Kopenhagen,
465 1680 1532 1742 London, Madrid, Mailand, Minneapolis, New-York, „Paris, Rom,
638 1717 1375 1779 San Francisco, Stockholm, St. Petersburg.
812 1758 1193 1821 (Quellenangabe ohne Gewähr.)
470 1831 852 1920 Ausschnitt aus:
642 1889 887 1959 24. Jl. 1905
828 1881 1540 1998 Fremdenblatt, Wien
478 1943 606 1995 vom:
906 1983 1184 2101 W f. 305
428 2053 1701 2145 — Aus Berlin wird uns vom 22. d. telegraphiert: Im Verein
322 2115 1695 2189 Stille Bühne“ las gestern vor geladenem Publikum Giampietro
321 2190 1691 2249 Schnitzlers von der Zensur verbotenes Werk „Reigen“ vor. Das Buch
321 2234 1702 2294 machte, besonders weil sich der Vorleser bemühte, die heiklen Stellen zu
317 2283 1697 2348 unterstreichen, auch auf das starke Kost erwartende Publikum einen so
319 2327 1694 2387 peinlichen Eindruck, daß viele Gäste den Saal noch vor
316 2385 1702 2446 Schluß verließen. — Artur Schnitzler trifft zu den Proben
325 2428 1696 2491 seines „Zwischenspiel“, das im Lessing=Theater Samstag in Szene geht,
325 2471 1698 2531 hier ein. — Nach einer Meldung des „Börsencourier“ habe Reinhardt
317 2526 1683 2576 von Adolf Larronge das Deutsche Theater algekauft, welches
319 2577 1696 2628 ab 1. Jänner 1906 in Reinhardts Besitz übergeht. — In der Komischen
317 2611 1690 2669 Oper fand die Erstaufführung von Massenets „Der Gaukler
321 2664 1687 2724 unserer lieben Frau“ keinen starken Erfolg. Die Komposition ist
321 2707 1685 2769 eintönig, ohne Phantasie; nur der dritte Ast bringt relative Steigerung.
314 2751 1682 2825 Die Darstellung verfiel unter dem Zwange des Werkes in Maniertertheit.
1275 2804 1683 2874 (Grnitaal
2610 911 2950 1014 Telephon 12861.
2668 1025 2791 1112 7
2079 1002 2640 1141 „OBSERVE
1902 1134 2961 1206 I. österr. behördl konz. Unternehmen für Zeitungs-Ausschnitte
2078 1178 2785 1257 Wien, I., Concordiaplatz 4.
2302 1244 2564 1307 Vertretungen
1904 1294 2949 1361 in Berlin, Budapest, Chicago, Christiania, Genf, Kopenhagen
1915 1345 2960 1416 London, Madrid, Mailand, Minneapolis, New-York. Paris, Rom,
2065 1380 2796 1440 San Francisco, Stockholm, St. Petersburg.
2255 1419 2636 1485 (Quelienangahs ohne Gewähr.)
1910 1469 2678 1584 Ausschitt ans 2½2
1900 1565 2428 1643 X77005
2326 1601 2922 1699 Kstet
1902 1722 3062 1811 0 Arihur Schnitzlers „Reigen“ wurde am Abend des Bäß¬
1858 1776 3052 1851 tages im Kreise des Vereins „Stille Bühne“ von Josef
1854 1825 3053 1900 Giampietro zum Vortrag gebracht. Bei aller Bewunderung, die
1862 1871 3058 1934 uan für Schnitzlers graziöse Erzählungskunst, für seinen sprühenden
1858 1906 3059 1988 Geist zu hegen vermag, muß man sich doch fragen, ob es richtig war,
1853 1948 3045 2026 gerabe den „Reigen“ vor einem zahlreichen und offensichtlich
1857 2005 3058 2064 nicht nach literarischen Gesichtspunkten durchgesiebten Publikum,
1849 2036 3050 2106 das in Frack und Ballkleidern erschienen war, vorlesen zu lassen.
1842 2081 3046 2142 Diese zehn Dialoge behandeln mit einer über viele Grenzen
1847 2118 3065 2190 hinausgehenden Deutlichkeit und ohne den geringsten Versuch einer
1853 2161 3047 2228 Verhüllung ein Thema, über das wohl in keiner Klafse der mensch¬
1849 2202 3047 2273 lichen Gesellschaft laut gesprochen wird, wenn Männer und Frauen
1847 2239 3056 2315 in größerer Anzahl beieinander weilen. Wozu verleitete der Verein
1855 2283 3057 2344 Stille Bühne“ an hundert Menschen dazu, Dinge anzuhören, bis
1854 2332 3060 2404 nan im Festsaale nicht hören will, wozu stellte er diese hundert
1840 2365 3053 2443 Menschen drei Stunden lang unter einen Druck, der die Augen zu
1849 2407 3053 2481 Boden zwang und lähmend auf jede Bewegung wirkte? Mußte der
1838 2449 3044 2527 Verein mit dem keuschen Namen durchaus sein Sensatiönchen haben?
1911 2492 3044 2569 Was hat er damit seinen Mitgliedern und was hat er vor allem
1844 2528 3057 2610 Schnitzler getan! Man hat in München bereits einmal den Versuch
1839 2586 3047 2650 gemacht, Teile aus dem „Reigen“ auf die Bühne zu bringen. Das
1836 2623 3051 2699 ist künstlerisch wie vom Standpunkte des guten Geschmackes gerade
1846 2667 3053 2739 ebenso verwerflich wie diese Vorlesung am Bußtage. Der schillernde
1842 2701 3036 2779 Geist und die lapidare Gestaltungskraft, die Schnitzler im „Reigen¬
1843 2748 3047 2821 offenbart, kann nur vom einsamen Leser genoffen werden, und richtig
1838 2787 3046 2862 gewürdigt auch nur von dem, dessen Gefühl ein Kunstwerk über ein
1838 2831 3049 2909 heikles Thema wohl von einer Zäte zu unterscheiden vermag. Am
1831 2869 3046 2948 Abend des Bußtages 1905 konnte man dem Dichter Schnitzler beinahe
1837 2913 3013 3005 zürnen, daß er dieses künstlerisch sso bedeutende Wrichen geschaller
1840 2975 3041 3074 aber daran war nicht der Dichter schuld, sondern der Verein, der ihn
1829 3011 2245 3068 so falsch plaziert hatte.
1896 3052 3034 3148 Giampietro tat bei seiner Vorlesung nichts, um die deutlichen
1829 3089 3025 3180 Effekte des Buches weniger deutlich zu machen. Er unterstrich sie
1823 3141 3024 3239 vielmehr mit Behagen. Wenn aber der „Reigen“ nun schon einmal
1832 3176 3028 3272 in aller Deutlichkeit vorgelesen werden mußte, so konnte man aller¬
1822 3216 3031 3317 dings keinen besseren Interpreten dafür finden als den gewandten
1833 3259 2738 3345 Giampietro mit seinem trockenen Lebemannshumor.
1867 3320 2330 3396 (1) Schmenische cime
