3336 4416
150 199 647 274 e Ministers Dr. Glanz.
181 255 642 324 dr. Glanz: Schon vor
177 306 648 366 Reigen“, die durch den
178 347 645 412 Eigenschaft als politische
202 393 651 453 st, hatte der Polizei¬
228 436 644 497 auf die schweren
144 446 178 500 ei
210 475 648 538 die Aufführung dieses
138 496 178 542 en
208 520 647 584 am gemacht. Die Auf¬
225 564 646 630 gab alsbald zu leb¬
149 574 224 627 cki
200 612 536 670 erüngen in
238 648 579 711 Hiebei sprach sich
594 701 652 748 er
230 699 513 755 Mehrzahl
169 727 655 795 timmen gegen die
154 783 645 843 Abg. Seitz: Wo haben
188 827 389 888 ßer Lärm.
150 833 185 880 1
155 862 647 928 disick war, daß die Auf¬
210 915 642 976 Verletzung der
202 952 644 1009 ittlichkeit bedeute
151 998 640 1056 dim sittlichen Empfinden
187 1042 641 1099 Wiener Bevölkerung in
142 1081 649 1145 stehe. (Lebhafter Beifall und
140 1131 645 1188 en Christlichsozialen, großer
141 1169 648 1232 allemokraten. Abg. Seitz:
204 1214 645 1273 as? Ibg. Pick: Sie
141 1257 639 1322 äshetische Meinungen vor
164 1298 652 1364 Argument. Abg. Doktor
150 1337 641 1413 rssident als Krawall
150 1390 653 1451 ] Bauer: Ein solcher
142 1430 640 1493 #otaja wagt das zu sagen.
168 1474 647 1536 cder Mühe hat, sich ver¬
223 1515 643 1576 Aus Rücksichten der
229 1557 647 1620 habe sich das Bundes¬
147 1607 644 1670 ssin, die weitere Aufführung
194 1647 651 1706 hieten. (Stürmischer
157 1694 647 1756 stlichsozialen.) Die Vor¬
155 1733 656 1788 e#ind durchaus ein¬
185 1776 654 1846 Die deutsche Kultur
187 1824 649 1887 wird gewiß keinen
236 1863 652 1923 wenn Schaustellungen
196 1913 655 1965 öffentlicher Bühne unter¬
245 1951 651 2011 Beifall und Hände¬
171 1994 650 2046 bei den Sozialdemokraten.
193 2039 657 2103 andelt sich hier um eine
229 2141 660 2206 zun lach'n an und sagt:
209 2190 659 2250 rei Jahr in das Haus
234 2227 659 2291 rei Jahr zer“ chi mir
524 2275 653 2329 zunnen
277 2278 455 2328 denn de
193 2313 660 2373 Mauer bedeut' Unntert.
212 2361 654 2419 , es is a Taf'l von an
167 2401 657 2467 r Daweil g'hört dö für di
149 2447 658 2510 rHausmaster, der Architel
151 2490 656 2548 ###l daher geb'n hat, war
207 2533 670 2598 r was halt denn der dö
201 2575 656 2639 rift da z' entziffern, da
165 2616 657 2681 nwersitätsprofesser a hall
133 2665 662 2724 erans kommt nöt drauf, daß
202 2705 664 2765 soll'n.“ Und der Bedi¬
186 2749 665 2811 acht, daß i a zun lach'n
183 2789 659 2871 tit derer Zeit is er sozu¬
200 2846 255 2901 r.
202 2888 673 2967 Trakt'. An auf dö Gass'n
220 2941 667 3007 der Gass'n wohnen dö
230 2985 670 3052 Hoftrakt, wo 's a biss'!
138 2992 196 3050 In
226 3025 666 3091 Leuk'. Wann i sag', „dö
144 3044 197 3093 nei
204 3068 668 3138 eziagt sich das „bessere“
233 3115 667 3176 Moral von dö Leut'
183 3160 665 3223 Weldbeut'l. Da is auf der
154 3206 669 3268 Bsspiel der Herr Tatzen¬
167 3245 675 3307 v#r'n Krieg a Kabskutscher,
137 3267 669 3350 rertword'n und schiabt jetzt
129 3329 672 3386 ga# verhandelt er. Früher
138 3376 670 3439 ist g’wohnt. Wia aber der
145 3416 672 3483 olnung aufgeb'n hat, weil
139 3459 672 3528 hat einschränk'n müass'n, so
172 3500 668 3566 tscher aus 'n Hof umazog'n
195 3549 678 3614 dafür in Hoftrakt hint'ri.
169 3592 675 3652 nil derbarmen dö Leut'
244 3634 678 3694 so freundli mit mir,
188 3684 678 3730 sich aufrecht und zagt's
157 3719 683 3786 uus Herz is in der neuch'n
176 3762 679 3825 #euch'n Wohnung hint' um
205 3813 686 3867 t ka Hausmasta sei, daß
155 3809 201 3868 ass
223 3849 684 3902 m dö Leit' steht. Frühere
229 3891 685 3965 Summer am Wörtersee
678 191 1539 236 Ein Teil der christlichsozialen Abgeordneten
1573 186 2423 234 darum, welches Publikum das Stück an¬
687 225 1536 278 rängt sich gegen die Sozialdemokraten, die
1577 224 2419 284 hört. Daß es keine Arbeiter sind, kann
680 279 1528 324 vor der Ministerbank stehen, vor, unter der
1572 271 2422 335 ich bestimmt sagen. Sie haben nicht
686 324 1528 364 ortgesetzten Rufen: Juden, Saujuden,
1567 316 2419 367 die Mittel, so hohe Preise zu zahlen
687 356 1527 412 Judenbagage! Allen voran agitiert der
1568 355 2412 409 Es sind dort also doch eher die bürger
683 405 1539 452 teirische Cyristlichsoziale Pischitz. Es kommt
1578 403 2423 465 ichen Kreise zu finden. (Rufe bei den Christ¬
680 444 1519 505 zu wüsten Szenen, in deren Verlau
1578 444 2422 504 ichsozialen: „Juden! Nur Juden!“) Pardon,
687 496 1532 534 chließlich der Abgeordnete Sever mit dem
1578 491 2424 542 ch bin ein alter Wiener und kenne die Wiener
1382 530 1534 591 sehr
683 527 1377 590 Ellenbogen des Herrn Pischitz in
1581 534 2418 594 hristlichsozialen genau. Ich möchte nich
681 571 1527 627 unsanfte Berührung gerät. Mar
1567 572 2418 638 kontrollieren, wie viele von ihren besten
689 612 1527 673 ört nur einen wüsten Lärm und das Läuter
1575 616 2417 679 Freunden lüsternen Blickes und mi
683 662 1525 716 der Glocke des Präsidenten Weiskirchner
1573 663 2421 717 gespanntem Ohr die Aufführung verfolgen.
680 709 1533 758 der schließlich das Bedauern über diese
1580 711 2419 763 Wenn hier immer von der bedrohten Sittlich¬
681 746 1542 810 Vorfälle ausspricht, die die Würde des Hauses
1571 745 2420 808 keit gesprochen wird, die Sittlichkeit der
679 791 832 854 verletzen.
1571 794 2418 859 Wiener Arbeiter wird durch die Aufführung
1567 838 2418 901 des „Reigen“ nicht verletzt, weil die Arbeiter
701 832 1516 900 Der Standpunkt der Christlichsozialen.
1570 885 2417 948 nicht hingehen. Und wer sonst immer für seine
765 887 1536 946 Der christlichsoziale Abgeordnete Volker,
1570 931 2423 982 Sittlichkeit fürchtet, hat ja die Freiheit, an dem
1464 938 1537 994 ührt
681 939 1390 1000 der hierauf das Wort nimmt,
1568 967 2427 1035 Theater vorüberzugehen. Um was es sich
689 994 1535 1038 aus, daß es sich nicht um einen Kompetenz¬
1578 1011 2419 1066 handelt, ist die politische Frage, die
1474 1024 1537 1083 daß
686 1027 1427 1085 konflikt, sondern darum handelt,
1575 1061 2419 1113 Frage der Verfassungsmäßigkei
1431 1068 1532 1119 Be¬
683 1076 1420 1129 das Sittlichkeitsgefühl der
1577 1109 2429 1163 dieses Erlasses des Dr. Glanz. Wir wissen, daß
678 1109 1530 1164 völkerung verletzt werde. Wir stehen, sagte
1572 1146 2421 1207 Sie die Absicht haben, in den Ländern, in
688 1158 1534 1214 er, auf dem Standpunkt, in dieser Zeit muß
1571 1191 2419 1250 denen Sie die Majorität haben, den Landes¬
677 1199 1527 1252 die Sittlichkeit gewahrt werden. Die Arbeiter
1569 1233 2417 1298 hauptmann zu einem selbstherrlicher
683 1250 1521 1305 frauen werden gewiß nicht zum „Reigen
1576 1279 2416 1331 Bebieter zu machen, der vom Staat voll¬
681 1295 1526 1348 gehen. (Lebhafter Beifall und Händeklatscher
1566 1315 2418 1383 kommen unabhängig ist, gleichzeitig aber dort
682 1330 1529 1379 bei den Christlichsozialen.) Wer geht denn hin
1570 1370 2426 1427 wo ein Sozialdemokrat als Landeshauptmann
683 1369 1530 1430 Nur sattgefressene Schieber! (Stür¬
1577 1411 2423 1468 wirkt, ihm gegenüber die sogenannte Staats¬
682 1419 1465 1468 mischer Beifall bei den Christlichsozialen.
1569 1460 2418 1519 autorität, das heißt hier die Autorität eines
682 1468 1540 1527 Lebhafte Zwischenrufe bei den Sozialdemo¬
1571 1495 2415 1555 christlichsozialen Soldlings, geltend zu machen
1485 1510 1532 1550 es
688 1504 1476 1555 kraten.) Empören Sie sich darüber, daß
1757 1548 2251 1610 Gewalt gegen Gewalt.
692 1549 1517 1606 iesen Leuten versagt sein soll, den „Reigen
696 1592 1543 1645 u sehen? (Lebhafte Zwischenrufe bei den
1654 1600 2423 1654 Dieser Politik werden wir den ent¬
692 1629 1536 1695 Sozialdemokraten.) Wir stehen auf dem Stand¬
1589 1642 2420 1694 chiedensten Widerstand entgegen¬
683 1677 1530 1738 punkt, daß die Regierung ihre Pflicht ge¬
1584 1693 2422 1748 etzen. Wenn es uns auch gar nicht sympathisch
685 1725 1530 1776 tan hat, und wir verteidigen das. Wir ver¬
1581 1733 2419 1781 st, daß wir einen so untergeordneten
683 1766 1536 1825 treten den Standpunkt der Regierung sehr wohl
1582 1782 2417 1830 nlaß wie eine Theaterauf
685 1810 1535 1863 und sagen, daß der Bürgermeister Reumann
1586 1808 2428 1870 ührung benützen müssen, um dieses
687 1866 1545 1916 als Landeshauptmann seine Pflicht ver¬
1577 1858 2423 1918 Streben gleich im Keime zu ersticken, so tun
682 1892 1535 1962 letzt hat. (Lebhafter Beifall und Hände¬
1580 1903 2424 1953 vir es dennoch pflichtgemaß. Es darf kein
1466 1942 1540 1991 An¬
1359 1952 1427 1983 —
692 1943 1355 2006 klatschen bei den Christlichsozialen.
1578 1945 2425 1999 Schritt dieser Regierung erfolgen, der die in
693 1994 1546 2039 dauernde Zwischenrufe bei den Sozialdemo¬
1579 1992 2435 2036 der Verfassung gewährleisteten Rechte des
688 2039 1539 2096 kraten.) Man hat den „Reigen“ in München
1579 2034 2431 2094 Landes Wien auch nur im geringsten tangiert.
1587 2076 2426 2135 Sie werden bei der Mehrheit der Bevölkerung
1588 2112 2432 2168 on Wien, im Landtage Wien jund bei der
696 2141 1544 2193 ’wohnt.Das können s' setzt nimmer tuan
1585 2163 2424 2218 Landesregierung von Wien gegenüber jedem
693 2182 1542 2232 An schölf groß'n Perferteppick hat eahner der
1585 2210 2431 2257 olchen Versuch einem Widerstand be¬
699 2218 1540 2285 Herr eh'malige Kabskutscher a'lauft, a paar
1576 2245 2432 2305 gegnen, der eisern ist und den Sie nicht
702 2266 1545 2330 juate Bilder hab'n s’ ins Dorotheum tragen,
1576 2289 2428 2336 werden überwinden können. Und wenn Sie
702 2309 1537 2364 ind ess'n tuan s' in der Gemeinschaftskuch!
1584 2329 2430 2394 etwa hoffen sollten, den Widerstand Wiens
695 2348 1543 2405 Unlängst hat er mi g'fragt, was i mir über
1584 2371 2423 2428 gegen Verfassungsbrüche mit bewaffneter Ge¬
693 2390 1545 2468 dö heutig'n Zuaständ und dö heutige Mensch¬
1587 2417 2429 2466 valt zu brechen, so werden Sie Gefahr laufen,
693 2444 872 2507 heit denk'
1583 2462 2429 2508 daß der Gewalt mit Gewalt begegnet
779 2477 1545 2548 „I denk mir halt.“ hab' i eahm g'ant¬
1581 2504 2432 2552 wird. (Lebhafter Beifall und Händeklatschen bei
690 2533 1536 2587 wort't, „daß das Gsiberl, was ma die Mensch
1577 2544 2046 2608 den Sozialdemokraten.
2226 2544 2432 2599 Andauernde
693 2580 1541 2639 heit nennt, mit Butz und Stingl ausg'rott
1584 2589 2424 2642 Zwischenrufe bei den Christlichsozialen.) Wir
701 2621 1551 2673 g’hörert. Und wann dann von der „Krone der
1582 2632 2429 2684 werden es nicht dulden, daß die Arbeiterschaft
699 2672 1543 2719 Schopfung“ nix mehr übri is, dann soll'n zwa
1584 2675 2432 2726 in den übrigen Ländern einem selbstherrlichen
698 2711 1550 2769 Affn wieder a neuch's Kunststückl mach'n.
1586 2719 2424 2764 Landeshauptmann ausgeliefert ist, die Arbeiter
699 2749 1202 2810 Vielleicht g'ratt das besser.“
1583 2759 2176 2812 schaft von Wien aber einem
2177 2759 2426 2822 selbstherrlichen
783 2769 1553 2847 Was? Zwölfi schlagt's schon? Wer is
1577 2803 2174 2861 christlichsozialen Bundesminister.
697 2836 1545 2892 denn no draußt? Der Kellner vom dritten
1669 2838 2431 2901 Prasident Dinghofer ruft den Ab¬
693 2876 1546 2938 Stock und der Herr Zimmerl. Der wird gie
1589 2892 2427 2943 geordneten Seitz wegen der Bezeichnung des
706 2919 1543 2977 umma! Is aa Opfer der jetzig'n Zuaständ“
1586 2935 2372 2994 Ministers als unfähigen Beamten
2374 2939 2436 2999 zur
697 2966 1550 3020 der Herr Offizial Zimmerl. Hat g'heirat't und
1588 2977 1769 3038 Ordnung.
699 3007 1541 3073 hat ka Wohnung. Das haßt. a Wohnung ha
1621 3022 2405 3099 Kein ordnungsruf für den Minister.
697 3050 1550 3106 er schon, weil er bei seiner Zimmerfrau wohnt.
1663 3072 2428 3131 Abg. Dr. Bauer verlangt, daß der
707 3093 1546 3152 Aber a eigenes Nest hat er net; und kann zu
1585 3118 2432 3175 Minister des Innern wegen der Aeußerung,
711 3147 1547 3192 an kumma. Sei Frau wohnt bei ihre Eltern.
1594 3150 2442 3233 r überlasse das Urteil allen anstandigen
711 3184 1547 3236 Mein Gott, wann i so denk, wia i jung war
1589 3205 2319 3258 Menschen, zur Ordnung gerufen werde.
713 3221 1542 3289 Fünfazwanz'g Guld'n hab'n ma im Vermög':
1674 3250 2441 3314 Präsident Dr. Dinghofer erklärte, er
702 3267 1555 3326 g'habt, da hab'n ma uns a Zimmer und
1589 3283 2435 3353 sei nicht in der Lage, dem Minister wegen
703 3303 1558 3366 Kuchl eing'richt und g’heirat' is word'n! Wonn
2395 3342 2438 3395 zu
1583 3334 2394 3394 dieser Aeußerung einen Ordnungsruf
714 3357 1528 3407 jetzt so auf dö Zeil'n z'ruckdenk, kumm
1592 3385 2434 3439 erteilen. Er bleibt bei dieser Auffassung auch
706 3394 1554 3454 drauf, wia schön als war'n. Nur hal#n mna
1590 3431 2431 3484 als Abgeordneter Seitz das Verlangen er
709 3444 1551 3500 s damals nöt z'schätz'n g’wußt. Wia oft hat
705 3483 1558 3537 ma sich als für an vom Schicksal malträtiert'n
1823 3507 2199 3576 In den Conloirs.
711 3523 1559 3582 Unglücksmensch'n g'halt'n — und war weiter
1673 3543 2437 3626 Nach Schluß der Sitzung spielte sich in
710 3576 1563 3630 nix als a eingebildeter Unglückricher. Jetzt, wo
1599 3614 2441 3671 en Couloirs eine erregte Szene ab. Als
711 3616 1559 3671 mir dö wirklich'n Serg'n kennen g'lernt
1599 3661 2439 3707 Dr. Glanz durch die Raume schritt, tönten
714 3663 1557 3717 hab'n, sehg'n mir erst ein, wieviel un¬
1594 3692 2448 3755 ihm Rufe entgegen: „Machts Platz für den
708 3695 1556 3758 nötige, schlechte Stund'n mir uns früher
1592 3740 2442 3819 anständigen Minister! Wir werden ihm
703 3737 1534 3799 durch eingebildete Sorgen g'macht hab'n ..
714 3785 1563 3855 Aha, er läut' schon, der obbachlose Eh'mann!
1595 3790 1933 3849 schon zeigen.
1679 3817 2446 3889 Dr. Glanz reagierte mit keiner Silbe auf
716 3829 1256 3914 a, geh'n ma aufspirr'n.
1266 3874 1820 3950 J. Vinzenz.die Zurufe.
2465 203 3284 271 egenüber dem Landeshauptmann von Wie
2463 247 2693 303 erausnimmt.
2539 284 3272 349 Frau Gmr. Dr. Seitz=Motzk
2456 334 3288 397 christlichsozial) erklärte unter geoßer Unruhe
2455 380 3209 438 daß der Landeshauptmann von Wien
2458 430 3290 482 schwer gegen das Volk von Wien versündig
2456 459 3286 518 habe. Es jei geradezu unglaublich, daß diese
2468 507 3232 568 Stück „Der Reigen“, das nichts anderes
2460 558 3278 609 als eine Konzession an die Geilheit eines au
2464 597 3287 658 värtigen Schiebertums, in Wien aufgeführ
2458 632 3300 695 werden dürfe, und daß entgegen allen Ein
2458 678 3281 737 sprachen der Bürgermeister von Wien al
2456 722 3292 790 Landeshauptmann ein derartiges Stück schütze
2462 766 3297 836 Sie erhebe flammenden Protest gegen diese
2460 810 3281 875 Vorgehen, das die Würde und di
2455 855 3279 906 Ehre deutscher Frauen auf da
2457 900 3288 958 tiefsteverletzt. Die Frauen von Wie
2454 940 3290 995 begrüßen es von ganzem Herzen, daß die Re
2465 988 3292 1046 ierung den Mut gehabt habe, diesem Skanda
2471 1026 3304 1096 inhalt zu gebieren, und sie verlangen vor
2467 1072 3285 1132 andeshauptmann, daß er sein Verhalten hie
2454 1122 3296 1178 rechtfertige. (Fortgesetzte stürmische Zwischen
2460 1166 3296 1224 ufe der Sozialdemokraten, aus denen man
2456 1202 3296 1264 die Worte heraushört: „Melbinger
2454 1246 3297 1316 moral!“— „Hier handelt es sich um di
2459 1287 2993 1340 Verteidigung der Autonomie!“
2530 1329 3303 1379 Nach dieser Rede entstand vor den Bänken
2466 1381 3288 1434 er Christlichsozialen ein heftiger Meinungs
2457 1424 3280 1477 austausch zwischen der Gemeinderätin Krame
2467 1466 3294 1521 und einigen christlichsozialen Gemeinderätinnen
2457 1508 3289 1557 die ihr zuriefen: „Pfui Teufel, das will ein
2459 1548 3298 1612 Lehrerin sein, schämen Sie sich, den Schmuf
2458 1593 3116 1638 ür das Dirnentum zu verteidigen!“
2545 1635 3305 1685 Sodann ergriff Gmr. Kunschak unter
2462 1678 3294 1738 eftigen Zwischenrufen das Wort. Wenn schol
2458 1726 3306 1780 der Friedensvertrag den Anschluß Oesterreichs an
2456 1765 3302 1822 das Deutsche Reich untersage, so sei doch nich
2455 1810 3291 1865 verboten, daß sich Oesterreich in sittlicht
2459 1853 3277 1899 und kultureller Beziehung a
2452 1891 3306 1952 das Deutsche Reich anschließe
2514 1946 3264 2025 Der Erlaß wird nicht durchgeführt.
2533 2006 3197 2063 Landeshauptmann Reumann
2461 2045 3294 2107 dauerte, daß der Anlaß zu dieser Debatte übe
2458 2097 3290 2143 ein wichtiges Verfassungsrecht die Aufführun
2466 2137 3289 2187 des „Reigen“ sei. Er hätte gewünsch
2470 2184 3305 2236 aß ein wichtigerer Anlaß dazu Ge
2464 2219 3299 2281 egenheit gegeben hätte. Da nun diese Frag
2472 2268 3339 2322 o vom Zaune gebrochen wurde, müsse er bo##
2468 2310 3305 2365 illem darauf verweisen, daß in den ver
2474 2349 3305 2403 chiedensten Tingel=Tangels die Sitt
2470 2393 3306 2441 ichkeit verletzt werde. (Zwischenruse bei den
2461 2436 3290 2491 Christlichsozialen.) Denken Sie nur an de
2463 2477 3234 2543 Wimberger! Die Ecinnerung an
2478 2521 3309 2600 Madame Afchanti“ ist Ihnen seh
2458 2567 2617 2626 zuwider.
2539 2595 3316 2665 Landeshauptmann Reumann fort
2467 2638 3305 2702 fahrend: Der Zenfürbeirat habe gegen die Auf
2481 2698 3295 2750 ührung nichts eingewendet. Der ehemalig
2463 2744 3306 2791 Vizeviäsident der Statthalterei Tiels un
2470 2781 3306 2848 Herr Glossy haben dagegen nichts einge
2468 2829 3293 2882 wendet, und nun verlangt man von einet
2468 2869 3302 2918 Sozialdemokraten als Londeshauptmann, de
2464 2904 3295 2969 ein Gegner der Zensur überhaup
2467 2958 3294 3010 ist, daß er die Aufführung verbiete. Kei¬
2470 2991 3292 3059 Skandal der Welt werde ihn daz
2462 3038 3302 3097 bringen, daß er die Aufführung des „Reigen
2464 3088 2609 3145 verbiete.
2555 3114 3303 3191 Gmr. Wawerka (christlichsozial): „Z#
2464 3169 3289 3223 sperren die Schieberlokale!“ — Gmr. Preye
2473 3220 3309 3275 christlichsozial): „Wir lassen uns dieses Stüt
2469 3264 2739 3319 nicht gefallen!“
2550 3297 3212 3357 Landeshauptmann Reumann
2467 3339 3310 3396 klärte schließlich, er stehe auf dem Stand
2473 3392 3310 3439 punkt, daß jeder einzelne berusen sei, da
2481 3430 3306 3487 Verfassungsrecht der Stadt Wien nicht schände
2467 3474 3310 3535 zu lassen. Das würde geschehen, wenn nia
2474 3523 3304 3569 einer Vorschrift zust mmen würde. die vo
2473 3555 3268 3629 einem Mann gegeben werde, der nichts
2481 3597 3286 3668 diktieren habe. Redner habe keine U
2493 3643 3294 3699 ache, sich zum Bedienten de
2479 3696 3285 3742 Herrn Glanzherabzuwürdige
2477 3730 3300 3790 Herr Glanz habe ihm in beispielloser Ueben
2483 3768 3305 3827 hebung einen Erlaß zugesendet, in dem er al
2477 3811 3309 3871 Schlusse verlange, daß er die Aufführungs
2469 3858 3309 3923 bem###wma des „Reigen“ außer Kraft setz
2689 4182 2907 4255 Samstag 1
2911 4193 3136 4280 2 Schrn
