3484 4384
471 2031 509 2084 A
899 212 1317 296 Telephon 12801.
541 283 1702 394 Alex. Weigl’s Unternehmen für Zeitungs-Ausschnitte
1480 347 1661 415 Ausschnitt
1287 381 1443 462 +□
1555 403 1780 491 Nr. 86
794 382 1307 525 „OBSERVE
428 480 1834 589 I. österr. behördl. conc. Bureau für Zeitungsberichte u. Personalnachrichten
698 557 1577 647 Wien, I., Concondiaplarz 4.
431 635 1836 698 Vertretungen in Berlin, Budapest, Chicago, Genf, London, Newyork, Paris, Hon,
802 672 1474 750 Stockholm. Kristiania, St. Petersburg.
1022 734 1735 888 Das Latotatwond Lund, Baus
437 818 907 910 Ausschnitt aus:
446 982 621 1048 vom:
768 989 857 1063 75
855 981 1118 1093 xiges
901 1193 1126 1261 München.
593 1238 1427 1301 „Die Tragödie des Triumphes.“ Von Karl
597 1291 1043 1341 Goldmann. — „Reigen“.
1075 1297 1422 1341 Dialoge von Arthur
620 1328 1390 1382 Schnitzler*). (Akademisch=dramatischer Verein.)
595 1355 1489 1424 ie Sommeraufführungen des akademisch=dramatischen
518 1386 1486 1464 21) Vereins bilden sonst für München ein kleines Er¬
523 1463 1492 1505 eignis, das sich von den nachhinkenden Soll= und Muß¬
523 1497 1486 1539 premieren der öffentlichen Theater durch Geschmack und
508 1531 1494 1580 =künstlerische Intention zu unterscheiden pflegte. Beide
516 1568 1487 1624 Vorzüge lassen sich der diesjährigen Sommeraufführung
520 1613 1487 1657 nicht nachrühmen, weder der Wahl der Stücke, noch ihrer
527 1650 1499 1704 darstellerischen Durchführung, die zum größeren Teil
515 1690 1492 1737 über der komischen Seite des schauspielerischen Dilettantis¬
516 1731 1495 1779 mus die ernste vergessen ließ. „Die Tragödie des
1668 1734 1779 1811 inclus
528 1771 1492 1818 Triumphes“ betitelt sich ein Künstlerdrama von Karl
1678 1800 1786 1844 Porti
517 1809 1494 1855 Goldmann, das leider nicht als Triumph der Tragödie
1530 1828 1590 1871 50.
1669 1834 1775 1889 Zahlh
518 1849 1490 1893 bezeichnet werden kann. Ich erkenne an, daß der Autor
1671 1878 1781 1936 im Vo
1537 1902 1589 1959 00.
513 1927 1495 1967 die Schlechtesten, die von der Phrase zum Wort und von
1539 1935 1773 1998 isschnitte ist
515 1964 1497 2013 der hohl aufgeblähten Form langsam dazu kommen, sich
1547 1985 1775 2038 auch steht e
518 2006 1501 2056 erst Inhalte zu schaffen und den großen Hohlraum mit
1559 2025 1745 2083 zu ändern.
520 2044 1486 2091 ihnen anzufüllen. Warum man uns aber diese unfertige
513 2086 1487 2127 Arbeit vorsetzt, bleibt Geheimnis der Vereinsleitung,
1543 2082 1780 2163 ag enthalten!
516 2124 1492 2164 der die Kläglichkeit dieses Versuchs vorwiegend zur Last
1556 2151 1770 2199 ner Mor
520 2157 1489 2207 fällt. Daß ein junger Mann die Ehe für den Tod des
1565 2189 1775 2238 Wiener Zeit
514 2205 1490 2249 künstlerischen Schaffens hält und diese auch von sonst
1549 2220 1772 2285 d wirthschal
520 2246 1489 2293 ganz vernünftigen Menschen oft bestrittene These mit
1561 2267 1771 2333 wird. Dies
519 2287 1500 2327 jenem Bombast raketenartig in die Luft schleudert, der
523 2316 1487 2365 das Einmaleins zu einer Heilswahrheit aufbläst und so
517 2358 1487 2410 lange bläst und bläst, bis irgend etwas zum Platzen
508 2403 1486 2451 kommt, das ist natürlich und nach den psychologischen
509 2437 1497 2487 Gesetzen, nach denen sich die Seele eines Jünglings auf
517 2477 1500 2525 ihr Mannestum vorbereitet, vielleicht sogar eine traurige
511 2516 1497 2563 Notwendigkeit. Aber was Karl Goldmann braucht, habe
517 2556 1496 2604 ich als Theaterbesucher noch lange nicht nötig. Im
510 2633 1491 2683 deren Wurzeln noch im Klein=Persönlichsten stecken, sich
513 2674 1501 2716 vor einer fremden Menge breit macht, die Herrn Gold¬
521 2712 1500 2763 mann einen geduldigen Freund nie wird ersetzen können.
600 2751 1491 2796 Drei Dialoge aus Arthur Schnitzlers „Reigen“
518 2788 1492 2834 machten den Abschluß des übel begonnenen Abends.
524 2868 1500 2913 dem Autor, dem Publikum oder sich selbst irgend einen
523 2908 1492 2949 nennenswerten Dienst damit geleistet hätte. Der Grund¬
519 2947 1496 2995 gedanke des „Reigens“, daß im letzten Dialog gewisser¬
522 2987 1501 3031 maßen das Leben selbst in geistreich=frecher Weise den
515 3022 1501 3072 ersten parodiert, indem es reigenartig zu seinem Aus¬
514 3061 1502 3115 gangspunkt zurückkehrt, wurde überhaupt getilgt, da nur
523 3105 1498 3152 drei von elf Dialogen zur Aufführung gelangten. Was
527 3133 1494 3190 übrig blieb, war ein Stück geschwinder, raschelnder
520 3183 1505 3225 Grazie, drei kapriziöse Schritte aus einem koketten
522 3223 1494 3269 Liebestanz, der, hätten wir ihn vollendet gesehen, einer
518 3258 1493 3310 gewissen leichthin frechen Symbolik nicht entbehrt hätte.
525 3300 1502 3356 So mußten wir uns damit begnügen, daß dreimal eine
521 3338 1497 3383 silberne, wienerische Laune vor uns aufblitzte, die das
530 3380 1500 3424 Theater nicht verträgt. In diesen Dialogen herrscht
525 3421 1499 3466 eine solche fast zeitlose Augenblicklichkeit des Geschehens,
529 3460 1500 3506 daß ein vorgeschriebener Schritt oder eine notwendige
519 3497 1495 3544 Geste, die auf der Bühne wirklich gemacht wird, schon
522 3537 1503 3586 eine ganze Ewigkeit zu lange dauert. Diese flüchtigen
527 3577 1487 3625 Bilder, die aus ihrer Oberflächlichkeit eine feine Tugend
515 3617 1495 3662 machen und selbst im Schlüpfrigsten von einem immer
516 3657 1503 3707 unbeirrten Instinkt für das künstlerisch Taktvolle geleitet
518 3695 1502 3744 werden, müßten, wollte man sie ihrem Wesen gemäß
526 3734 1497 3780 darstellen, so rasch auf der Bühne vorüberfliegen können,
522 3770 1490 3814 als die Gedanken im Kopfe des Dichters, die sie schufen.
527 3815 1498 3861 Am bühnenfähigsten war wohl der zweite der auf¬
521 3856 1492 3900 geführten Dialoge, „Die junge Frau und der Ehemann“
528 3895 1502 3941 der ein wenig materiell=psychologisch angefaßt ist und
514 3933 1494 3986 darum das Tempo der Bühnenwirklichkeit am besten
520 3973 676 4035 verträgt.
1213 3990 1444 4072 Leo Greiner.
600 4063 1502 4138 *) Die Buchausgabe (250 S. M. 3,50) erschien im Wiener
520 4104 1064 4178 Verlage, Wien und Leipzig, 1903.
2061 206 2174 292 11
2755 208 3164 299 box 17/2
2255 223 2570 313 Reigen
2368 1182 2787 1275 Telephon 12801.
1996 1280 3168 1357 Alex. Weigl's Unternehmen für Zeitungs-Ausschnitte
2939 1343 3123 1411 Ausschnitt
2738 1365 2917 1444 □
2242 1398 2787 1500 „JBSLH.
3000 1395 3236 1498 Nr. 95
1887 1489 3287 1557 I. österr. behördl. conc. Bureau für Zeitungsberichte u. Personalnachrichten
1919 1537 2108 1613 e
2121 1541 3031 1629 Wien, I., Concondiaplatz 4.
1882 1623 3294 1683 Vertretungen in Berlin, Budapest, Chicago, Genf, London, Newyork, Paris, Rom,
2248 1661 2929 1727 Stockholm, Kristiania, St. Petersburg.
1893 1796 2350 1876 Ausschnitt aus:
2494 1758 3069 1873 P#ager Tagblatt
1885 1881 2550 2014 vorde 16/1 (900
2066 2175 2992 2284 7— Schnitzlers „Reigen“, diese Reihen¬
2044 2245 2998 2336 folge von zehn Szenen intimster Natur, soll aufgeführt
2048 2305 2990 2384 werden, und zwar vom akademisch=dramatischen Verein
2056 2346 2995 2433 in München. Auch in Paris führen Studentenvereini¬
2051 2403 2993 2481 gungen zuweilen Stücke auf, die vor einem größeren
2051 2443 2982 2525 Publikum unmöglich sind, Wir glauben, daß der Dichter
2048 2487 2985 2579 selbst an eine Aufführung dieser Szenen nicht gedacht
2034 2530 2993 2630 hat, die beim Lesen einen großen Reiz ausüben, von
2039 2582 2983 2677 der Bühne herab, auch von der kleinsten, nicht ange¬
2041 2628 2406 2705 nehm wirken können.
2349 2671 2841 2763 Bezugs-Beumgungen.
2015 2733 3012 2814 50 Zeitungsausschnitte (Artikel oder Notizen) Kr. 15.
1890 2749 1973 2803 Für
3092 2746 3252 2815 inclusive
2872 2800 2917 2846 „
2613 2802 2648 2848 „
2220 2802 2262 2847 „
3110 2802 3223 2850 Porto.
1990 2829 2056 2872 200
2873 2839 2919 2889 n
2728 2839 2765 2888 *
2614 2835 2661 2883 „
3098 2839 3236 2887 Zahlbar
2941 2861 3017 2905 110.
1990 2870 2058 2913 500
2885 2879 2920 2917 „
2730 2875 2778 2927 „
2615 2875 2664 2924 „
1909 2849 1957 2935 1
3081 2879 3276 2933 im Voraus.
2938 2901 3020 2948 200.—
1973 2908 2056 2961 1000
2878 2909 2922 2959 7
2477 2912 2527 2955 n
2627 2915 2668 2952 9
2741 2890 2793 2953 „
1917 2923 1955 2978 „
2011 2951 3280 3001 Im Gegensatze zu anderen Bureaux für Zeitungsausschnitte ist das
2956 2985 3279 3044 auch steht es den
1906 2993 2873 3037 Abonnement durch keine bestimmte Zeitdauer begrenzt;
1905 3024 3164 3089 Abonnenten frei die aufgegebenen Themen zu ergänzen oder zu ändern.
2016 3114 3271 3163 Der „OBSERVER“ veranstaltet täglich einen Auszug enthaltend die
1894 3157 3273 3201 Inhaltsangabe aller wichtigen Mittheilungen der Wiener Morgen¬
1897 3187 3278 3242 blätter (Tagesjournale ausser „Neue Freie Presse“ und „Wiener Zeitung“)
1895 3236 3288 3280 wodurch eine Uebersicht über das gesammte politische und wirtbschaftliche
1903 3269 3278 3332 Leben des In- und Auslandes in drastischer Kürze geboten wird. Diese Mit¬
1899 3306 2876 3362 theilungen werden in Wien um 9 Uhr Früh verschickt.
2217 3376 2960 3463 Pnospecte dnatis und fnanco.
