3336 4416
181 148 794 194 Bundesminister für Inneres hat
172 176 790 243 g gebraucht, die ich genau gehört
180 230 784 288 lichen und unzweideutigen Spitz
170 274 792 327 on unsrer Partei an ihm geübt
164 307 783 380 Urteil darüber allen anständigen
170 416 781 495 e mich nicht erreichten. Ich hätte
174 479 787 536 ine Stimme zu hören. Er tat es
169 524 782 591 er: „Und so müß man es, hohes
181 568 777 627 en, meinen Klienten der Preis¬
188 614 791 676 Mann, der nach dem Gutachten
177 658 780 728 Sachverständigen ...“ Niemand
180 704 785 761 ten Schuhösen haben. Da ist
167 750 776 804 d, da ist ein Waggon zu berück¬
189 799 780 852 für den Schuster an der Ecke
181 850 782 905 Gänserndorf verbrannte — kurz
190 890 773 956 für mich. Ob sie mich einsperren
192 940 776 1002 Verzweiflungsaugenblick, über¬
184 986 779 1038 rief: „Das ist nicht alles! Der
182 1029 776 1088 lich mißhandelt!“ Dies erregte
169 1066 770 1138 en mich, denn es hielt auf
185 1117 776 1187 411 aus, Kollega?“ fragte der
184 1161 770 1230 is mit Bleistift auf den Akten¬
180 1208 769 1275 te der Vertreter des Staates
174 1265 777 1311 ache Sie aufmerksam, ein amts¬
182 1306 781 1375 Akt!“ warnte mich der Richter
162 1346 771 1416 versicherte ich. Oh, hätte ich
173 1393 768 1451 erklärte nichts als: „Vertagt
176 1441 773 1521 us der Preisprüfungsstelle und
194 1490 761 1566 s Pareres.“ — „Die Schuhe!“
193 1530 758 1595 ## wenigstens die Schuhe....!
227 1584 770 1640 Weißstein — Mathilde Bach,
214 1632 767 1688 Und da der öffentliche An¬
186 1672 769 1740 te ich ihn verzweifelt, ob die
183 1728 770 1786 s bald zu erwarten sei. Jetzt
194 1764 765 1825 So um den Oktober herum ...!“
180 1815 767 1874 zeß zu Ende. Ich wurde nicht
180 1864 776 1921 er Ecke auch nicht. Die Schuhe
193 1896 764 1968 bezahlt hatte, zurück. Auf der
183 1948 776 2007 attlicher runder Tintenfleck mit
181 1994 765 2063 chfalls runzlig und ausgeblaßt.
178 2049 761 2096 um erstenmal trug, sagte meine
183 2087 759 2163 die alten gelben Schuh' auch
203 2239 761 2325 ssewitz=Oppenrode etwas nach¬
247 2306 763 2359 Doktor,“ wandte er sich an
190 2347 769 2415 Niene machte, zu reden, „Sie
187 2399 765 2461 ewiß.“ erwiderte ich. „Weil ich
190 2435 761 2504 jedenfalls, um Sie nie mehr
185 2485 758 2554 daß einer, der hierzulande ein
182 2535 761 2615 ein Tartüff oder zumindest ein
180 2571 447 2660 müßt“
815 117 1040 183 TANiS Alls:
908 150 1986 221 Das Verbot des Bundesministers für Inneres und Unter¬
823 198 1982 282 richt stellt den ersten Versuch eines Eingriffes in
816 250 1990 313 die Autonomie des Landes Wien dar. Der Gegen¬
824 294 1985 360 stand, an dem sich dieser Eingriff vollzieht, ist eigentlich für
824 340 1978 397 meinen Dringlichkeitsantrag ohne Belang. Redner ver
814 382 1980 442 weist darauf, daß seine Partei für eine zentralistische Bundes¬
816 419 1991 493 verfassung der Republik Oesterreich gekämpft habe, aber
822 461 1983 529 schließlich sich fügen und der autonomistischen Gestaltung der
816 505 1977 576 Republik zustimmen mußte. „Nun aber sind wir selbstverständ¬
813 545 1987 617 lich entschlossen, die autonomen Rechte, die dem Lande Wien
814 587 1984 662 durch die Bundesverfassung gewährleistet sind, zu verteidigen;
813 635 1977 698 wir werden nicht zugeben, daß ein Bundesminister die Rechte
816 677 1975 746 dieses freien und autonomen Landes und seines Landeshaupt¬
811 724 1971 782 mannes einfach wegeskamotiert. Niemals hätte es dieser Herr
822 758 1977 835 Bundesminister gewagt, etwa mit dem Herrn Landeshauptmann
810 806 1977 876 von Vorarlberg oder Tirol so zu verfahren, wie er es sich gegen¬
810 841 1970 914 über dem Herrn Landeshauptmann von Wien herausnimmt.“
905 885 1973 962 Gemeinderätin Dr Seitz=Motzko (christlichsozial) er¬
809 913 1976 1002 klärt unter großer Unruhe, daß der Landeshauptmann von
817 966 1980 1043 Wien sich schwer gegen das Volk von Wien versündigt habe.
810 1006 1978 1080 Es ist geradezu unglaublich, daß dieses Stück „Der Reigen“,
809 1049 1970 1120 das nichts andres ist. als eine Konzession an die Geilheit eines
806 1091 1970 1171 auswärtigen Schiebertums, in Wien aufgeführt werden dürfe
808 1140 1971 1208 und daß entgegen allen Einsprachen der Bürgermeister von
818 1176 1980 1248 Wien als Landeshauptmann ein derartiges Stück schützt. Wir
811 1220 1968 1292 erheben flammenden Protest gegen dieses Vorgehen, das die
811 1257 1978 1337 Würde und die Ehre deutscher Frauen auf das tiefste verletzt.
804 1299 1974 1376 Wir Frauen von Wien begrüßen es von ganzem Herzen, daß
806 1341 1971 1421 die Regierung den Mut gehabt hat, diesem Skandal Einhalt
800 1384 1978 1456 zu bieten, und wir verlangen vom Landeshauptmann, daß er
807 1425 1976 1504 sein Verhalten hier rechtfertige. (Fortgesetzte stürmische
811 1464 1969 1541 Zwischenrufe der Sozialdemokraten, aus denen man immer
805 1515 1970 1587 wieder die Worte heraushört: „Melbingermoral! Hier handelt
805 1555 1973 1627 es sich um die Verteidigung der Autonomie!“) Der Landes¬
803 1591 1968 1664 hauptmann wird sich hier rechtfertigen müssen, wie er dazu
817 1639 1968 1715 ekommen ist, dem ganzen Volk von Wien Trotz zu
806 1680 1961 1754 bieten. (Mit erhobener Stimme:) Hüten Sie sich, und
805 1715 1970 1794 spielen Sie nicht mit dem Aeußersten. Es gibt eine
812 1757 1969 1839 Gewalt, die sich stärker erweisen wird, als Sie. Ich verlange
796 1798 1955 1881 im Namen meiner Parteigenossen, daß der Herr Bürgermeisten
799 1848 1959 1913 uns über sein Verhalten Rechenschaft gibt, und frage, ob ei
806 1886 1955 1965 gewillt ist, das Verbot über dieses Stück auszusprechen
801 1935 1958 2003 Stürmischer Beifall bei den Christlichsozialen. Gegenrufe bei
799 1957 1961 2049 den Sozialdemokraten.) Vor den Bänken der Christlichsozialen
798 2016 1954 2088 entsteht ein heftiger Meinungsaustausch zwischen der Gemeinde¬
802 2053 1966 2117 rätin Kramer und einigen christlichsozialen Gemeinde¬
798 2093 1958 2169 rätinnen, die ihr zurufen: „Pfut Teufel!“, das will eine
792 2133 1950 2218 Lehrerin sein, schämen Sie sich, den Schutz für das Dirnen¬
799 2177 1195 2233 tum zu verteidigen!“
877 2225 1954 2293 Kunschak (christlichsozial) beginnt seine Rede unter
801 2254 1959 2341 heftigen Zwischenrufen und meint, es sei bezeichnend, daß die
797 2303 1954 2386 Aufführung eines Schaustückes, das Saustück genannt werden
802 2342 1954 2426 könne, zu Weiterungen zwischen den Parteien führen könne.
799 2383 1953 2456 Nicht nur die Bevölkerung Wiens, sondern auch die Bevölke¬
787 2427 1953 2505 rung andrer Städte, auch im Deutschen Reich, habe die Auf¬
795 2468 1954 2550 führung des „Reigen“ abgelehnt. Wenn schon der Friedens¬
790 2514 1947 2596 vertrag den Anschluß Oesterreichs an das Deutsche Reich unter¬
800 2552 1948 2636 sage, so sei doch nicht verboten, daß sich Oesterreich in sittlicher
779 2604 1948 2694 und kultureller Beziebung an das Deutsche Reich anschließe.
2015 101 3187 187 eWerce f. Das ist die
2019 154 3185 239 Entscheidung, und nun soll Herr Glanz das Gesetz verletzen.
2104 195 3192 282 Gogen Schluß der Rede des Landeshauptmannes, die zum
2018 246 3187 326 großen Teil von Gegenrufen der christlichsozialen Gemeinderäte
2020 294 3190 356 begleitet war, steigern sich die Gegenrufe immer mehr. Die
2022 321 3178 404 Sozialdemokraten rufen dem Bürgermeister am Schlusse seiner
2011 363 3182 445 Rede lebhafte Beifallsbezeigungen zu. Es werden Rufe laut:
2021 410 2830 476 Nieder mit der Regierung! Abzug Glanz!
2096 451 3182 535 Kunschak (christlichsozial): Der Herr Landeshauptmann
2007 487 3172 579 hat als stärkstes Argument zum Schutze der Ehre der Gemeinde
2009 543 3172 618 Wien es nicht gegen seinen Geschmack gefunden, zu verweisen
2009 586 3173 664 auf einen Fall, der sich vor einem Vierteljahr¬
2020 627 3170 702 undert in Wien ereignet hat und in dem er einen Mann
2023 666 3177 742 nannt hat, über dessen Leib schon seit fünfzehn Jahren der
2011 701 3175 789 Rasen liegt. Der Herr Landeshauptmann hat es mit seinem
2009 744 3178 829 Geschmack vereinbarlich gefunden, dies Argument zu gebrauchen,
2011 787 3177 864 obwohl er wissen mußte, daß der Mann, der das erstemal dieses
2008 828 3170 911 Argument gegen den verstorbenen Abgeordneten Gregorig
2011 874 3163 958 gebrauchte, vor dem Gericht in Wien als Verleumder mit mehr
2011 917 3168 991 monatiger Kerkerstrafe bestraft wurde. (Lebhafte Pfuirufe und
2014 952 3158 1029 Rufe: So ein Landeshauptmann, Leichenschändung ist das!
2015 995 3172 1078 ei den Christlichsozialen.) Ich habe dieser Feststellung nichts
2015 1034 3169 1126 inzuzufügen und überlasse es dem Herrn Landeshauptmann
2010 1078 3169 1153 sich selbst darüber ein Urteil zu bilden, wie ein Mann sich er¬
2000 1123 3163 1203 niedrigt, der in solcher Stellung von so niodrigen Mitteln Ge¬
2003 1157 3176 1259 brauch macht. (Lebhafter Beifall und Händeklatschen bei den
2002 1199 2337 1258 Christlichsozialen.)
2102 1239 3176 1329 Der Antrag des Abg. Kunschak wird sodann von der
2002 1256 3177 1369 Mehrheit abgelehnt, der Antrag Speiser mit genügender
2001 1322 3173 1427 Mehrheit der geschäftsordnungsmäßigen Behandlung zu¬
2007 1364 2175 1424 gewiesen.
2088 1459 3073 1571 Kompetenzstreit oder Nichtbefolgung
2215 1545 2933 1623 ministerieller Anordnung?
2355 1607 2810 1679 Von juristischer Seie.
2087 1648 3154 1749 Der Streit zwischen dem Bürgermeister Reumann al
1992 1691 3161 1785 Landeshauptmann von Wien=Land und dem Bundesministen
1993 1757 3170 1843 des Innern Dr. Glanz in der „Reigen“=Affäre dreht sich um
1998 1803 3168 1885 folgende Kernfrage: Besteht ein Kompetenzkonflikt zweier ver¬
1996 1847 3161 1928 fassungsmäßig gleichgestellter Faktoren oder hat der eine, der
1996 1892 3172 1977 Bundesminister, eine übergeordnete Verfügungsgewalt, der sich
1993 1941 3163 2017 der andre, der Landeshauptmann, unterordnen muß? Die
1995 1981 3168 2074 Frage ist nicht leicht zu entscheiden, weil die Bundesverfassung
1987 2033 3160 2111 vom 1. Oktober 1920 noch kein abgeschlossenes Werk ist, sondern
1996 2076 3156 2149 vielfacher Ergänzungsgesetze bedarf, die noch nicht erlassen sind.
2077 2119 3161 2197 Die Bundesverfassung grenzt in den Artikeln 10 bis 15
1992 2148 3158 2253 die Befugnisse des Bundes und der Länder in bezug auf Gesetz¬
1991 2213 3152 2290 gebung und Vollziehung ab. Im Rahmen dieser Abgrenzung
1984 2260 3156 2340 bestimmt Artikel 15, daß eine Angelegenheit, soweit sie nicht
1992 2311 3150 2389 zusdrücklich durch die Bundesverfassung der Gesetzgebung
1992 2349 3153 2431 ober auch der Vollziehung des Bundes übertragen ist, im selb¬
1991 2391 3158 2472 tändigen Wirkungsbereich der Länder verbleibt. Die Theater¬
1981 2441 3154 2514 angelegenheiten sind nun nicht unter jenen Gegenständen auf¬
1991 2489 3152 2567 gezählt, bezüglich deren in den Artikeln 10 bis 14 die Verteilung
1984 2532 3150 2621 zwischen Bund und Ländern vorgenammen ist. Die in Frage
1984 2578 3158 2660 kommende Materie der Genehmigung oder des Verbots von
1982 2620 3146 2698 Theaterstücken ist bisher durch die Theaterverordnung, eine Ver¬
2210 2982 2354 3074 Nr. 42
2785 3000 3107 3100 Wien, Sauste
2152 3092 3318 3172 ordnung des seinerzeitigen Ministeriums des Innern aus dem
2154 3126 3306 3223 Jahre 1850, geregelt. Beide Teile stützen sich auf diese Ver¬
2142 3186 3308 3272 ordnung. Diese Theaterordnung weist im § 3 die Aufführungs¬
2145 3217 3315 3311 bewilligung der Statthalterei zu. Nur wenn die Statthalterei
2146 3269 3308 3345 ein Verbot erlassen hat, entscheidet auf Reiurs des Aufführungs¬
2140 3309 3296 3405 werbers das Ministerium des Innern. Ueber die Rücknahme
2147 3359 3291 3451 einer erteilten Bewilligung sagt § 5 lediglich, daß sie aus
2132 3400 3295 3497 Beweggründen der öffentlichen Ordnung jederzeit erfolgen
2129 3440 3298 3539 kann. Landeshauptmann Reumann folgert nun aus der
2127 3487 3292 3587 Theaterordnung, daß auch eine Rücknahme der Aufführungs¬
2134 3542 3297 3617 erlaubnis ausschließlich dem Landeschef zugestanden habe, be¬
2135 3576 3288 3673 ziehungsweise zustehe. Diese Verwaltungsangelegenheit falle
2126 3624 3285 3722 demnach unter Artikel 15 der gegenwärtigen Bundesverfassung,
2125 3666 3297 3777 das heißt, sie habe im selbständigen Wirkungskreis
2129 3709 2872 3785 des Landes Wien zu „verbleiben“.
2218 3755 3280 3846 Der Bundesm nister seinerseits folgert aus dem Umstande
2114 3806 3290 3893 daß die Theatererdnung durch en Verfügung des Ministeriums
2118 3849 3299 3956 des Innern geregelt wurde, die Materie gehöre nach wie vor
2127 3892 3291 3993 n die Kompetenz des Ministeriums. Die Vollziehung stehe
2126 3944 3276 4040 sonach auch heute dem Bunde, beziehungsweise dem zuständigen
2116 3991 3282 4088 Innenressort zu Dieses könne sich demnach auf Artikel 103 der
2112 4042 3273 4122 gegenwärtigen Verfassung berufen, wonach in den Angelegen¬
2112 4085 3272 4175 heiten der mittelbaren Bundesverwaltung (das heißt der Voll¬
2116 4130 3249 4224 nung des Bundes durch den Laneshauptwennund#g
