3444 4352
998 139 1414 240 box 17/6
303 157 809 252 11. Reigen
696 1155 1746 1293 Der Gesetzbruch des Glanz.
791 1268 1765 1350 Der Minister des Innern, welcher der nun aus¬
664 1341 1757 1402 reichend hekonnts Herr Dr. Glänz ist, hat die weitere
677 1378 1763 1450 Aufführung des „Reigen“ verboten. Damit hat die
681 1431 1761 1491 ganze Frage äufgehört, die begrenzte nach dem künst¬
676 1480 1750 1532 lerischen Werte eines Theaterstückes zu sein, ist viel¬
674 1532 1762 1593 mehr die recht ernste Frage geworden, ob man sich
678 1576 1757 1646 von einem Minister, dem die Gesetze weniger gelten
677 1620 1753 1691 als die Befehle der klerikalen Hintermänner, die ihn
677 1681 1759 1742 zum Erweis und zur Bewährung ihrer Macht, in die
669 1725 1756 1787 Regierung gebracht haben, ob man sich von diesem
679 1768 1763 1829 Herrn Glanz ganz offenkundige Verfassungswidrigkeiten
672 1816 1763 1886 gefallen lassen soll, gefallen lassen darf. Die Sozial¬
673 1867 1753 1936 demokraten sind nun keineswegs gesonnen, die freche
674 1911 1759 1991 Willkür, die das Kennzeichen des klerikalsmonarchistischen
668 1955 1749 2023 Altösterreich gewesen ist, in der Republik einreißen zu
678 2008 1763 2079 lassen, und werden sich durch den kindischen Einwand,
674 2054 1752 2128 daß wir in Wien andere Sorgen haben sollten als die
668 2103 1759 2182 ob ein bestrittenes Werk auf dem Theater aufgeführt
669 2169 1760 2226 werden soll, von der nun höchst politischen Frage, ob
675 2202 1760 2270 der Minister des Innern in die Rechtssphäre des Wiener
673 2252 1761 2317 Landeshauptmannes eingreifen und dabei das Gesetz
678 2301 1751 2364 schamlos vergewaltigen dürfe, nicht abwendig
669 2345 1760 2417 machen lassen. Die heuchlerische Klage darüber, daß
664 2394 1613 2462 im Parlament wegen dieses Verbots
1616 2406 1760 2465 eine
673 2445 1761 2515 Debatte hervorgerufen wurde, steht, nebenbei bemerkt,
667 2496 1764 2570 besonders denen gut an, die bei jeder möglichen
668 2540 1749 2613 Gelegenheit das Parlament verhöhnen, weil es für
679 2597 1764 2661 geistige Dinge kein Interesse habe. Und wenn man
668 2647 1757 2708 meint, daß ein Staat, der mit einem Desizit von
668 2700 1751 2759 zweiundierzig Milliarden geschlagen ist, andere
683 2736 1748 2810 Sorgen haben sollte als eine Theateraufführung, so
669 2786 1764 2855 müßte dies unseres Bedünkens vor allem für die Re¬
675 2838 1765 2901 gierung gelten, die es ist, die diesen Staat verwaltet
666 2891 1750 2944 und diesen Staatshaushalt zu verantworten hat, die
666 2936 1762 2984 es aber auch ist, die den Konflikt mutwillig hervor¬
673 2983 1758 3049 gerufen hat. Da entsteht geradezu der Eindruck, daß
667 3028 1751 3096 die armselige Regierung, die nichts zuwege bringt und
665 3071 1760 3142 deren Unfähigkeit nachgerade selbst den Gedankenlosen
669 3131 1752 3193 zum Bewußtsein kommt, den Krieg gegen den „Reigen“
679 3179 1761 3236 deshalb angefangen hat, um mit dem Siege über
666 3218 1760 3277 Arthur Schnitzler die Fülle ihrer sonstigen schmäh¬
664 3265 1323 3329 lichen Niederlagen zu vertuschen.
783 3314 1749 3385 Wir lehnen es auch selbstverständlich ab, über
668 3360 1754 3427 den künstlerischen Wert des Stückes eine Diskussion zu
676 3410 1747 3477 beginnen, wobei diese Ablehnung aber durchaus nich
671 3463 1756 3525 als ein Zugeständnis erachtet werden darf, daß in einer
665 3509 1749 3575 solchen Diskussion das Bestehen schwierig wäre. Aber
662 3568 1761 3632 wer wird sich mit christlichsozialen Politikern in
656 3602 1756 3677 literarische Debatten einlassen, oder wer wird gar die
1822 98 2906 167 en
1805 145 2904 204 erlauben, es frech zu beugen. Und eine kecke Rechts¬
1806 180 2906 247 beugung und Gesetzverletzung ist es, was sich Herr
1814 225 2459 295 Glanz da herausgenommen hat.
1916 287 2897 363 Denn wenn selbst von allen politischen Ver¬
1802 301 2901 409 änderungen, die mit der Begründung der Demokratie
1805 389 2901 452 verknüpft sind, abgesehen wird, auch dann, auch nach
1805 430 2899 500 der Theaterordnung vom 25. November 1850, ist das
1807 474 2893 554 Verbot ein unzweifelhafter Uebergriff. Nach dieser Ver¬
1796 529 2898 590 ordnung bedarf „jede wie immer geartete Bühnen¬
1804 581 2900 650 produktion vor ihrer ersten Darstellung der Auf¬
1809 625 2880 687 führungsbewilligung von Seite des Statthalters“
1812 675 2904 735 (§ 3). Gegen die Entscheidung des Statthalters steht
1798 723 2895 781 dem Theaterunternehmer der Rekurs an den Minister
1794 767 2304 832 des Innern zu. (§ 7.)
2332 771 2895 842 Aus diesen hier wörtlich
1801 818 2902 874 wiedergegebenen Gesetzbestimmungen geht wohl aus¬
1803 866 2898 926 reichend hervor, daß die Entscheidung des Statthalters
1886 910 2892 981 dem Minister des Innern nur angefochten werden
1800 951 2886 1026 kann, wenn sie abweisend ist; wenn sie die Bewilli¬
1793 1004 2886 1073 gung ausspricht, selbstverständlich nicht. Denn
1788 1067 2887 1127 wer könnte sie, wenn sie die Aufführung bewilligt,
1790 1110 2771 1174 vor den Minister bringen? Nun beruft
2811 1115 2891 1179 sich
1799 1155 2887 1213 Derr. Glanz in seinem „Erlaß“ auf den § 5 jener
1798 1203 2884 1272 Theaterordnung. Wie lautet dieser? „Die erteilte Auf¬
1804 1249 2891 1310 führungsbewilligung kann aus Beweggründen der
1811 1298 2880 1360 öffentlichen Ordnung jederzeit zurückgenommen werden.“
1809 1345 2889 1416 Aber von wem zurückgenommen? Ganz selbstverständlich
1810 1406 2890 1464 nur von dem, der sie erteilt hat, nämlich wieder vom
1796 1441 2890 1513 Statthalter! Das wird für jeden, der Gesetzes¬
1802 1494 2889 1563 bestimmungen mit moralischer Rechtschaffenheit aus¬
1799 1542 2888 1612 zulegen sucht, keinem Zweifel unterliegen; im übrigen
1812 1586 2888 1652 st es in der Instruktion an die Statthalter über die
1797 1634 2884 1710 Handhabung der Zenfur — Verordnung des Mini¬
1798 1683 2793 1744 steriums des Innern vom 25. November 1850
1805 1739 2885 1805 ausdrücklich gesagt: „In manchen Fällen
1807 1782 2885 1849 stellt auch erst die Darstellung eine früher nicht vor¬
1804 1834 2893 1903 hergesehene Wirkung auf das Publikum heraus. Es
1803 1891 2893 1956 ist deshalb dem Statthalter durch das
1803 1925 2892 1996 Gesetz das Recht gewahrt, die erteilte
1802 1973 2885 2037 Aufführungsbewilligung zu jeder Zeit ganz oder teil¬
1802 2029 2883 2085 weise zu widerrufen.“ Dem Statthalter ist das Recht
1808 2080 2884 2134 gewährt, nicht dem Minister, und „Statthalter“ in
1806 2124 2891 2181 Wien ist jetzt, nach der neuen Verfassung, der Wiener
1795 2167 2899 2235 Bürgermeister. Die Sachlage ist also völlig klar: daß
1808 2222 2885 2276 da nur der Statthalter zu entscheiden
1806 2264 2899 2335 hat, dem Minister des Innern jede Möglichkeit
1806 2318 2883 2375 fehlt, wenn überhaupt ein Gesetz gilt, sich in die Sache
1800 2362 2268 2427 irgendwie einzumischen.
1905 2389 2893 2485 Aber dieser erstaunliche Minister, der bei jeder
1797 2443 2804 2516 Gelegenheit die Absicht zeigt, zu provozieren
1799 2514 2891 2576 man achte nur auf den höhnischen Ton, den er heute
1798 2553 2885 2618 anschlug —, scheint allen Ernstes zu glauben, daß
1797 2604 2883 2663 der Wiener Bürgermeister und Landeshauptmann sein
1798 2655 2891 2715 Lakai ist, er ihm befehlen könne, jener ihm zu
1806 2713 2894 2772 gehorchen habe. Sein „Recht“ zur „Aufsicht“ über die
1799 2751 2895 2813 Verwaltung des Wiener Landeshauptmannes sei „schon
1800 2800 2881 2862 in dem Verhältnis der in Betracht kommenden Behörden
1802 2857 2880 2916 an sich begründet“. Aber wir haben doch nicht eine
1802 2894 2882 2970 Verfassung errichtet, wonach Oesterreich ein Bundes¬
1805 2942 1897 2996 staat
1902 2943 2379 3006 ist, der aus den
2384 2938 2892 3010 selbständigen
1805 2993 2881 3052 Ländern“ gebildet wird, damit Herr Glanz dem Vertreter
1800 3042 2877 3103 des selbständigen Landes Wien Befehle erteilen könne!
1803 3089 2887 3152 „Wissenschaft und Theorie haben es niemals bezweifelt,
1791 3145 2886 3204 und von unseren Obersten Gerichtshöfen ist es stets
1794 3189 2880 3253 einmütig anerkannt worden“ Welcher sinnlose Schwatz!
1795 3233 2883 3298 Als ob die Begründung des Bundesstaates, die Er¬
1799 3281 2879 3336 hebung der ehemaligen Kronländer zu selbständigen
1802 3329 2879 3396 Ländern, die Dinge nicht im Wesen geändert hätten!
1799 3380 2878 3441 Wobei aber noch festzustellen ist, daß vielleicht ehemals
1796 3428 2878 3487 der Minister des Innern den Statthalter etwas be¬
1803 3474 2886 3535 fehlen konnte, daß er aber doch dort, wo das Gesetz
1789 3522 2886 3582 die Anordnung dem Statthalter zuweist, niemals selbst
1799 3573 2887 3622 etwas verfügen durfte, nur durch den Statthalter
1794 3625 2887 3696 handeln konnte. Tatsächlich ist es auch in dem alten
