3336 4416
1542 220 1588 273 e¬
595 224 1495 269 handeln die Frage freilich von einem anderen
612 260 1240 319 ichtspunkt als die beswilligen
1246 259 1592 319 Schwachköpie be¬
611 306 1589 361 „Tagespost“ und man lese nur, wie etwa die „Neu¬
614 345 1591 400 Freie Presse“, die, wie die Erfahrung lehrt, gewiß
602 399 1585 447 gerne bereit ist, den Jargon der „Tagespost“ einzu¬
1345 438 1583 496 Gelegenheit
609 438 1338 491 hängen, wenn sie dazu nur halbwegs
600 478 1578 531 hat, sich zu der Angelegenheit verhält. Sie schreibt
611 529 1585 581 „Das Verbot der Regierung ist erfolgt aus Rücksicht
597 568 1588 624 gegenüber einer parteipolitischen Strömung, die sich
603 612 1595 660 gänzlich unberechtigterweise in diese rein künstlerische
612 657 1594 704 Frage eingemengt hat. Nachträgliche Verbote haben
610 702 1587 758 überhaupt viel Gehässiges und sind ein Armuiszeng¬
609 744 1589 790 nis für die Behörde, die nicht imstande war, im
608 786 1585 846 vorhinein zu dem richtigen Schlusse zu gelangen
608 830 1506 893 Entweder das Ministerium heite die Ansicht,
1532 834 1601 888 daß
609 875 1585 924 diese Aufführung nicht statifinden dürfe, dann hätte
603 918 1598 971 von allem Ansang an die Entscheidung in diesem
606 960 1588 1016 Sinne erfließen müssen. Juerst jedoch die Aufführung
609 1012 1585 1064 erlauben, dann aber den politischen Strömunger
609 1049 1589 1106 nachgeben, ist inkonsequent und kennzeichnet die
602 1091 1588 1145 Flüchtigkeit, mit der in Österreich über wichtige
605 1134 1583 1184 künstlerische Fragen entschieden wird.“ Man ver
609 1178 1583 1227 gleiche damit die gehässigen Ausfälle der Grazen
607 1218 1585 1269 Kuppelpresse, die sich erdreistet, zu schreiben, der
614 1270 1592 1325 rote Terror“ habe sich des „Reigens“, bemächtigt,
610 1313 1599 1368 während die Wahrheit ist, daß der weiße Terror die
610 1353 1595 1407 Verfassung bricht und die journalistische Gelegen¬
596 1403 1313 1450 heitsmacherin die Mauer dazu macht.
675 1443 1599 1509 Noch sind wir nicht so weit, daß auf jeden Wink
609 1491 1590 1553 eines Piffl die Verfassung gebrochen werden kann.
608 1540 1586 1597 Gen. Reumann, der Wiener Landeshaupimann, an¬
599 1579 1591 1640 erkennt den Verfassungsbruch nicht und leitet dem¬
614 1622 1590 1687 gemäß den gesetzwidrigen Erlaß auch nicht weiter,
617 1683 1599 1732 o daß das Theaterstück ruhig aufgeführt werden
611 1709 1590 1789 kann, bis der Verfassungsgerichtshof entschieden
603 1752 829 1822 haben wird.
609 1829 1588 1891 Für den Schutz der Rechte des Landeshauptmannes.
672 1884 1593 1950 Wien, 11. Februar. In der heutigen Sitzung des
601 1923 1595 1996 Landtages stellte Gemeinderat Speiser namens der
609 1987 1599 2035 Sozialdemokraten einen Dringlichkeitsantrag, worin
614 2034 1600 2091 unter Hinweis darauf, daß das vom Minister des
614 2073 1589 2135 Innern erlassene Verbot der Aufführung von Schnitz¬
616 2121 1585 2170 lers „Reigen“ in die Kompetenz des Landtages ein¬
600 2166 1592 2214 greife, der Bürgermeister als Landeshauptmann auf¬
613 2205 1590 2256 gefordert wird, die Autonomie des Landes gegen je¬
610 2256 1597 2323 den Eingriff der Bundesregierung energisch zu
612 2291 759 2353 wahren.
680 2321 1591 2389 Sowohl bei der Verlesung des Antrages, als bei
609 2383 1587 2436 der Begründung desselben durch den Abg. Speiser
610 2430 1585 2483 kam es zu stürmischen Szenen zwischen den Sozial¬
615 2480 1591 2529 demokraten und den Christlichsozialen, wobei die
618 2517 1590 2571 letzteren mit den Pultdeckeln Lärm schlugen. Schließ¬
606 2565 1588 2613 lich wurde dem Antrage die Dringlichkeit zuerkannt
613 2611 1596 2656 Von seiten der. Christlichsozialen wurde das erlassene
614 2652 943 2713 Verbot verteidigt.
671 2684 1594 2755 Der Landeshauptmann und Bürgermeister er¬
608 2739 1587 2792 klärte unter lebhaftem Beifall der Sozialdemokraten
611 2792 1600 2847 nichts werde ihn dazu beingen, die Aufführung des
609 2832 1594 2888 „Reigens“ zu verbieten. Er lasse die Verfassung der
617 2879 1592 2950 Stadt Wien nicht schänden. Er werde von seinem
607 2921 1041 2987 Rechte nicht abweichen.
682 2970 1598 3016 Schließlich wurde ein Antrag Kunschaks, den
605 3008 1591 3061 Sachverhalt zu prüfen und dem Gemeinderat darüber
610 3065 1598 3129 zu berichten, abgelehnt und der Antrag Speiser an¬
602 3107 814 3171 genommen.
772 3157 1442 3228 Herrn Glanz' Stellung erschüttert?
675 3222 1587 3281 Wien, 11. Februar. In parlamentarischen Krei¬
610 3266 1601 3327 sen wurde gestern der Vorfall lebhaft erörtert und
604 3328 1604 3373 vielfach der Auffassung Ausdruck gegeben, daß, wenn
609 3360 1591 3417 nicht in letzter Stunde eine Zurückziehung des ver¬
615 3405 1597 3461 fassungswidrigen Verbotes durch den Minister Glanz
609 3444 1593 3505 erfolgen sollte, die Stellung des Bundesminsters
616 3497 1602 3555 für Inneres und sein weiteres Verbleiben in der
612 3543 1323 3600 Regierung sehr fragkich geworden ist.
864 3608 1350 3681 Die Haltung Schnitzlers.
681 3663 1599 3724 Wien, 11. Februar. Die gestern verbreiteten Ge¬
610 3712 1588 3779 rüchte, daß der Autor des „Reigens“, Artur Schnitz¬
616 3765 1593 3819 ler, dem Streitfall durch Zurückziehung seines
619 3803 1591 3861 Stückes von der Bühne ein Ende bereiten wird, ent¬
621 3849 1607 3910 sprechen nicht den Tatsachen. Schnitzler erklärt, er
616 3892 1448 3952 denke nicht daran, sein Stück zurückzuziehen.
1634 225 2605 271 Aleinen und den Aklienkäufen durch den Triestiner
2538 267 2607 315 wie
1628 272 2491 333 Arzt Castialioni sicherlich ebensoviel Kenntni¬
1632 307 2360 375 unsere meisten Leser vom Kontrapunkt.
2360 307 2602 372 und so darf
1632 357 2601 407 es nicht wundern, wenn ein Artikel, der die Tendenz
1628 394 2607 449 hat, zu beweisen, wie sehr sich Ententetapitalisten bei
1630 448 2606 497 ihren Schiebereien verrechnen können, produziert
1631 487 2609 537 werden kann, der den haarsträubendsten Blödsinn
1632 533 2610 585 über das traurigste österreichische Wirtschaftskapitel
1631 581 2586 636 zum Inhalt hat. Wir hätten die „Enthüllungen
1631 626 2593 677 ruhin vorübergehen lassen, wenn nicht die „Tages
1627 669 2611 725 post“ durch Wiedergabe des ganzen Artikels bewiesen
1632 712 2601 765 hätte, wie sehr ihr auch die primitivsien Kenntisse
1629 757 2604 817 der wirtschaftlichen Vorkomnisse fehlen und wie sehr
1637 802 2601 872 ie jeder Dummheit aussitzt, die sich mit „Eingeweist¬
1632 852 2600 908 heit“ drapiert. Ist schon die Unkenntnis der Berliner
1645 891 2600 949 Vossischen Zeitung" über Wirtschaftsvorgänge bei
1642 933 2604 999 ms blamabel, noch dazu bei soviel Häufung von
1634 980 2601 1038 handgreiflichem Unsinn, wie man ihn sonst nicht leich
1646 1027 2605 1074 ind““ so ist die Wiedergabe des Artikels durch die
1640 1068 2613 1128 Prazer „Tagespost“ eine wahre Schande und eine
1637 1116 2605 1174 Zumutung an ihre Leser, die sich wohl fragen müß¬
1630 1168 2603 1215 ten, ob denn dieses Blait nicht einen Menschen hat
1628 1205 2612 1266 der imstande wäre, einen Wirtschaftsaufsatz, der dies
1640 1259 2604 1309 größte steirische Werk behandelt, auf seine annähernde
1633 1294 2598 1363 Richtigkeit zu prüfen, ehe er der Öffentlichkeit über¬
1632 1345 2433 1405 geben wird, noch dazu an leitender Stelle.
1694 1371 2608 1446 Damit wir dem ehrenwerten und fachweisen
1631 1424 2610 1478 Blatt, das nach Abdruck des Berliner Artikels selbst¬
1625 1477 2610 1529 gefällig „die Wahrheit der Darstellung im großen und
1640 1525 2598 1574 ganzen“ feststellt, nicht Unrecht tun, führen wir an
1633 1567 2607 1625 daß ihm eine Stelle des Berliner Alpine=Artikels,
1633 1614 2612 1673 allerdings die schreiendste und für jeden Schuljungen
1639 1661 2613 1710 als Blödsinn erkennbare, selber auffällt, nämlich die,
1628 1706 2610 1763 auf die sich der Vossische Arkikel aufbam und vor
1628 1744 2608 1794 dem der von der „Tagespost“ besonders hervorgeho¬
1634 1789 2602 1845 bene Satz gilt, daß „die Mitteilungen in den Einzel¬
1628 1836 2604 1888 heiten bisher nur ganz wenigen Eingeweihten be¬
1641 1883 2600 1937 kannt seien und sie kein Dementi und keine Abschwä¬
1641 1924 2600 1978 hung auch nur um ein Jota zu erschüttern ver¬
1640 1975 2603 2031 nöchte“. Die „Vossische Zeitung“ erzählt und die
1641 2011 2604 2065 „Tagespost“ setzt es ihren Lesern vor, daß der Schie¬
1636 2054 2602 2110 ber Castiglioni sich durch Käufe von Alpineaktien
1634 2105 2609 2163 zu phantastischen Preisen in den Besitz der Aktien¬
1630 2153 2599 2201 majorität brachte und einen großen Teil davon der
1645 2195 2609 2251 Turiner Fiat-Gruppe zu noch phantastischerem
1633 2236 2609 2289 Preise überließ. Warum tun das Castialioni und die
1631 2285 2606 2342 Fiat=Gruppc? Aus valutarischen Erwägungen etwa?
1633 2335 2609 2384 Mag sein, sagen die „Vossin“ und die „Tagespost“.
1632 2382 2597 2432 „Weit stärker aber war der Wunsch der Italiener
1630 2419 2610 2474 sich dieses glänzenden österreichischen Unternehmens
1634 2465 2606 2520 zu bemächtigen, wobei sicherlich, wenn nicht die zu¬
1634 2509 2602 2566 versichtliche Erwartung, so=doch mindestens die stille
1638 2556 2613 2614 Hoffnung mitsprach, das Ergebnis der Abstimmung
1633 2598 2612 2647 werde diesen Teil Deutschösterreichs zu Italien schla¬
1638 2642 2608 2702 gen.“ (Sieast es!] „Daß solche Erwartungen aufs
1639 2693 2604 2750 gröbste getäuscht worden sind, ist bekannt.“ (Aber hof¬
1639 2734 2607 2789 entlich nicht erst durch die „Vossische“.) „Damit zer¬
1648 2779 2600 2833 chlug sich die letzte Hoffnung der Italiener, aus die¬
1644 2824 2606 2886 em Geschäte mit einem blauen Auge herauszukom¬
1642 2871 2601 2930 nen.“ (Hofft net weiter!) Diese Zeugnisse von Trot¬
1641 2916 2598 2960 telhaftgikeit bezeichnet die „Tachcest“ bescheiden
1635 2958 2612 3009 wie sie nun einmal ist, als „von einer falschen Optik
1640 3001 2594 3053 aus gesehen“, denn so viel weiß die „Tagespost“
1643 3040 2614 3098 chon, daß Castiglioni auch gemußt hat, Donawitz und
1629 3091 2606 3151 Eisenerz seien nicht in ein für Italien bestimmtes
1632 3135 2614 3191 Abstimmungsgebiet in Betracht gekommen, denn
1635 3180 2602 3234 zwischen Donawitz und der italienischen Grenze sind
1639 3221 2606 3284 immerhin noch einige deutschösterreichische Felder, bis
1632 3265 2097 3323 man nach Tarvis kommt.
1695 3313 2607 3368 Aber auf diesen Unsinn isi der Artikel aufgebaut
1633 3355 2609 3413 und die Folgerungen schauen demgemäß aus. Bevor
1629 3412 2607 3457 wir weiteraehen, möchten wir folaendes aussprechen:
1645 3447 2613 3502 Die „Tagespost“ und die „Vossin“ sind der festen
1637 3491 2607 3545 Überzeugung, daß Castialioni und die Seinen mit
1641 3534 2611 3586 dem Alpine=Aktienkauf sich „in die Nesseln gesetzt
1633 3580 2605 3633 hätten“. Ach, wire das nur wahr, säßen sie wirklich
1642 3627 2606 3687 drin, niemand hätte mehr Großschieber und Geld¬
1641 3681 2606 3720 wir, wenn es so einem Großschieber und Geld¬
1643 3711 2608 3773 scheffler einmal ordentlich an die Taschen ginge. Dem
1649 3760 2604 3810 st aber leider nicht so und wie gesagt, nur die Un¬
1636 3805 2606 3856 wissenheit der „Tagespost“ zwingt uns wieder einmal,
1641 3852 2602 3899 an einem Beisviel zu zeigen, wie sehr aerade die
1632 3890 2599 3943 Dummheit diess Blattes im Verein mit ihrem übel¬
1633 3937 2600 3993 wollen gegen die frühere „Judensoziregierung“
1634 3980 2612 4041 schuld daran tragen, daß mit ihrer und der steirischen
2647 236 3246 287 erschachern hälfen, das nun d
2642 274 3265 337 über unser größtes Unternehmen
2640 324 3273 375 vollste Rohstoifquelle erhielt. Desh
2648 364 3279 426 idie ohnegleichen, wenn die „Ta
2645 411 3266 470 ausbringt zu behaupten, daß die fr
2638 452 3248 513 Regierung die Tragweite dieser
2641 501 3284 561 erkannt hat. Das Gegenteil ist rich
2644 548 3278 592 erkannte die Tragweite nur zu gen
2634 585 3269 640 gespost“ und der christlichsozialen
2644 635 3280 696 war die Lösung durch Herrn Casti
2648 674 3274 732 ieber als die Verwaltung durch di
2642 721 2967 783 den Staat selbst.
2712 747 3282 816 Das zur impertinenten Behaup
2649 810 3261 859 in Unwissenheit, sondern auch an
2651 854 3257 902 eidenden „Tagespost“. Und nun
2653 900 3286 960 Behauptungen, wie stark Castiglio
2651 944 3254 1006 itz:“. Als Castiglioni Alpine zu
2645 988 3286 1041 italienischer Valuta, kostete ein Al
2642 1031 3272 1089 recht erinnern, ungefähr 500 öst
2644 1075 3262 1137 oder nach dem damaligen Stand
2655 1117 3274 1173 age und schreibe einhundert Lire
2650 1163 3275 1215 samten Aktienposten von 130.000
2648 1214 3245 1260 13 Millionen Lire. Für einen
2650 1256 3280 1312 cheffler à la Castiglioni ein Pap
2653 1302 3277 1351 3 Millionen Lire konnte man au
2638 1336 3287 1403 mehr als vielleicht einen halbve
2642 1394 3287 1444 kaufen. Das war damals. Inzwisch
2654 1437 3287 1489 ktie von 500 K per Stück auf n
2642 1478 3288 1528 Kronen per Stück gestiegen. Koste
2653 1524 3277 1588 astiglioni die 130.000 Stück Al
2640 1571 3282 1634 kaufte, ungefähr 65 Millionen Kr
2639 1615 3278 1676 heute dafür, wenn er sie verkaufen
2639 1654 3258 1714 ger als 689 Millionen Kronen.
2653 1704 3264 1755 o „in den Resseln“ daß er heim
2643 1743 3294 1796 pinen nicht weniger als die Kleinig
2652 1789 3244 1844 ionen Kronen verdienen würde.
2645 1844 3287 1894 „blaue Auge“ ist, mit dem die Is
2651 1884 3260 1932 Alpinekauf dionkommen werden,
2653 1918 3284 1982 Vossin“ und die „Tagespost“ diese
2637 1971 3285 2023 gewinn noch zu gering und die sind
2641 2014 3278 2078 dere Verdienste gewöhnt. So sieht
2649 2056 3288 2109 es Artikelschreibers und das Wi
2645 2094 3291 2161 post“ aus. Was nun die übrigen
2641 2142 3266 2202 Artikel über Arbeiter und über
2650 2178 3283 2258 hätte sich der Eingeweihte und die
2643 2241 3282 2295 einem Artikel des Direktors Rotk
2645 2274 3278 2336 pinen in der Weihnachtsnummer
2653 2329 3277 2387 Presse“ besser unterrichten können
2703 2378 3289 2431 Es ist kaum der Mühe wert, au
2638 2421 3291 2478 von der unmöglichen Beschäftigung
2647 2456 3285 2512 beiter bei der Alpinen, mit der C
2643 2504 3249 2561 gerechnet haben soll, einzugehen,
2648 2549 3261 2613 vitzer Hofarbeiter weiß, daß im
2657 2594 3282 2655 ofern sie beschäftigt wurden, zusa
2646 2641 3282 2692 slawischen Arbeitern höchstens für
2651 2681 3283 2733 Verwendung fanden, da sie für d
2643 2731 3294 2795 Hochofenarbeit den einheimischen 2#
2645 2776 3017 2837 deutend nachstanden.
2707 2808 3290 2872 So glauben wir gezeigt zu hab
2654 2863 3286 2920 chaftsweisheit der „Tagespost“ be
2641 2910 3294 2957 nicht einmal imstande ist, ein Urt
2643 2947 3299 3003 zu geben, das kaum zwei Bahnstunt
2654 2998 3284 3051 ernt ist. Und so eine Zeitung lebt
2644 3039 3273 3112 das Blatt der Intelligenz zu sein.
2649 3169 3207 3270 Ehristlichsoziale A
2725 3249 3253 3352 stimmung wegen
2704 3339 3272 3412 Am Aschermittwoch, wo die
2640 3443 3295 3508 die Redaktion des Grazer christli
2646 3482 3301 3540 Blattes in der Suppe des neuer
2648 3531 3289 3578 ums in Ungarn einige Haare gefu
2644 3568 3270 3622 Appetit an der Horthygesellschaft
2642 3618 3254 3678 Man höre, wie das Blatt (10.
2713 3662 3269 3714 „Ein Wahlkampf in Ungarn
2641 3705 3272 3766 reinigendes Gewitter wirken, da
2639 3753 3284 3808 versammlung Leute sitzen, die de
2638 3793 3271 3851 licher Kurs“ nur als Deckmantel
2656 3834 3290 3894 aubere politische Geschäfte zu mache
2640 3888 3296 3938 sätzen des Christentums widerstreite
2639 3930 3288 3979 Bewegung ohne seelische Erneuern
2638 3964 3290 4043 zu wenig; wenn diese durchgreift,
