3532 4352
999 128 1427 225 box 18/3
298 128 824 260 11. Reigen
675 743 768 847 16
689 840 2911 977 •BBBBBBBBBBBBBBBBZ & SeSeeeaasa.
857 996 2709 1151 KURZAAL SCHEVENINGEN
1164 1200 2442 1339 ZATERDAG 5 AUGUSTUS 1922
2324 1383 2435 1462 11
1186 1376 2358 1569 „CARNAVAL
1248 1553 2378 1672 onder leiding van MAX. VAN GELDER
999 1656 2623 1752 IN DE DAARTOE GEHEEL VERSIERDE KURZAAL
2333 1757 2758 1859 Einde 2 uur
866 1754 1544 1874 Aanvang 8.30 n.m.
1095 1908 2550 2083 GROOT GECOSTUMEERD BAL
1140 2055 2512 2146 onder leiding van GERARD J. VAN DER MARK
1384 2127 2273 2256 (Het dragen van maskers is geoorloofd)
1290 2243 2009 2394 Geillumineerd Terras
1285 2378 2517 2472 Drie groote orkesten in de Kurzaal
1289 2467 1808 2585 Bal Champêtre
1299 2554 2067 2677 Orkest op het Terras.
874 2663 1963 2758 Prijzen worden beschikbaar gesteld voor:
1237 2775 1804 2877 a. de mooiste groep.
1237 2834 2548 2955 b. het mooist gecostumeerde paar (heer en dame)
1219 2920 2177 3032 c. het mooist gecostumeerde meisje
871 2992 2124 3100 De Jury is samengesteld uit Leden van „Pulchri Studio“
992 3082 2666 3210 ABONNEMENTEN EN DIPLOMA’S NIET GANGBAAR
885 3177 2780 3305 Entreeprijzen voor abonné’s f1.50, voor niet-abonné’s f3.— of 3 coupons
1062 3306 2623 3421 Voor Niet-gecostumeerden, die deel wenschen te nemen aan het Bal is
1424 3383 2247 3463 AVONDCOSTUUIM VERPLICHT.
886 3413 2782 3532 Costumes, voorstellende Apachen of reclame voor firma's, worden NIET TOEGELATEN
883 3535 2782 3662 Na ahoop Groot Souper met Attracties en Dausen Surprises in den Restaurant van het Hotel Kurhaus.
765 3668 2900 3793 BBPBBBBBBBPBBBBBZ 9 BBBBBBBPBBBBBBBSB
