3436 4384
276 138 355 203 1
970 129 1394 230 box 17/2
464 138 801 236 Reigen
370 1602 1405 1680 So sehen wir denn „Jugend“ und „Simplicissimus“,
329 1664 1403 1731 unsere beiden in vorderster Schlachtreihe stehenden
322 1701 1399 1777 Witzblätter, dem Gegner mit immer schärferen Waffen
332 1749 1398 1822 zu Leibe rücken. Dr. von Orterer, der Rektor des
339 1800 1397 1864 Luitpoldgymnasiums, wird in der Ochsenhaut des
335 1846 1397 1927 Evangelisten Lukas hörnergeschmückt zum Gespölt
341 1899 1398 1969 seiner Schüler gemacht oder der „Galerie berühmter
329 1948 1383 2016 Zeitgenossen“ mit der etwas einschränkenden Ueber¬
335 1994 1380 2070 schrift „Auch ein Zeitgenosse“ einverleibt, rangiert also
329 2044 1387 2111 sozusagen in die zweite Klasse des Soldatenstandes.
379 2091 1389 2165 Was Wunder, daß die also von der Pritsche Ge¬
324 2134 1378 2207 troffenen laut aufheulen und nun auf gute deutsche
324 2183 1379 2264 Art nach dem Staatsanwalt schreien. Aber sowenig
323 2241 1386 2308 man die „Verrohung der Theaterkritik“ mit flammenden
321 2284 1378 2354 Protesten aus der Welt schafft, so wenig werden
331 2329 1371 2398 Regierung und Geistlichkeit mit Strafprozessen dem
328 2387 1386 2449 roten Höllenmops des „Simplicissimus“ den Lebensodem
325 2443 1385 2495 ausblasen. Er reißt im Gegenteil sein böses Maul
314 2481 1384 2555 kampflustiger als je auf und fletscht vergnügt die
316 2520 1372 2597 dolchspitzen Zähne, denn die eine einzige Woche nach
320 2573 1375 2640 der Beschlagnahme der Zentrumsnummer und den
314 2620 1373 2699 bekannten Kammerdebatten hat ihm eine Erhöhung
317 2673 1369 2734 seiner Auflage um achttausend Exemplare gebracht!...
357 2720 1376 2789 Auch der Akademisch=Dramatische Verein, der das
315 2753 1370 2829 Todesverbrechen beging, den Schnitzlerschen „Reigen“
317 2818 1371 2887 aufzuführen, und dafür der Rache der Regierung
306 2857 1371 2928 zum Opfer fiel, hat in diesen stürmischen Vorfrühlings¬
309 2919 1373 2982 tagen eine fröhliche Urständ gefeiert. Der Verein
309 2965 1372 3034 hatte hier zehn Jahre im Sinne der Berliner freien
305 3008 1364 3098 Bühne gewirkt und sich bedeutende Verdienste um
1458 1618 2515 1710 die zeitgenössische Dramatik erworben. Zwanzig
1459 1676 2513 1751 akademische Semester waren gekommen und gegangen,
1460 1731 2522 1801 aber ein Geist lebendiger Teilnahme an allem Jungen,
1459 1771 2516 1843 Werdenden und ein frischer Wagemut hatten sich von
1458 1824 2511 1889 den ersten Gründern bis auf das jüngste Geschlecht
1456 1867 2515 1946 fortgepflanzt. Noch in den letzten Jahren war es der
1454 1919 2515 1996 Akademisch=Dramatische Verein, der die Wildesche
1465 1966 2510 2039 „Salome“ für Deutschland entdeckte und in einer un¬
1458 2014 2511 2086 vergeßlichen Vorstellung hier zuerst herausbrachte.
1463 2058 2511 2133 Ganz zuletzt schien es freilich, als sei ein sanftes Ver¬
1460 2110 2500 2181 dämmmern und Erlöschen über den Verein gekommen,
1459 2160 2501 2227 bis schließlich der Schnitzlersche „Reigen“ ein jähes
1448 2208 2433 2279 Sichaufraffen und einen ehrenvollen Tod brachte.
1485 2241 2503 2342 Und nun ist der „Neue Verein“ mit allen Ehren und
1457 2304 2502 2372 Sympathien, die Maßregelungen dem Verfolgten ein¬
1456 2355 2502 2422 zubringen pflegen, in das Erbe des Toten eingetreten.
1449 2404 2501 2472 Einige Münchner Schriftsteller haben sich mit den
1452 2445 2499 2525 studentischen Vertretern des aufgelösten Vereins
1444 2502 2502 2578 zusammengetan, um dessen. Traditionen auf breiterer
1453 2549 2499 2624 Grundlage fortzuführen. Die erste Tat des neuen
1436 2596 2494 2668 Vereins war eine Faschingsunterhaltung mit Molière
1442 2640 2491 2717 und Cervantes als Einlage. Für Anfang März
1443 2696 2489 2757 werden „Guiscard“ und „Diamant“ angekündigt.
1442 2738 2492 2812 Vorläufig also mehr antiquarisches Interesse als
1436 2784 2232 2851 lebendige Gegenwart! Warten wir ab!
1473 2840 2497 2903 Mehr aktuell, aber weniger glücklich führte sich die
1438 2893 2489 2957 „Dramatische Gesellschaft“ ein, die etwa gleichzeitig
1437 2941 2498 3005 mit dem „Neuen Verein“ ins Leben trat, um ebenso
1437 2987 2483 3051 wie dieser dem notleidenden deutschen Drama auf
1432 3029 2495 3112 die Strümpfe zu helfen und dem schon vor den
2578 1633 3311 1713 Toren wartenden Messias des neuengr
2580 1701 3314 1760 Stils das Haus zu bereiten. (Ist de
2592 1743 3284 1808 Schlaftänzerin Madeleine G., wie
2581 1791 3319 1856 Zeitungen zu lesen steht, eigens behn
2574 1842 3317 1907 des deutschen Dramas bei uns ersch
2575 1896 3281 1951 uns die langersehnte Erhebung aus
2578 1931 3274 2001 des Naturalismus zu den Höhen
2576 1981 3323 2053 bringen. Dem deutschen Drama wic
2570 2024 3298 2094 so manchen anderen Glückskindern,
2569 2080 3301 2152 Schlaf geschenkt.) Die „Dramatische
2570 2127 3317 2196 öffnete mit dem Drama „Die Kron
2579 2174 3315 2245 von Bodmann. Das Werk, an die
2579 2229 3309 2287 unter dem Titel „Die Kriwe“ besproch
2570 2272 3305 2330 keiner weiteren Worte mehr. Das E
2573 2317 3293 2383 fehl, der Messias sagte ab, und das
2563 2374 3291 2446 kann zur Freude aller Vereinsgründer
2563 2418 3298 2488 werden. Dagegen gab das Werk
2562 2471 3314 2541 dankbar an den feinen und nachde
2554 2514 3013 2587 Bodmann zu erinnern.
2609 2563 3308 2622 Während all dieser Taten hat u
2558 2608 3316 2679 Nationaltheater einem soliden und aus
2561 2660 3304 2722 schlaf obgelegen. Zuerst schien es, al
2556 2713 3304 2775 Ernennung des neuen Regisseurs L
2561 2760 3272 2824 frischer Zug in das altehrwürdige
2560 2806 3300 2877 Lützenkirchen debütierte sehr glücklich
2560 2862 3308 2923 einstudierung des größten dramatische
2558 2901 3266 2968 das unser Zeitalter hervorgebracht
2553 2957 3309 3021 natürlich „Die Wildente“. Danach ab
2562 2998 3303 3065 und stiller, und schließlich setzte ein san
2550 3046 3310 3120 ein, das sogar bis in unsere Zeit
