<?xml version="1.0" encoding="UTF-8" standalone="yes"?>
<PcGts xmlns="http://schema.primaresearch.org/PAGE/gts/pagecontent/2013-07-15" xmlns:xsi="http://www.w3.org/2001/XMLSchema-instance" xsi:schemaLocation="http://schema.primaresearch.org/PAGE/gts/pagecontent/2013-07-15 http://schema.primaresearch.org/PAGE/gts/pagecontent/2013-07-15/pagecontent.xsd">
    <Metadata>
        <Creator>prov=University of Rostock/Institute of Mathematics/CITlab/Gundram Leifert/gundram.leifert@uni-rostock.de:name=ONB_Newseye_GT_M1+(htr_id=10810)::::v=2.4.3
prov=University of Rostock/Institute of Mathematics/CITlab/Tobias Gruening/tobias.gruening@uni-rostock.de:name=de.uros.citlab.module.baseline2polygon.B2PSeamMultiOriented:v=2.4.3
prov=University of Rostock/Institute of Mathematics/CITlab/Tobias Gruening/tobias.gruening@uni-rostock.de:name=/net_tf/LA73_249_0mod360.pb:de.uros.citlab.segmentation.CITlab_LA_ML:v=2.4.3
Transkribus</Creator>
        <Created>2019-10-07T11:37:10.842+02:00</Created>
        <LastChange>2019-12-04T12:47:21.073+01:00</LastChange>
        <TranskribusMetadata docId="223982" pageId="9501836" pageNr="94" tsid="20369835" status="IN_PROGRESS" userId="40391" imgUrl="https://files.transkribus.eu/Get?id=EEOEHTRANIKASYYTNDOSZSFX&amp;fileType=view" xmlUrl="https://files.transkribus.eu/Get?id=EZJAAPCTACVEMVLFAJRDKBRR" imageId="6192058"/>
    </Metadata>
    <Page imageFilename="223982_0094.jpeg" imageWidth="3436" imageHeight="4384">
        <ReadingOrder>
            <OrderedGroup id="ro_1711448249977" caption="Regions reading order">
                <RegionRefIndexed index="0" regionRef="r1"/>
                <RegionRefIndexed index="1" regionRef="r2"/>
            </OrderedGroup>
        </ReadingOrder>
        <TextRegion orientation="0.0" id="r1" custom="readingOrder {index:0;}">
            <Coords points="322,131 322,302 812,302 812,131"/>
            <TextLine id="r1l1" custom="readingOrder {index:0;}">
                <Coords points="311,243 342,255 415,236 593,273 675,259 822,269 825,190 671,193 633,178 613,193 587,172 540,173 468,206 377,173 313,172"/>
                <Baseline points="322,231 347,234 373,237 399,239 425,242 450,243 476,245 502,247 528,248 554,249 579,250 605,250 631,251 657,252 683,252 708,252 734,252 760,252 786,252 812,252"/>
                <TextEquiv>
                    <Unicode>11. Reigen</Unicode>
                </TextEquiv>
            </TextLine>
            <TextEquiv>
                <Unicode>11. Reigen</Unicode>
            </TextEquiv>
        </TextRegion>
        <TextRegion orientation="0.0" id="r2" custom="readingOrder {index:1;}">
            <Coords points="990,211 990,3639 2709,3639 2709,211"/>
            <TextLine id="r2l1" custom="readingOrder {index:0;}">
                <Coords points="1005,263 1042,258 1061,239 1148,258 1208,236 1248,258 1293,248 1419,262 1421,187 1274,173 1259,188 1210,178 1171,195 1062,199 1007,178"/>
                <Baseline points="1016,236 1042,238 1068,240 1094,241 1120,241 1147,242 1173,243 1199,243 1225,243 1251,244 1278,244 1304,244 1330,245 1356,246 1382,246 1409,248"/>
                <TextEquiv>
                    <Unicode>box 17/2</Unicode>
                </TextEquiv>
            </TextLine>
            <TextLine id="r2l2" custom="readingOrder {index:1;}">
                <Coords points="1751,962 1787,973 1811,959 1838,984 1853,980 1914,988 1918,922 1877,920 1873,915 1867,919 1854,910 1806,940 1753,928"/>
                <Baseline points="1762,954 1790,957 1819,959 1848,961 1877,962 1906,961"/>
                <TextEquiv>
                    <Unicode>— 408</Unicode>
                </TextEquiv>
            </TextLine>
            <TextLine id="r2l3" custom="readingOrder {index:2;}">
                <Coords points="998,1077 2701,1106 2702,1027 998,1028"/>
                <Baseline points="1008,1075 1092,1076 1176,1077 1260,1077 1344,1078 1428,1079 1512,1079 1596,1080 1680,1080 1764,1081 1849,1081 1933,1082 2017,1083 2101,1083 2185,1084 2269,1085 2353,1086 2437,1087 2521,1088 2605,1089 2690,1090"/>
                <TextEquiv>
                    <Unicode>Akademisch=Dramatische Verein eine „Uraufführung“ dieser „Dialoge“</Unicode>
                </TextEquiv>
            </TextLine>
            <TextLine id="r2l4" custom="readingOrder {index:3;}">
                <Coords points="1010,1131 2714,1144 2714,1101 2582,1090 1010,1086"/>
                <Baseline points="1020,1125 1104,1125 1188,1126 1272,1127 1356,1127 1440,1128 1524,1128 1609,1129 1693,1129 1777,1130 1861,1130 1945,1131 2029,1131 2113,1132 2198,1132 2282,1133 2366,1133 2450,1134 2534,1135 2618,1136 2703,1137"/>
                <TextEquiv>
                    <Unicode>veranstaltete. Ich will voraus schicken, daß diese studentisch=litterarische Korporation</Unicode>
                </TextEquiv>
            </TextLine>
            <TextLine id="r2l5" custom="readingOrder {index:4;}">
                <Coords points="1008,1180 2665,1201 2715,1150 1009,1131"/>
                <Baseline points="1019,1174 1103,1174 1187,1175 1271,1175 1356,1176 1440,1177 1524,1177 1608,1178 1693,1178 1777,1179 1861,1179 1945,1180 2030,1180 2114,1181 2198,1182 2282,1182 2367,1183 2451,1184 2535,1185 2619,1186 2704,1187"/>
                <TextEquiv>
                    <Unicode>in den 12 Jahren ihres Bestehens wirkliche Taten vollbracht hat, ich nenne nur</Unicode>
                </TextEquiv>
            </TextLine>
            <TextLine id="r2l6" custom="readingOrder {index:5;}">
                <Coords points="1003,1231 2709,1248 2709,1199 2639,1188 1003,1179"/>
                <Baseline points="1013,1223 1097,1223 1181,1224 1265,1225 1350,1225 1434,1226 1518,1226 1602,1227 1687,1227 1771,1227 1855,1228 1939,1228 2024,1229 2108,1229 2192,1230 2276,1230 2361,1231 2445,1232 2529,1233 2613,1234 2698,1235"/>
                <TextEquiv>
                    <Unicode>die erste deutsche Aufführung von „Ueber unsere Kraft“ (I.) und von Wildes Salome,</Unicode>
                </TextEquiv>
            </TextLine>
            <TextLine id="r2l7" custom="readingOrder {index:6;}">
                <Coords points="992,1277 2717,1299 2717,1248 2647,1239 992,1231"/>
                <Baseline points="1003,1272 1088,1272 1173,1273 1258,1274 1343,1274 1428,1275 1513,1275 1599,1275 1684,1276 1769,1276 1854,1277 1939,1277 2024,1278 2109,1278 2195,1279 2280,1279 2365,1280 2450,1281 2535,1282 2620,1283 2706,1285"/>
                <TextEquiv>
                    <Unicode>die Urpremieren von Ruederers Fahnenweihe und Gumppenbergs Verdammten,</Unicode>
                </TextEquiv>
            </TextLine>
            <TextLine id="r2l8" custom="readingOrder {index:7;}">
                <Coords points="992,1331 2713,1333 2611,1285 992,1279"/>
                <Baseline points="1003,1320 1092,1321 1181,1321 1271,1322 1360,1323 1450,1323 1539,1324 1628,1324 1718,1325 1807,1325 1897,1326 1986,1327 2076,1327 2165,1328 2254,1328 2344,1329 2433,1329 2523,1330 2612,1330 2702,1331"/>
                <TextEquiv>
                    <Unicode>dann Werke von Ibsen, Hauptmann, Halbe, Rosmer, Maeterlinck, d'Annunzio, Hart¬</Unicode>
                </TextEquiv>
            </TextLine>
            <TextLine id="r2l9" custom="readingOrder {index:8;}">
                <Coords points="1005,1379 2709,1391 2695,1335 1006,1330"/>
                <Baseline points="1017,1370 1101,1371 1185,1371 1269,1371 1353,1372 1437,1372 1521,1373 1605,1373 1689,1373 1773,1374 1858,1374 1942,1374 2026,1375 2110,1375 2194,1376 2278,1377 2362,1377 2446,1378 2530,1379 2614,1379 2699,1380"/>
                <TextEquiv>
                    <Unicode>leben, Wedekind u. a; in dramatischer Hinsicht verfehlte Arbeiten wie Arthur</Unicode>
                </TextEquiv>
            </TextLine>
            <TextLine id="r2l10" custom="readingOrder {index:9;}">
                <Coords points="996,1432 2709,1434 2681,1384 996,1381"/>
                <Baseline points="1006,1419 1090,1419 1175,1420 1259,1420 1344,1420 1428,1421 1513,1421 1597,1421 1682,1422 1766,1422 1851,1423 1936,1423 2020,1424 2105,1425 2189,1425 2274,1426 2358,1426 2443,1427 2527,1427 2612,1428 2697,1428"/>
                <TextEquiv>
                    <Unicode>Holitschers „anderes Ufer“ hatten immerhin litterarische Physiognomie, 1892 und</Unicode>
                </TextEquiv>
            </TextLine>
            <TextLine id="r2l11" custom="readingOrder {index:10;}">
                <Coords points="1013,1480 2702,1479 2634,1432 1013,1433"/>
                <Baseline points="1023,1466 1106,1467 1189,1468 1273,1468 1356,1469 1440,1470 1523,1470 1606,1471 1690,1471 1773,1472 1857,1472 1940,1473 2023,1473 2107,1474 2190,1474 2274,1475 2357,1475 2440,1475 2524,1476 2607,1476 2691,1476"/>
                <TextEquiv>
                    <Unicode>1893 waren auch Ludwig Fuldas Sklavin und Sudermanns „Sodoms Ende“</Unicode>
                </TextEquiv>
            </TextLine>
            <TextLine id="r2l12" custom="readingOrder {index:11;}">
                <Coords points="997,1524 2707,1543 2708,1488 998,1475"/>
                <Baseline points="1008,1515 1092,1516 1176,1516 1261,1517 1345,1518 1430,1518 1514,1519 1599,1519 1683,1520 1768,1521 1852,1521 1936,1522 2021,1522 2105,1522 2190,1523 2274,1523 2359,1524 2443,1524 2528,1525 2612,1525 2697,1525"/>
                <TextEquiv>
                    <Unicode>unter anderem Gesichtswinkel zu betrachten, wie heute. Mithin konnte man eine</Unicode>
                </TextEquiv>
            </TextLine>
            <TextLine id="r2l13" custom="readingOrder {index:12;}">
                <Coords points="995,1575 2652,1591 2719,1541 996,1526"/>
                <Baseline points="1005,1565 1090,1566 1175,1566 1260,1567 1345,1567 1430,1568 1515,1568 1600,1569 1685,1569 1770,1570 1856,1570 1941,1570 2026,1571 2111,1571 2196,1572 2281,1572 2366,1573 2451,1574 2536,1574 2621,1575 2707,1576"/>
                <TextEquiv>
                    <Unicode>Entgleisung, wie die Aufführung des „Reigen“ nicht erwarten. Ich lasse seinen</Unicode>
                </TextEquiv>
            </TextLine>
            <TextLine id="r2l14" custom="readingOrder {index:13;}">
                <Coords points="993,1632 2721,1631 2721,1580 994,1576"/>
                <Baseline points="1004,1613 1089,1614 1174,1614 1259,1615 1345,1615 1430,1616 1515,1616 1600,1617 1686,1617 1771,1617 1856,1618 1941,1618 2027,1619 2112,1619 2197,1620 2282,1621 2368,1622 2453,1623 2538,1624 2623,1625 2709,1626"/>
                <TextEquiv>
                    <Unicode>litterarischen Wert und Unwert vorderhand beiseite; aber es ist doch zweifellos, daß</Unicode>
                </TextEquiv>
            </TextLine>
            <TextLine id="r2l15" custom="readingOrder {index:14;}">
                <Coords points="999,1669 2707,1682 2707,1635 2630,1626 999,1627"/>
                <Baseline points="1009,1664 1093,1664 1177,1664 1262,1664 1346,1664 1431,1665 1515,1665 1599,1665 1684,1666 1768,1666 1853,1667 1937,1667 2021,1668 2106,1669 2190,1669 2275,1670 2359,1671 2443,1671 2528,1672 2612,1673 2697,1674"/>
                <TextEquiv>
                    <Unicode>Schnitzler an eine Aufführung so wenig dachte, wie etwa diejenigen Pariser Novellisten</Unicode>
                </TextEquiv>
            </TextLine>
            <TextLine id="r2l16" custom="readingOrder {index:15;}">
                <Coords points="1004,1726 2543,1747 2703,1729 2704,1682 1004,1669"/>
                <Baseline points="1015,1714 1098,1714 1182,1714 1266,1714 1350,1714 1434,1714 1518,1714 1602,1715 1686,1715 1770,1716 1854,1716 1937,1717 2021,1717 2105,1718 2189,1718 2273,1719 2357,1720 2441,1720 2525,1721 2609,1722 2693,1722"/>
                <TextEquiv>
                    <Unicode>(Marni z. B.), die ihre Skizzen in Dialogform geben. Der Verein wählte Nr. 4, 5</Unicode>
                </TextEquiv>
            </TextLine>
            <TextLine id="r2l17" custom="readingOrder {index:16;}">
                <Coords points="1004,1774 2708,1778 2708,1731 2619,1720 1004,1727"/>
                <Baseline points="1014,1761 1098,1761 1182,1760 1266,1760 1350,1761 1434,1761 1518,1761 1603,1762 1687,1762 1771,1762 1855,1763 1939,1764 2023,1764 2107,1765 2192,1766 2276,1766 2360,1767 2444,1768 2528,1769 2612,1770 2697,1770"/>
                <TextEquiv>
                    <Unicode>und 6 aus, vielleicht als die relativ anständigsten, oder sagen wir, weil die anderen</Unicode>
                </TextEquiv>
            </TextLine>
            <TextLine id="r2l18" custom="readingOrder {index:17;}">
                <Coords points="992,1814 2711,1823 2711,1778 993,1767"/>
                <Baseline points="1004,1809 1088,1809 1173,1809 1258,1809 1343,1809 1428,1809 1512,1810 1597,1810 1682,1810 1767,1811 1852,1811 1936,1812 2021,1812 2106,1813 2191,1813 2276,1814 2360,1815 2445,1816 2530,1816 2615,1817 2700,1818"/>
                <TextEquiv>
                    <Unicode>noch gemeiner sind; damit wurde aber der Gedanke, der diesen menschlich=allzu¬</Unicode>
                </TextEquiv>
            </TextLine>
            <TextLine id="r2l19" custom="readingOrder {index:18;}">
                <Coords points="999,1868 2718,1877 2695,1823 999,1815"/>
                <Baseline points="1009,1856 1098,1857 1187,1857 1277,1858 1366,1858 1456,1859 1545,1859 1634,1860 1724,1860 1813,1861 1903,1862 1992,1862 2082,1863 2171,1863 2260,1864 2350,1865 2439,1865 2529,1866 2618,1866 2708,1867"/>
                <TextEquiv>
                    <Unicode>menschlichen Liebesreigen zusammen hält, zerrissen. Natürlich mußte, trotzdem der</Unicode>
                </TextEquiv>
            </TextLine>
            <TextLine id="r2l20" custom="readingOrder {index:19;}">
                <Coords points="993,1918 2607,1928 2711,1920 2712,1873 993,1875"/>
                <Baseline points="1004,1909 1088,1908 1173,1907 1258,1907 1343,1907 1428,1907 1512,1907 1597,1907 1682,1908 1767,1908 1852,1909 1936,1910 2021,1910 2106,1911 2191,1912 2276,1913 2360,1913 2445,1914 2530,1914 2615,1914 2700,1914"/>
                <TextEquiv>
                    <Unicode>Zensor in die Vorstellung vor Geladenen nichts hineinzureden hat, manches etwas</Unicode>
                </TextEquiv>
            </TextLine>
            <TextLine id="r2l21" custom="readingOrder {index:20;}">
                <Coords points="997,1967 2711,1974 2711,1920 2577,1911 997,1916"/>
                <Baseline points="1007,1956 1091,1956 1176,1956 1260,1956 1345,1956 1430,1956 1514,1957 1599,1957 1684,1958 1768,1958 1853,1959 1938,1959 2022,1960 2107,1960 2192,1961 2276,1961 2361,1962 2446,1962 2530,1963 2615,1963 2700,1963"/>
                <TextEquiv>
                    <Unicode>sittlicher gemacht werden. Regiebemerkungen wie „sie legen sich ins Bett“ lassen sich</Unicode>
                </TextEquiv>
            </TextLine>
            <TextLine id="r2l22" custom="readingOrder {index:21;}">
                <Coords points="990,2012 2562,2032 2715,2022 2716,1977 991,1965"/>
                <Baseline points="1002,2005 1087,2005 1172,2005 1257,2005 1342,2005 1427,2005 1512,2006 1598,2006 1683,2007 1768,2007 1853,2008 1938,2008 2023,2009 2108,2009 2194,2010 2279,2010 2364,2011 2449,2011 2534,2011 2619,2012 2705,2012"/>
                <TextEquiv>
                    <Unicode>doch nicht ganz ausführen und so wurde manche Pointe verdunkelt, dies machte Nr. 4</Unicode>
                </TextEquiv>
            </TextLine>
            <TextLine id="r2l23" custom="readingOrder {index:22;}">
                <Coords points="997,2066 2715,2075 2716,2015 997,2015"/>
                <Baseline points="1007,2055 1091,2055 1176,2055 1261,2055 1346,2055 1431,2055 1516,2056 1601,2056 1686,2057 1771,2057 1856,2058 1940,2058 2025,2058 2110,2059 2195,2059 2280,2059 2365,2060 2450,2060 2535,2060 2620,2060 2705,2059"/>
                <TextEquiv>
                    <Unicode>(Junger Herr — Junge Frau) beinahe unverständlich. In Nr. 5 setzt sich der Ehe¬</Unicode>
                </TextEquiv>
            </TextLine>
            <TextLine id="r2l24" custom="readingOrder {index:23;}">
                <Coords points="991,2114 2606,2127 2714,2117 2715,2074 992,2069"/>
                <Baseline points="1002,2102 1087,2102 1172,2102 1257,2103 1342,2103 1427,2104 1512,2104 1597,2104 1682,2105 1767,2105 1853,2106 1938,2106 2023,2107 2108,2107 2193,2108 2278,2108 2363,2109 2448,2109 2533,2109 2618,2110 2704,2110"/>
                <TextEquiv>
                    <Unicode>mann eben auf den Rand des Bettes, in dem die junge Frau ruht und dirnenhaft</Unicode>
                </TextEquiv>
            </TextLine>
            <TextLine id="r2l25" custom="readingOrder {index:24;}">
                <Coords points="991,2169 2708,2176 2708,2118 2648,2114 991,2113"/>
                <Baseline points="1002,2153 1086,2153 1171,2153 1256,2153 1340,2153 1425,2153 1510,2153 1594,2153 1679,2154 1764,2154 1849,2154 1933,2155 2018,2155 2103,2156 2187,2156 2272,2157 2357,2157 2441,2158 2526,2159 2611,2159 2696,2160"/>
                <TextEquiv>
                    <Unicode>plaudert. Nr. 6 spielt im Chamhre separée, gerade so zynisch wie die andern läßt</Unicode>
                </TextEquiv>
            </TextLine>
            <TextLine id="r2l26" custom="readingOrder {index:25;}">
                <Coords points="991,2208 2699,2215 2699,2170 2620,2163 991,2168"/>
                <Baseline points="1002,2201 1086,2201 1170,2201 1255,2201 1339,2202 1423,2202 1508,2202 1592,2203 1676,2203 1761,2203 1845,2204 1929,2204 2014,2205 2098,2205 2182,2206 2267,2206 2351,2207 2435,2208 2520,2208 2604,2209 2689,2210"/>
                <TextEquiv>
                    <Unicode>es sich doch leichter darstellen. Ueber das Spiel verliere ich wenig Worte. Die</Unicode>
                </TextEquiv>
            </TextLine>
            <TextLine id="r2l27" custom="readingOrder {index:26;}">
                <Coords points="992,2255 2670,2278 2711,2218 992,2209"/>
                <Baseline points="1002,2249 1086,2250 1171,2250 1256,2250 1341,2251 1426,2251 1511,2252 1595,2252 1680,2253 1765,2253 1850,2254 1935,2254 2020,2255 2105,2255 2189,2256 2274,2256 2359,2257 2444,2257 2529,2258 2614,2258 2699,2258"/>
                <TextEquiv>
                    <Unicode>Künstler, die nicht schlecht spielten, haben es vorgezogen, inkognito aufzutreten. Ich</Unicode>
                </TextEquiv>
            </TextLine>
            <TextLine id="r2l28" custom="readingOrder {index:27;}">
                <Coords points="990,2315 2703,2321 2703,2268 991,2255"/>
                <Baseline points="1002,2298 1086,2299 1171,2300 1255,2300 1340,2301 1424,2301 1509,2302 1593,2302 1678,2302 1762,2303 1847,2303 1931,2303 2016,2303 2100,2304 2185,2304 2269,2304 2354,2305 2438,2306 2523,2307 2607,2308 2692,2309"/>
                <TextEquiv>
                    <Unicode>halte dies für ein Zeichen, daß sie ihren guten Geschmack nicht ganz</Unicode>
                </TextEquiv>
            </TextLine>
            <TextLine id="r2l29" custom="readingOrder {index:28;}">
                <Coords points="993,2359 2704,2367 2646,2311 994,2310"/>
                <Baseline points="1004,2348 1088,2348 1173,2348 1257,2349 1342,2349 1426,2350 1511,2350 1595,2351 1680,2351 1764,2351 1849,2352 1933,2352 2018,2353 2102,2353 2187,2354 2271,2354 2356,2354 2440,2354 2525,2355 2609,2355 2694,2355"/>
                <TextEquiv>
                    <Unicode>verloren hatten und sich quasi außer der Veranzwortlichkeit ihres ästhetischen</Unicode>
                </TextEquiv>
            </TextLine>
            <TextLine id="r2l30" custom="readingOrder {index:29;}">
                <Coords points="1001,2413 2709,2408 2650,2359 1001,2357"/>
                <Baseline points="1011,2396 1095,2396 1179,2397 1264,2398 1348,2398 1432,2399 1517,2399 1601,2400 1685,2400 1770,2400 1854,2401 1938,2401 2023,2401 2107,2402 2191,2402 2276,2402 2360,2403 2444,2403 2529,2404 2613,2405 2698,2405"/>
                <TextEquiv>
                    <Unicode>Gewissens stellten. Ueber die Herrschaften, die ihren Namen nicht verschwiegen, wäre</Unicode>
                </TextEquiv>
            </TextLine>
            <TextLine id="r2l31" custom="readingOrder {index:30;}">
                <Coords points="995,2454 2709,2461 2626,2409 995,2416"/>
                <Baseline points="1006,2447 1090,2447 1175,2448 1259,2448 1344,2448 1429,2449 1513,2449 1598,2449 1683,2450 1767,2450 1852,2450 1937,2451 2021,2451 2106,2451 2191,2452 2275,2452 2360,2452 2445,2453 2529,2453 2614,2453 2699,2454"/>
                <TextEquiv>
                    <Unicode>auch nicht viel gutes zu melden. Ich konstatiere, daß die Dialoge starken Applaus</Unicode>
                </TextEquiv>
            </TextLine>
            <TextLine id="r2l32" custom="readingOrder {index:31;}">
                <Coords points="997,2513 2712,2512 2667,2460 997,2453"/>
                <Baseline points="1007,2497 1091,2497 1176,2497 1260,2497 1345,2497 1430,2497 1514,2498 1599,2498 1684,2498 1768,2498 1853,2499 1938,2499 2022,2499 2107,2499 2192,2500 2276,2500 2361,2500 2446,2501 2530,2501 2615,2501 2700,2502"/>
                <TextEquiv>
                    <Unicode>fanden; teils aus Freude am Kräftigen, teils aus artistisch=litterarischem Gourmand¬</Unicode>
                </TextEquiv>
            </TextLine>
            <TextLine id="r2l33" custom="readingOrder {index:32;}">
                <Coords points="990,2552 2702,2562 2685,2508 990,2508"/>
                <Baseline points="1000,2545 1084,2545 1169,2546 1253,2546 1338,2546 1422,2546 1507,2547 1591,2547 1676,2548 1760,2548 1845,2548 1930,2549 2014,2549 2099,2550 2183,2550 2268,2550 2352,2551 2437,2551 2521,2551 2606,2551 2691,2551"/>
                <TextEquiv>
                    <Unicode>empfinden und ferner — ich wette - aus der Furcht, von den jungen Herren als</Unicode>
                </TextEquiv>
            </TextLine>
            <TextLine id="r2l34" custom="readingOrder {index:33;}">
                <Coords points="996,2606 2700,2612 2700,2561 2628,2555 996,2552"/>
                <Baseline points="1007,2596 1091,2596 1175,2595 1259,2595 1343,2595 1427,2595 1511,2595 1595,2596 1679,2596 1763,2597 1848,2597 1932,2598 2016,2598 2100,2599 2184,2599 2268,2600 2352,2600 2436,2600 2520,2601 2604,2600 2689,2600"/>
                <TextEquiv>
                    <Unicode>seuile Philister oder gar für Esel gehalten zu werden. Ich laufe Gefahr, für das</Unicode>
                </TextEquiv>
            </TextLine>
            <TextLine id="r2l35" custom="readingOrder {index:34;}">
                <Coords points="988,2649 2687,2668 2703,2614 988,2608"/>
                <Baseline points="999,2645 1083,2644 1168,2644 1252,2644 1337,2644 1422,2644 1506,2645 1591,2645 1676,2645 1760,2646 1845,2646 1930,2647 2014,2647 2099,2648 2184,2648 2268,2649 2353,2649 2438,2650 2522,2650 2607,2651 2692,2651"/>
                <TextEquiv>
                    <Unicode>letztere zu gelten, da ich zum greisenhaften doch nur einen ganz geringen Vorsprung</Unicode>
                </TextEquiv>
            </TextLine>
            <TextLine id="r2l36" custom="readingOrder {index:35;}">
                <Coords points="994,2708 2570,2725 2708,2706 2709,2659 994,2655"/>
                <Baseline points="1005,2693 1089,2693 1174,2693 1258,2693 1343,2693 1428,2693 1512,2694 1597,2694 1682,2694 1766,2695 1851,2695 1936,2696 2020,2696 2105,2697 2190,2697 2274,2697 2359,2698 2444,2698 2528,2698 2613,2698 2698,2698"/>
                <TextEquiv>
                    <Unicode>vor der Jugend von heute habe. Es gehört heute Mut dazu, eine künstlerisch</Unicode>
                </TextEquiv>
            </TextLine>
            <TextLine id="r2l37" custom="readingOrder {index:36;}">
                <Coords points="997,2753 2707,2769 2707,2714 2601,2705 997,2710"/>
                <Baseline points="1008,2741 1092,2741 1176,2741 1261,2741 1345,2742 1430,2742 1514,2742 1599,2743 1683,2743 1768,2743 1852,2744 1936,2744 2021,2744 2105,2745 2190,2745 2274,2746 2359,2746 2443,2747 2528,2747 2612,2747 2697,2748"/>
                <TextEquiv>
                    <Unicode>gefaßte Schweinerei eine Schweinerei zu nennen, gewiß ist es noch ekelhafter, wenn</Unicode>
                </TextEquiv>
            </TextLine>
            <TextLine id="r2l38" custom="readingOrder {index:37;}">
                <Coords points="993,2800 2707,2811 2596,2753 993,2753"/>
                <Baseline points="1004,2791 1088,2790 1173,2790 1257,2790 1342,2790 1427,2790 1511,2790 1596,2790 1681,2790 1765,2791 1850,2791 1935,2792 2019,2792 2104,2793 2189,2793 2273,2794 2358,2795 2443,2795 2527,2796 2612,2796 2697,2796"/>
                <TextEquiv>
                    <Unicode>irgend ein schmieriger Commis-voyageur an der Wirtstafel mit seinen Schlafzimmer¬</Unicode>
                </TextEquiv>
            </TextLine>
            <TextLine id="r2l39" custom="readingOrder {index:38;}">
                <Coords points="989,2847 2695,2855 2695,2802 989,2797"/>
                <Baseline points="1000,2838 1084,2838 1168,2839 1252,2839 1337,2839 1421,2840 1505,2840 1589,2840 1674,2840 1758,2840 1842,2841 1926,2841 2011,2841 2095,2842 2179,2842 2263,2842 2348,2843 2432,2843 2516,2844 2600,2845 2685,2846"/>
                <TextEquiv>
                    <Unicode>erlebnissen renommiert, als wenn Herr Arthur Schnitzler mit seinem reichen literarischen</Unicode>
                </TextEquiv>
            </TextLine>
            <TextLine id="r2l40" custom="readingOrder {index:39;}">
                <Coords points="990,2899 2709,2904 2709,2863 2574,2850 990,2845"/>
                <Baseline points="1000,2887 1089,2887 1178,2887 1268,2887 1357,2888 1447,2888 1536,2888 1625,2888 1715,2889 1804,2889 1894,2889 1983,2889 2073,2890 2162,2890 2251,2890 2341,2890 2430,2891 2520,2891 2609,2891 2699,2892"/>
                <TextEquiv>
                    <Unicode>Handwerkszeug, seinem psychologischen Scharfblick und nicht ableugenbarem Plander¬</Unicode>
                </TextEquiv>
            </TextLine>
            <TextLine id="r2l41" custom="readingOrder {index:40;}">
                <Coords points="999,2945 2699,2943 2618,2896 999,2896"/>
                <Baseline points="1010,2935 1098,2936 1186,2936 1275,2936 1363,2937 1451,2937 1540,2937 1628,2938 1716,2938 1805,2938 1893,2938 1982,2938 2070,2939 2158,2939 2247,2939 2335,2939 2423,2939 2512,2939 2600,2940 2689,2940"/>
                <TextEquiv>
                    <Unicode>talent an das saubere Thema heran tritt; aber verpflichtet ihn nicht sein höheres Kultur¬</Unicode>
                </TextEquiv>
            </TextLine>
            <TextLine id="r2l42" custom="readingOrder {index:41;}">
                <Coords points="996,2992 2685,3005 2686,2946 997,2950"/>
                <Baseline points="1007,2984 1090,2984 1173,2985 1257,2986 1340,2986 1423,2987 1507,2987 1590,2987 1673,2987 1757,2987 1840,2988 1923,2988 2007,2988 2090,2988 2173,2988 2257,2988 2340,2988 2423,2988 2507,2989 2590,2989 2674,2990"/>
                <TextEquiv>
                    <Unicode>niveau zu höherem, als zu diesem „gewagtesten Buch, das dennoch eines der keuschesten (?)</Unicode>
                </TextEquiv>
            </TextLine>
            <TextLine id="r2l43" custom="readingOrder {index:42;}">
                <Coords points="1000,3047 2695,3042 2627,2989 1000,2992"/>
                <Baseline points="1010,3033 1093,3034 1177,3034 1261,3035 1345,3035 1428,3035 1512,3036 1596,3036 1680,3036 1763,3036 1847,3036 1931,3036 2015,3037 2098,3037 2182,3037 2266,3037 2350,3037 2433,3037 2517,3037 2601,3037 2685,3038"/>
                <TextEquiv>
                    <Unicode>Dichtungen ist“, wie „Bühne und Welt“ so amüsant schreibt? Nein, nur das litte¬</Unicode>
                </TextEquiv>
            </TextLine>
            <TextLine id="r2l44" custom="readingOrder {index:43;}">
                <Coords points="988,3089 2696,3094 2679,3039 988,3048"/>
                <Baseline points="999,3083 1083,3083 1167,3083 1252,3083 1336,3083 1420,3083 1505,3084 1589,3084 1673,3084 1758,3085 1842,3085 1926,3086 2011,3086 2095,3086 2179,3087 2264,3087 2348,3087 2432,3087 2517,3087 2601,3087 2686,3087"/>
                <TextEquiv>
                    <Unicode>rarische Können gibt dem Buche den Vorzug vor „interessanter Herrenlektüre" und</Unicode>
                </TextEquiv>
            </TextLine>
            <TextLine id="r2l45" custom="readingOrder {index:44;}">
                <Coords points="993,3140 2708,3145 2708,3092 2588,3085 993,3091"/>
                <Baseline points="1004,3131 1088,3131 1173,3132 1257,3132 1342,3133 1427,3133 1511,3133 1596,3134 1680,3134 1765,3134 1850,3134 1934,3135 2019,3135 2103,3135 2188,3135 2273,3135 2357,3135 2442,3136 2526,3136 2611,3136 2696,3136"/>
                <TextEquiv>
                    <Unicode>Können ist eine Gabe, kein Verdienst. „Geschrieben 1896“ steht auf dem Titelblatt</Unicode>
                </TextEquiv>
            </TextLine>
            <TextLine id="r2l46" custom="readingOrder {index:45;}">
                <Coords points="987,3194 2697,3191 2697,3142 987,3134"/>
                <Baseline points="998,3181 1082,3181 1166,3181 1251,3181 1335,3181 1420,3181 1504,3182 1588,3182 1673,3183 1757,3183 1842,3184 1926,3184 2010,3185 2095,3185 2179,3185 2264,3186 2348,3186 2432,3186 2517,3185 2601,3185 2686,3184"/>
                <TextEquiv>
                    <Unicode>des Buches, dies und die Ablehnung der Einladung zur „Uraufführung“ können als</Unicode>
                </TextEquiv>
            </TextLine>
            <TextLine id="r2l47" custom="readingOrder {index:46;}">
                <Coords points="997,3239 2711,3237 2620,3186 997,3188"/>
                <Baseline points="1007,3230 1091,3231 1176,3231 1260,3231 1345,3232 1430,3232 1514,3232 1599,3232 1684,3232 1768,3232 1853,3232 1938,3232 2022,3232 2107,3233 2192,3233 2276,3233 2361,3233 2446,3233 2530,3233 2615,3234 2700,3234"/>
                <TextEquiv>
                    <Unicode>Anzeichen gelten, daß Schnitzler dieses illegitimen Kindes seiner Muse sich doch</Unicode>
                </TextEquiv>
            </TextLine>
            <TextLine id="r2l48" custom="readingOrder {index:47;}">
                <Coords points="999,3286 2694,3291 2598,3233 999,3239"/>
                <Baseline points="1010,3279 1093,3280 1177,3280 1260,3280 1344,3280 1428,3280 1511,3280 1595,3281 1679,3281 1762,3281 1846,3281 1930,3281 2013,3281 2097,3281 2181,3282 2264,3282 2348,3282 2432,3282 2515,3282 2599,3282 2683,3282"/>
                <TextEquiv>
                    <Unicode>ein wenig schämt. Vielleicht lacht er sogar, daß man dieses Produkt einer Laune</Unicode>
                </TextEquiv>
            </TextLine>
            <TextLine id="r2l49" custom="readingOrder {index:48;}">
                <Coords points="993,3346 2695,3345 2695,3290 2567,3281 993,3284"/>
                <Baseline points="1003,3328 1087,3328 1171,3328 1255,3328 1339,3328 1423,3329 1507,3329 1591,3329 1675,3329 1759,3329 1843,3330 1927,3330 2011,3330 2095,3330 2179,3330 2263,3330 2347,3331 2431,3331 2515,3331 2599,3331 2684,3331"/>
                <TextEquiv>
                    <Unicode>so ernst nimmt und mit litterarischen Erstaufführungskombinationen auf die Bretter</Unicode>
                </TextEquiv>
            </TextLine>
            <TextLine id="r2l50" custom="readingOrder {index:49;}">
                <Coords points="998,3397 2470,3393 2376,3327 998,3341"/>
                <Baseline points="1009,3378 1081,3378 1153,3378 1226,3378 1298,3378 1371,3378 1443,3378 1516,3378 1588,3378 1661,3378 1733,3379 1805,3379 1878,3379 1950,3379 2023,3379 2095,3380 2168,3380 2240,3380 2313,3380 2385,3380 2458,3380"/>
                <TextEquiv>
                    <Unicode>bringt, die doch mehr als die Welt animalischer Triebe bedeuten sollen.</Unicode>
                </TextEquiv>
            </TextLine>
            <TextLine id="r2l51" custom="readingOrder {index:50;}">
                <Coords points="1123,3437 2705,3441 2654,3375 1123,3388"/>
                <Baseline points="1133,3426 1211,3427 1289,3427 1367,3428 1445,3428 1523,3429 1601,3429 1679,3429 1757,3429 1835,3429 1913,3429 1991,3429 2069,3428 2147,3428 2225,3428 2303,3428 2381,3428 2459,3427 2537,3427 2615,3427 2694,3427"/>
                <TextEquiv>
                    <Unicode>Dem Reigen ging die „Tragödie des Triumphes“ voraus, ein En¬</Unicode>
                </TextEquiv>
            </TextLine>
            <TextLine id="r2l52" custom="readingOrder {index:51;}">
                <Coords points="979,3487 2698,3484 2698,3439 2608,3429 979,3408"/>
                <Baseline points="990,3475 1074,3475 1159,3476 1244,3476 1329,3476 1414,3476 1498,3476 1583,3476 1668,3476 1753,3476 1838,3476 1922,3477 2007,3477 2092,3477 2177,3477 2262,3477 2346,3477 2431,3476 2516,3476 2601,3476 2686,3476"/>
                <TextEquiv>
                    <Unicode>fängerarbeit, die unter Lachen begraben wurde. Karl Goldmann heißt ihr Ver¬</Unicode>
                </TextEquiv>
            </TextLine>
            <TextLine id="r2l53" custom="readingOrder {index:52;}">
                <Coords points="993,3537 2665,3544 2697,3485 993,3488"/>
                <Baseline points="1003,3525 1087,3525 1171,3525 1255,3525 1339,3525 1423,3525 1507,3525 1592,3525 1676,3525 1760,3525 1844,3525 1928,3526 2012,3526 2096,3526 2181,3526 2265,3526 2349,3526 2433,3526 2517,3526 2601,3526 2686,3526"/>
                <TextEquiv>
                    <Unicode>fasser; der Einakter schildert den Konflikt des Künstlers mit der brutalen Wirklich¬</Unicode>
                </TextEquiv>
            </TextLine>
            <TextLine id="r2l54" custom="readingOrder {index:53;}">
                <Coords points="989,3583 2700,3589 2700,3544 2578,3529 989,3538"/>
                <Baseline points="1001,3575 1085,3575 1169,3575 1254,3575 1338,3575 1422,3576 1507,3576 1591,3576 1675,3576 1760,3576 1844,3576 1928,3576 2013,3576 2097,3576 2181,3576 2266,3576 2350,3576 2434,3576 2519,3576 2603,3576 2688,3576"/>
                <TextEquiv>
                    <Unicode>keit, wie ihn schließlich jeder bessere Kopf in den Jugendtagen sich vom Herzen</Unicode>
                </TextEquiv>
            </TextLine>
            <TextLine id="r2l55" custom="readingOrder {index:54;}">
                <Coords points="987,3649 2703,3630 2703,3589 2556,3578 987,3586"/>
                <Baseline points="998,3625 1082,3625 1167,3625 1252,3626 1336,3626 1421,3626 1506,3626 1590,3626 1675,3626 1760,3626 1845,3627 1929,3627 2014,3627 2099,3627 2183,3627 2268,3627 2353,3627 2437,3627 2522,3626 2607,3626 2692,3625"/>
                <TextEquiv>
                    <Unicode>schreibt. Eine Handlung zu erfinden und lebenskräftig zu führen, versteht der Dichter</Unicode>
                </TextEquiv>
            </TextLine>
            <TextEquiv>
                <Unicode>box 17/2
— 408
Akademisch=Dramatische Verein eine „Uraufführung“ dieser „Dialoge“
veranstaltete. Ich will voraus schicken, daß diese studentisch=litterarische Korporation
in den 12 Jahren ihres Bestehens wirkliche Taten vollbracht hat, ich nenne nur
die erste deutsche Aufführung von „Ueber unsere Kraft“ (I.) und von Wildes Salome,
die Urpremieren von Ruederers Fahnenweihe und Gumppenbergs Verdammten,
dann Werke von Ibsen, Hauptmann, Halbe, Rosmer, Maeterlinck, d'Annunzio, Hart¬
leben, Wedekind u. a; in dramatischer Hinsicht verfehlte Arbeiten wie Arthur
Holitschers „anderes Ufer“ hatten immerhin litterarische Physiognomie, 1892 und
1893 waren auch Ludwig Fuldas Sklavin und Sudermanns „Sodoms Ende“
unter anderem Gesichtswinkel zu betrachten, wie heute. Mithin konnte man eine
Entgleisung, wie die Aufführung des „Reigen“ nicht erwarten. Ich lasse seinen
litterarischen Wert und Unwert vorderhand beiseite; aber es ist doch zweifellos, daß
Schnitzler an eine Aufführung so wenig dachte, wie etwa diejenigen Pariser Novellisten
(Marni z. B.), die ihre Skizzen in Dialogform geben. Der Verein wählte Nr. 4, 5
und 6 aus, vielleicht als die relativ anständigsten, oder sagen wir, weil die anderen
noch gemeiner sind; damit wurde aber der Gedanke, der diesen menschlich=allzu¬
menschlichen Liebesreigen zusammen hält, zerrissen. Natürlich mußte, trotzdem der
Zensor in die Vorstellung vor Geladenen nichts hineinzureden hat, manches etwas
sittlicher gemacht werden. Regiebemerkungen wie „sie legen sich ins Bett“ lassen sich
doch nicht ganz ausführen und so wurde manche Pointe verdunkelt, dies machte Nr. 4
(Junger Herr — Junge Frau) beinahe unverständlich. In Nr. 5 setzt sich der Ehe¬
mann eben auf den Rand des Bettes, in dem die junge Frau ruht und dirnenhaft
plaudert. Nr. 6 spielt im Chamhre separée, gerade so zynisch wie die andern läßt
es sich doch leichter darstellen. Ueber das Spiel verliere ich wenig Worte. Die
Künstler, die nicht schlecht spielten, haben es vorgezogen, inkognito aufzutreten. Ich
halte dies für ein Zeichen, daß sie ihren guten Geschmack nicht ganz
verloren hatten und sich quasi außer der Veranzwortlichkeit ihres ästhetischen
Gewissens stellten. Ueber die Herrschaften, die ihren Namen nicht verschwiegen, wäre
auch nicht viel gutes zu melden. Ich konstatiere, daß die Dialoge starken Applaus
fanden; teils aus Freude am Kräftigen, teils aus artistisch=litterarischem Gourmand¬
empfinden und ferner — ich wette - aus der Furcht, von den jungen Herren als
seuile Philister oder gar für Esel gehalten zu werden. Ich laufe Gefahr, für das
letztere zu gelten, da ich zum greisenhaften doch nur einen ganz geringen Vorsprung
vor der Jugend von heute habe. Es gehört heute Mut dazu, eine künstlerisch
gefaßte Schweinerei eine Schweinerei zu nennen, gewiß ist es noch ekelhafter, wenn
irgend ein schmieriger Commis-voyageur an der Wirtstafel mit seinen Schlafzimmer¬
erlebnissen renommiert, als wenn Herr Arthur Schnitzler mit seinem reichen literarischen
Handwerkszeug, seinem psychologischen Scharfblick und nicht ableugenbarem Plander¬
talent an das saubere Thema heran tritt; aber verpflichtet ihn nicht sein höheres Kultur¬
niveau zu höherem, als zu diesem „gewagtesten Buch, das dennoch eines der keuschesten (?)
Dichtungen ist“, wie „Bühne und Welt“ so amüsant schreibt? Nein, nur das litte¬
rarische Können gibt dem Buche den Vorzug vor „interessanter Herrenlektüre" und
Können ist eine Gabe, kein Verdienst. „Geschrieben 1896“ steht auf dem Titelblatt
des Buches, dies und die Ablehnung der Einladung zur „Uraufführung“ können als
Anzeichen gelten, daß Schnitzler dieses illegitimen Kindes seiner Muse sich doch
ein wenig schämt. Vielleicht lacht er sogar, daß man dieses Produkt einer Laune
so ernst nimmt und mit litterarischen Erstaufführungskombinationen auf die Bretter
bringt, die doch mehr als die Welt animalischer Triebe bedeuten sollen.
Dem Reigen ging die „Tragödie des Triumphes“ voraus, ein En¬
fängerarbeit, die unter Lachen begraben wurde. Karl Goldmann heißt ihr Ver¬
fasser; der Einakter schildert den Konflikt des Künstlers mit der brutalen Wirklich¬
keit, wie ihn schließlich jeder bessere Kopf in den Jugendtagen sich vom Herzen
schreibt. Eine Handlung zu erfinden und lebenskräftig zu führen, versteht der Dichter</Unicode>
            </TextEquiv>
        </TextRegion>
    </Page>
</PcGts>
