3336 4320
204 100 717 203 11. Reigen
909 101 1303 199 box 18/1
1078 854 1466 927 LIFE, LETTERS
696 955 1464 1007 one of the most dommant contempo¬
691 1007 1468 1058 rary themes, the misunderstood son,
708 1062 1482 1112 which is treated also in Wildgans s
701 1102 1476 1166 Dies Tre and which, indeed, obsesses
697 1150 1476 1215 half the younger German writers, from
701 1208 1471 1264 Hasenclever on. Even more character¬
698 1256 1474 1315 istic is the passionate revolt against the
697 1307 1472 1370 reign of brute force, an attitude largely
699 1359 1479 1425 grown out of the horrors of the war, but
706 1405 1478 1482 symptoms of which were discernible
702 1456 1470 1525 even before hostilities began. Hasen¬
706 1507 1482 1573 clever, von Unruh, Schickele, Werfel,
706 1557 1475 1623 Goring, and many others, are i the full
713 1607 1482 1672 tide of reaction against the might is
702 1661 1478 1726 right’ school of thought. But the re¬
717 1710 1486 1772 volters do not always hope for great
707 1763 1479 1820 success. These are a few lines from
710 1821 829 1885 Cain:
1065 1873 1137 1937 EVE
848 1944 1122 2001 Fet what a light!
852 1993 1147 2047 What sudden light
846 2038 1222 2093 No greater than an eye,
883 2075 1125 2129 Shining in blue,
838 2119 1122 2172 Mirroring heaven
888 2155 1185 2210 Rises, grows, rises!
1230 2187 1342 2257 clouds,
844 2197 1219 2250 Already reaching to the
877 2239 1230 2287 It is ether, is the sun!
914 2277 1227 2330 It moves the birds,
915 2323 1231 2366 It calls the flowers,
888 2356 1325 2412 Wakes the names of things,
842 2404 1280 2457 Looses the tongues of men,
879 2448 1372 2500 Thaf they may ring with song
914 2489 1235 2539 Ever, O ever again
954 2527 1269 2583 Shall Abel be born!
993 2595 1217 2656 Car (terrible)
928 2669 1169 2718 And ever again
957 2709 1126 2761 Shall Cain
920 2751 1223 2812 Destroy this Abel!
1078 2815 1148 2870 EVE
854 2873 1292 2945 Then woe upon the earth!
930 2931 1008 2980 Woe!
766 3015 1495 3072 The first production of Reigen
721 3069 1497 3137 (Round Dance), a Schnitzler play writ¬
721 3111 1495 3181 ten twenty years age, has caused an
724 3168 1502 3245 outburst of German Puritanism. It
724 3219 1499 3280 was too much for the staid citizens of
723 3269 1499 3344 Vienna (it appears there are some),
731 3322 1491 3382 where it was driven from the stage; and
734 3382 1495 3431 at Munich the hostile element in the
2231 841 2310 918 123
1502 838 1909 921 AND THE ARTS
1528 934 2300 997 audience employed walking-sticks and
1530 1003 2302 1059 stink-bombs as the most effective
1526 1043 2303 1102 means of registering their views of
1530 1094 2306 1148 dramatic ethics. Under the protection
1528 1142 2300 1195 of the Security Police, the play has been
1527 1192 2305 1250 drawing large houses in Berlin, although
1531 1257 2295 1320 one raid with the odorous bombs oc¬
1537 1299 1672 1357 curred.
1572 1343 2310 1412 Reigen is a rather curious piece of
1541 1394 2308 1457 dramatie-strücture, consisting of ten
1537 1445 2307 1513 dialogues, in which a succession of social
1538 1495 2304 1556 types dance wearily about the altar of
1529 1544 2294 1613 Eros — not the laughing god of Ana¬
1533 1602 2308 1664 creon, but the dismal deity of a modern
1530 1646 2312 1704 city. The dialogues are so arranged
1538 1701 2302 1756 that each character appears in two of
1541 1749 2303 1807 them, each timewith a different partner.
1538 1800 2306 1860 Street-walker and soldier, soldier and
1533 1850 2304 1918 serving-maid, serving-maid and young
1541 1901 2300 1967 gentleman, young gentleman and young
1544 1951 2306 2006 wife, young wife and husband, husband
1545 2014 2299 2059 and girl, girl and poet, actress and no¬
1545 2049 2302 2119 bleman, nobleman and street-walker,
1550 2103 2302 2167 pass over the scene, one pair after an¬
1546 2164 2300 2208 other, and as each pair finishes its turn,
1537 2206 2298 2258 one of the partners whirls off the stage
1547 2263 2298 2308 leaving the other to meet the next com
1538 2310 2316 2364 er. In the end, having shown them all,
1540 2360 2312 2411 Schnitzler leaves off with the street¬
1550 2407 2110 2460 walker with whom he began.
1587 2445 2302 2508 Nothing in the play is really offen¬
1545 2496 2319 2561 sive. The observation has the typical
1538 2553 2319 2610 Schnitzler keenness, the dialogue is
1541 2607 2324 2658 brilliant as ever, and the humor is both
1544 2653 2315 2718 sharp and subtle. But in the printed
1542 2718 2311 2775 plays Schnitzler sometimes has re¬
1544 2753 2312 2810 course to asterisks to eke cut his dia¬
1545 2812 2311 2866 logue, and at the corresponding points
1538 2859 2325 2917 in the play the lights go out. This is
1553 2905 2319 2965 sufficient excuse for a hue and cry which
1546 2960 2309 3017 comes, not, as might be expected, from
1548 3008 2317 3066 the clergy, social reformers, and pro¬
1558 3058 2315 3115 essional moralists, but from the young¬
1547 3103 2327 3164 er menof thewest end of Berlin, manyof
1554 3153 2313 3220 whom had a hand in the Kapp rising.
1605 3210 2315 3264 Under the monarchy the censor
1553 3260 2326 3319 would probably have suppressed this
1556 3319 2326 3374 performance, just as it would have
1555 3356 2322 3442 stopped a recent performance of Oscar
