3336 4416
961 253 1399 348 box 17/6
267 251 799 359 11. Reigen
737 487 1003 558 Kl. 41.
594 664 2853 820 Verbot der Aufführung des „Reiger
674 800 2958 906 Durch die Bundesregierung. — Widerspruch des Landeshauptmannes Neumann.
1430 893 2297 986 Drohender Verfassungskonfiikt.
759 957 1722 1039 Von informierter Seite wird uns mitgeteilt:
1816 963 3031 1042 sie im bejahenden Sinne erfolgt ist, kann sie durch eine Ent
1862 1027 3016 1081 scheidung der Regierung nicht aufgehoben werden. Nach de
766 1010 1791 1092 Das Verbot der Aufführung d
1862 1075 3022 1128 Verfassung kann eine solche Entscheidung der Regierung nu
673 1054 1837 1143 „Reigen“ ist tatsächlich vom Bundesmini¬
1871 1124 3018 1188 erfolgen, wenn in einem andern Lande von der Landes
679 1123 1842 1178 steriumfür Innereserfolgt. Bis zur Stunde
1863 1167 2679 1228 regierung anders entschieden worden wäre.
673 1177 1850 1226 aber ist der Polizeidirektion darüber nichts bekannt. Das
1955 1202 3020 1273 Die Regierung stellt sich mit der von ihr selbst geschaffener
673 1216 1841 1277 Verbot ist im Instanzenweg heruntergelangt und wurde
1864 1255 3015 1318 Bundesverfassung in Widerspruch. Das ist dieselbe Regierung
668 1261 1851 1334 heute vormittag dem Bürgermeister Reumann in
1865 1314 3025 1362 die allen Landeshauptleuten gegenüber vollständige Tatlosigkei
678 1320 1839 1376 seiner Eigenschaft als Landeshauptmann über¬
1862 1357 3028 1417 übt. Es ist derselbe Herr Glanz, der es überhaupt nicht wagt
667 1354 1842 1423 mittelt. Von dort erst kann es an die Polizei gelangen,
1857 1401 3014 1458 in die Verfügungen der andern Landeshauptleute sich ein
671 1403 1537 1472 die dann dem Befehle Folge leisten wird.
1849 1453 3018 1501 zumengen. Redner greift den Bundesminister Dr. Glanz u
835 1449 1662 1534 Die Entscheidung der Bundesregierung.
1850 1498 3015 1548 der heftigsten Weise an und bezeichnet ihn als einen Zakaie:
688 1518 1837 1599 * Amtlich wird mitgeteilt: Bereits vor Zulassung
1859 1541 2985 1612 der christlichsozialen Partei. Redner spricht fort.
668 1569 1837 1647 der Aufführung des „Reigen“ durch den Magistrat
2093 1584 2802 1680 Erwiderung des Ministers Glanz.
668 1628 1837 1692 Wien als politische Landesbehörde hat der Polizei¬
1947 1649 3023 1722 Nach dem Abg. Leuthner ergreift Minister Glanz da
664 1667 1838 1733 präsident den Bürgermeister von Wien auf die schweren
1854 1702 3017 1767 Wort. Der Inhalt seiner Rede deckt sich mit der an andre
656 1726 1844 1780 Bedenken aufmerksam gemacht, die der Aufführung des
1871 1761 3017 1818 Stelle wiedergegebenen amtlichen Mitteilung. Während de
665 1768 1839 1830 Stückes entgegenstehen. Der Magistrat erteilte jedoch
1858 1810 3015 1861 Ausführungen des Ministers kommt es zu heftigen un
658 1818 1835 1885 nach Anhörung des Zensurbeirates mit Bescheid vom
1859 1854 3016 1903 lärmenden Auseinandersetzungen zwischen de
666 1857 1829 1925 12. Jänner die Aufführungsbewilligung. Die nun er¬
1850 1896 3019 1955 christlichsozialen und sozialdemokratischen Partei. Die Ab
672 1910 1838 1964 folgten Aufführungen des Stückes gaben zu lebhaften
1852 1944 3020 2009 geordneien stehen gedrängt vor der Ministerbank. Unmittelba
678 1957 1839 2019 Frörterungen in der Oeffentlichkeit Anlag. Hiebei sprach
1850 1995 3021 2049 vor dem Minister steht auch Präsident Seitz, der sich eben
680 2007 1846 2062 ich die weitaus überwiegende Mehrzahl der öffentlichen
1859 2043 3014 2114 falls an den Zwischenrufen beteiligt. Abg. Mataja ruft
666 2044 1832 2112 Stimmen dahin aus, daß die Aufführung nach ihrem Ge¬
1855 2084 2654 2154 „Der Herr Präsident als Krawallmacher!“
666 2103 1832 2157 samteindruck eine arge Verletzung der Sittlichkeit bedeute.
1937 2112 3021 2188 Der Minister schloß mit der Bemerkung, daß alle an
663 2145 1832 2202 Kundgebungen aus der Bevölkerung und zahlreiche
1844 2153 3024 2235 ständigen Menschen das Urteil über diese Ver¬
656 2189 1834 2254 Artikel der Presse verschiedener Richtung ließen erkennen,
1857 2226 3020 2296 anstaltung teilen werden. Minutenlanges Toben bei
656 2234 1833 2300 daß diese Vorführung mit dem sittlichen Empfinden
1855 2273 2950 2335 den Sozialdemokraten wurde durch diese Worte ausgelöst.
656 2284 1836 2339 weiter Kreise der Wiener Bevölkerung in scharfem
669 2324 1838 2382 Gegensatz steht. Der Bundesminister für Inneres und
2230 2321 2632 2407 Ein Handgemenge.
649 2363 1832 2444 Unterricht richtete daher an den zunachst zur Beurteilung
1936 2377 3031 2462 Die sozialdemokratischen Abgeordneten Witternig un
656 2413 1833 2484 des Falles berufenen Bürgermeister von Wien die Ein¬
1846 2425 3029 2517 Zelenka dringen auf den Minister ein. Die christ¬
662 2471 1828 2532 ladung, zu der durch die öffentlichen Aufführungen
1839 2491 3017 2556 lichsozialen Abgeordneten wersen sich dazwischen. Es kommt
645 2519 1830 2570 gegebenen Sachlage Stellung zu nehmen. Der Bürger¬
1849 2527 2459 2603 zu einem Handgemenge.
657 2559 1826 2623 meister erklärte jedoch, daß er nicht in der Lage sei, seine
1942 2557 3023 2648 Die Ordner suchen die streitenden Gruppen auseinander¬
650 2607 1824 2667 erste Entscheidung abzuändern. Aus Rücksichten der
1850 2636 3016 2687 zureißen. Dabei erhält der Abg. Sever einen Stoß in
659 2657 1827 2710 öffentlichen Sittlichkeit sah sich nun die Bundesregierung
1845 2682 2159 2744 das Gesicht.
652 2707 1835 2758 veranlaßt, die weiteren Aufführungen des
1939 2709 3014 2810 Das Tosen und die gegenfeitigen Beschimpfungen dauern
653 2745 1821 2807 „Reigen“ zu untersagen. Sie glaubt sich hiebei
1845 2769 2162 2857 minntenlang on.
641 2799 1833 2859 mit der öffentlichen Meinung, abgesehen von einem
1938 2813 3017 2895 Präsident Weiskirchner läutet unausgesetzt und ver¬
637 2840 1817 2902 kleinen für das Wiener Volksempfinden wohl nicht maß¬
1848 2881 3025 2939 sucht vergebens, die Ruhe herzustellen. Er ruft eine Reihe von
650 2894 1835 2959 gebenden Zuhörerkreise, in voller Uebereinstimmung zu
1841 2928 3021 2999 Abgeordneten zur Ordnung. Erst als der sozialdemokratische
650 2937 865 3009 befinden.
1832 2966 3012 3048 Abgeordnete Volker das Wort ergreift, tritt allmählich
636 2977 1839 3075 Der Bürgermeister nlmmt das Verbot nicht zur Kenntnis.
1849 3014 2039 3087 Ruhe ein,
739 3058 1837 3126 Aus dem Rathause wird uns gemeldet: In einer
638 3102 1838 3170 Sitzung, die heute beim Bürgermeister Reumann
1901 3100 2957 3176 Die „Arbeiter-Zeitung“ über den „Reigen“-Konstilt.
636 3158 1827 3217 in Anwesenheit der amtsführenden Stadträte stattfand,
1934 3171 3020 3228 Die „Arbeiterzeitung“ erörtert die politische Seite der
640 3188 1831 3267 kam auch die Angelegenheit der Aufführung von
1847 3212 3018 3282 Verfügung des Bundesministeriums für Inneres und bezieht
639 3258 1825 3314 Schnitzlers „Reigen“ zur Sprache. Während der Be¬
1845 3271 3022 3327 sich in ihrem heutigen Artikel auf das Schreiben des Ministers
645 3298 1825 3360 ratungen erschien Polizeipräsident Schober im Rat¬
1841 3321 3021 3369 an den Bürgermeister als Landeshauptmann von Wien als
638 3348 1829 3413 hause, der mit Vizebürgermeister Emmerling und
1841 3361 3012 3417 Bundesland, in dem es heißt: „Der Minister glaube, da sich
651 3396 1817 3452 dann mit dem Bürgermeister konferierte. Wie wir er¬
1844 3407 3021 3472 in der Oeffentlichkeit die Stimmen gegen die
651 3442 1823 3506 fahren, steht der Bürgermeister als Landeshauptmann
1837 3449 3006 3503 Aufführung mehren, nahelegen zu müssen, dieser Auf¬
650 3498 1827 3549 auf dem Standpunkt, daß es sein ausschließ¬
1848 3500 3017 3556 fassung, die abgesehen von einem kleinen, für das
644 3538 1821 3593 liches Recht ist, die Aufführung von
1846 3539 3018 3598 Wiener Volksempfinden gewiß nicht maß¬
647 3584 1819 3641 Theaterstücken zu gestatten oder zu ver¬
1843 3596 3014 3650 gebenden Zuhörerkreis, wohl eine einmütige
645 3622 1831 3710 bieten und daß er sich dieses Recht von
1835 3634 3007 3690 ist, durch Untersagen der weiteren Aufführung
647 3682 1734 3743 keiner Seite schmälern lassen wolle.
1842 3680 3013 3736 Rechnung tragen zu wollen.“ Das sozialdemokratische Blatt
744 3727 1822 3790 Weiter wird uns aus dem Rathause mitgeteilt:
1850 3733 3002 3790 bemerkt hiezu: „Da Herr Glanz den Bürgermeister bittet, ihm
1834 3769 3008 3831 über die sodann getroffene Verfügung baldmöglichst eine Mit¬
644 3778 1827 3838 Der Bürgermeister hat heute vormittag einen Erlaß des
1834 3816 3006 3878 teilung zukommen zu lassen, so hat, wie wir zu wissen glauben,
650 3825 1813 3881 Ministers des Innern erhalten, in dem mitgeteilt wird,
1839 3872 3005 3929 der Bürgermeister mit der „Mitteilung“ nicht gezögert und
648 3877 1825 3926 daß auf Grund des § 5 der Theaterordnung vom
1715 3915 1827 3969 des
1849 3918 3003 3972 Herrn Glanz wissen lassen, er habe keinen Anlaß, von
648 3918 1719 3995 Jahre 1850 die weitere Aufführung
1834 3959 3017 4022 der einmal und nach sorgfältiger Erwägung aller Umstände
643 3959 1826 4026 „Reigen“ verboten ist. Der Bürgermeister
1848 4002 3016 4063 getroffenen Verfügung abzugehen, werde eine neue und
650 4006 1816 4071 hat in seiner Antwort darauf verwiesen, daß dieser
1839 4051 3013 4110 andre Verfügung auch nicht treffen. Womit die
642 4038 1828 4118 Erlaß den Bestimmungen der bezogenen Verordnung
1834 4087 2604 4161 Sache eben zum zweitenmal erledigt ist.“
646 4097 1818 4171 und der einschlägigen gesetzlichen Bestimmungen nicht
1921 4143 3013 4217 Bei Erwägung der Frage nach dem künstlerischen Werte
642 4154 1822 4223 entspricht und daher von ihm nicht zur Kenntnis
1832 4185 3012 4260 des „Reigen“ schreibt die „Arbeiterzeitung“, daß sie der Forde¬
645 4201 1284 4257 genommen werden kann.
1968 4242 2846 4294 W
