3336 4416
1360 612 1726 691 Wien, Samstag
809 613 995 687 Seite 2
754 721 1869 770 Statthalters der L###deshauptmann getreten. Das Verho#
760 768 1881 834 des Bundesministers für Inneres und Unterricht geeist alse
913 826 1743 899 in die Kompetenz des Landeshauptmannes
766 879 1885 946 ein. Wir stellen daher den Antrag: Der Herr Bürgermeister
767 935 1876 987 pis Lundeshauptmann wolle die Autonomie des Landes Wien
764 984 1873 1040 gegen jedweden Eingriff der Bundesregie¬
766 1029 1224 1094 #ung energisch wahren.
1110 1079 1543 1160 Der Sturm bricht los.
866 1140 1886 1197 Die Verlesung dieses Antrages begleitet die Gemeinde¬
763 1194 1879 1250 rätin Frau Dr. Seitz=Motzko mit lebhaften Pfuirufen,
768 1248 1880 1301 sie schlägt mit einer Mappe auf ihr Pult und beginnt bereits
772 1296 1878 1352 ein Pultdeckelkonzert. Auch andere ihrer Parteigenossen be¬
768 1343 1875 1390 teiligen sich an dieser Demonstration, aber Gemeinderat
766 1391 1870 1447 Speiser läßt sich trotz des Lärmes in der Verlesung seines
770 1439 1872 1501 Antrages nicht behindern. Als er geendei, wird dem Antrag
771 1494 1874 1544 trotz des wüsten Lärmes die Dringlichkeit durch Abstimmung
770 1541 1882 1601 zuerkannt. Unter fortwährenden Zwischenrufen und gegen¬
770 1592 1882 1643 seitigen Beschimpfungen begründet Speiser in folgendem den
766 1640 1883 1694 Antrag: Das Verbot des Bundesministers für Inneres und
760 1685 1874 1737 Unterricht stellt den ersten Versuch eines Ein¬
771 1740 1886 1793 griffes in die Autonomie des Landes Wien dar.
767 1773 1889 1843 Der Gegenstand, an dem sich dieser Eingriff vollzieht, ist
772 1830 1884 1901 eigentlich für meinen Dringlichkeitsantrag ohne Belang. Es
766 1877 1875 1937 handelt sich durchaus nicht darum, daß sich etwa der Wiener
768 1926 1882 1981 Landtag als eine Stelle für Theaterkritik auftue. Aber es ist
764 1982 1878 2040 notwendig, daß wir uns in dem Augenblick, wo es eine
766 2029 1873 2076 Bundesregierung zum ersten Male versucht, die Autonomie
774 2085 1884 2137 des Landes Wien anzutasten, dagegen sofort und mit aller
769 2121 1874 2174 Energie zur Wehre setzen. Es ist bekannt, daß meine Partei
768 2171 1879 2224 durch lange Zeit dafür gekämpft hat, daß die Bundesver¬
776 2220 1874 2277 fassung der Republik Oesterreich nach zentralistischen Prinzi¬
771 2274 1883 2333 pien eingerichtet werde. Wir mußten uns schließlich fügen
772 2324 1877 2378 und der autonomistischen Gestaltung der Repichlik unsere
763 2365 1874 2425 Zustimmung geven. Nun aber sind wir selbstverständlich ent¬
765 2418 1887 2470 schlossen, die autonomen Rechte, die dem Lande Wien durch
769 2461 1878 2526 die Bundesverfassung gewährleistet sind. zu verteidigen; wir
767 2519 1886 2576 werden nicht zugeben, daß ein Bundesminister
771 2567 1877 2623 die Rechte dieses freien und autonomen Lan¬
766 2613 1887 2675 des und seines Landeshauptmanus einfach
772 2657 1182 2730 wegeskamotiert.
868 2678 1882 2772 Gemeinderätin Dr. Seitz=Motzko, (christlichsopial)
776 2766 1881 2817 erklärt unter großer Unruhe, daß es geradezu unglaublich
772 2808 1873 2864 sei, daß dieses Stück „Der Reigen“, das nichts alderes ist
769 2865 1886 2920 als eine Konzession auf die Geitheit eines auswärtigen
768 2910 1887 2972 Schiebertums, in Wien aufgeführt werden dürfe, und daß
770 2955 1879 3005 entgegen allen Einsprachen der Bürgermeister von Wien als
775 3009 1877 3060 Landeshauptmann ein derartiges Stück schützt. Ich verlunge
780 3051 1891 3106 im Namen meiner Parteigenossen, daß der Herr Bürger¬
768 3102 1892 3164 meister uns über sein Verhalten Rechenschaft gitt und ob er
769 3157 1812 3230 gewillt ist, das Verbot über dieses Stück auszusprechen.
902 3218 1784 3285 Die prüden christlichsozialen Gemeinderätinnen.
866 3277 1890 3340 Nachdem Gemeinderätin Motzko ihre Rede geschlossen,
770 3323 1890 3379 entsteht vor den Bänken der Christlichsozialen ein hestiger
771 3378 1882 3428 Meinungsaustausch zwischen der Gemeinderätin Kramer und
781 3426 1881 3472 einigen christlichsozialen Gemeinderätinnen, die ihr zurufen:
769 3470 1887 3532 „Pfui Teufel, das will eine Lehrerin sein, schämen Sie sich,
774 3520 1681 3580 den Schmutz für das Dirnentum zu verleidigen.“
873 3566 1881 3631 Gemeindemt Kunschak schristlichsozurl) beginnt seine
771 3616 1878 3677 Rede unter heftigen und lauten Zwischenrufen und meint,
774 3667 1880 3726 daß es bezeichnend sei, daß die Aufführung eines Schau¬
776 3722 1893 3773 stückes Anlaß zu Weiterungen zwischen den Parteien gelen
768 3772 872 3828 kann.
916 3814 1767 3880 Die Antwort des Landeshauptmanns Reumann.
857 3871 1888 3933 Landeshauptmann Reumann bedauert es, daß der An¬
778 3922 1887 3980 laß zu dieser Debatte über ein wichtiges Verfassungsrecht die
779 3976 1885 4031 Ursache in der Aufführung des „Reigen“ hat. Er hätte ge¬
787 4030 1880 4083 wünscht, daß ein wichtigerer Anlaß dazu Gelegenheit ge¬
784 4085 1877 4136 geben hätte. Da nun diese Frage so vom Zaune gebrochen
785 4117 1883 4171 wurde, so müsse er vor allem darauf verweisen, daß in den
784 4172 1879 4220 verschiedensten Tingel=Tangels die Sittlichkeit verletzt werde.
2180 610 2760 696 Wiener Morgenzestung
1925 712 3038 777 zuwürdigen. (Rufe bei den Sozialdemokraten: Bravo!
1939 773 3041 838 Sehr richtig!) Ich habe, gestützt auf die staatliche Verordnung
1927 826 3045 877 vom November 1850, dem Herrn Glunz bereits einmal gesagt,
1940 880 3040 929 daß ich seinem Gebote nicht Folge leisten werde. Herr
1936 920 3046 967 Glanz hat mir in beispielloser Ueberhe¬
1930 964 3034 1031 bung einen Erlaß zugesandt, in dem er am Schluß ver¬
1936 1014 3047 1071 langt, daß ich die Aufführungsbewilligung des „Reigen“ außer
1931 1068 3036 1126 Kraft setze. Hiezu hat Herr Glanz kein Recht und man
1927 1113 2957 1190 kann auch einer solchen Rechtsbeugung nie zustimmen.
2289 1169 2692 1237 Reumann an Glanz.
2028 1216 3047 1293 Ich habe dem Herrn Glanz folgende Antwort erteilt: Durch
1935 1278 3042 1339 Bericht seitens der Magistratsabteilung 55 bin ich in Kenntnis
1931 1330 3043 1392 gesetzt worden, daß mit dem an diese gerichteten Erlaß des
1941 1374 3047 1441 Bundesministeriums für Inneres und Unterricht vom
1931 1424 3041 1491 10. Februar 1921 die mit Ihrer Entscheidung erteilte Auf¬
1937 1469 3044 1523 führungsbewilligung für das Bühnenwerk „Reigen" von
1934 1523 3038 1575 Artur Schnitzler außer Kraft gesetzt und die weitere Auf¬
1933 1570 3051 1635 führung untersagt wurde. Nach der Theuterverordnung vom
1935 1626 3044 1682 14. Novémber 1850 bedarf jede Bühnenproduktion vor ihrer
1928 1670 3040 1733 ersten Darstellung der Aufführungsbewilligung von seiten
1933 1710 2248 1784 des Statthalters.
2033 1765 3038 1835 Nach § 5 kann die erteilte Bewilligung aus Beweg¬
1927 1819 3046 1883 gründen der öffentlichen Ordnung jederzeit zurückgenommen
1937 1874 3051 1925 werden. Nach § 7 steht dem Theaterunternehmer gegen die
1929 1908 3047 1964 Entscheidung des Statthalteis der Rekurs an den Minister
1932 1963 3046 2028 des Innern zu. Aus diesen gesetzlichen Bestimmungen geht
1930 2011 3044 2061 hervor, daß die Untersagung der weiteren Aufführung oö¬
1927 2059 3046 2111 bezeichneten Bühnenwerkes nicht vom Bundesministerium
1937 2110 3038 2169 für Inneres und Unterricht ausgehen kaein. Die Magistrats¬
1928 2157 3042 2224 abteilung 55 wurde von mir beuuftragt, mit der exekutiven
1928 2209 3040 2277 Durchführung des amtlichen Erlasses im Wege der Polizei¬
1932 2255 3047 2325 direktion innezuhalten. An Stelle des Statthulters ist nun
1935 2309 3049 2369 nach den Verfassungsgesetzen der Landeshauptmann von
1937 2342 3046 2416 Wien getreten. Ich werde als Landeshauptmann
1937 2404 3050 2463 von dem mir zustehenden Recht um kein Jola
1929 2451 3052 2499 abweichen. (Lebhafte Zustimmung bei den Sozialdemo¬
1929 2502 3053 2562 kraten, Gegenrufe bei den Christlichsozialen.) Das ist die
1936 2553 3040 2611 Entscheidung und nun soll Here Glunz das Gesetz verletzen!
1937 2595 3041 2661 (Stürmischer Beifall und Hochruse auf Reumann bei den
1934 2636 2279 2705 Soziuldemolraten.)
2038 2680 3054 2745 Gegen Schluß der Rede des Landeshauptmanns, die er
1938 2739 3055 2808 in großer Erregung zum Schlusse gesprochen hatte, steigern
1937 2784 3054 2865 sich die Gegenrufe immer mehr zu einem wüsten Lärm. Be¬
1939 2840 3048 2894 schimpfungen fallen gegenseitig, aber mitten in diesem großen
1932 2888 3045 2950 Lärm wird der Bürgermeister immer wieder stürmisch
1937 2928 2133 2995 akklamiert.
2029 2969 3056 3057 Der Antrag Speiser wird mit genügender Mehrheit der
1927 3048 2864 3114 geschäftsordnungsmäßigen Behandlung zugewiesen.
1983 3131 3005 3272 Politische Rundschau.
1932 3303 3056 3386 Die Mitglieder der „Clartee“ werden
2314 3355 2664 3435 perlustriert.
2035 3426 3042 3482 Wie seinerzeit berichtet wurde, hat sich in Frank¬
1938 3470 3038 3536 reich eine Gruppe von Gelehrten und Schriftstellern
1941 3521 3036 3585 unter dem Namen „Clartee“ zu einer Organisation für
1937 3570 3047 3629 Freiheit und Aufklärung gebildet. An der Spitze dieser
1932 3622 3051 3671 Bewegung steht Anatole France. Die „Clartee“ hat
1945 3668 3047 3722 sehr rasch Anklang gesunden und auch außerhalv Frank¬
1936 3723 3040 3779 reichs haben sich seitdem unter dem gleichen Titel In¬
1945 3762 3043 3826 tellektuellengruppen zusammengeschlossen, welche die¬
1943 3816 3043 3882 selben Ziele verfolgen wie die Pariser Zentrale. Die
1937 3862 3037 3921 große Jagd nach Kommunisten und politisch Verdäch¬
1949 3916 3035 3970 tigen, welche jetzt in ganz Frankreich veranstaltet wird,
1939 3963 3045 4016 hat, wie aus Paris gemeldet wird, besonders in den
1952 4014 3040 4075 Provinzstädten auch die Gruppen der „Clartee“ nicht
1940 4069 3045 4118 verschont. In Bordeaux wurden bei sämtlichen Mit¬
1944 4103 3042 4175 gliedern der „Clartee“ Hausdurchsuchungen vor¬
1948 4167 3052 4215 genommen, Korrespondenzen beschlagnahmt und mehrere
