3444 4416
953 189 1390 302 box 17/6
242 203 794 312 11. Reigen
224 775 866 906 Provinz-Ausgabe
545 1337 607 1432 5
1800 1396 2259 1490 den Mittelstand.
1273 1416 1516 1498 Tagesze
2428 1441 3257 1558 Tür kealien ver 6. Dehe Tüglien u ce
1834 1468 2355 1574 Ter die Pachschosieratek
1284 1491 1717 1576 für Deutschösterreich:
241 1472 1190 1595 Das „eriekeits-Weit-Miatf erscheist Uelich.
2449 1533 3197 1608 dreimal 6 Sire, einmal in der Woche 3 Lire.
1247 1547 1745 1622 Täglich für 1 Monat 25 K
1845 1552 2351 1623 Täglich für ¼ Jahr 29 cel. h
394 1565 1039 1620 Es kann in dreifacher Weise bezogen werden:
1658 1576 1759 1645 75 K
1431 1580 1605 1626 für ½ Jahr
1586 1584 1679 1663 3
2565 1576 3097 1644 Für Ungarn und lugoslawien
1845 1599 2204 1661 Dreimal wöchentlich
250 1593 1016 1647 Täglieh (Versendung ab Wien an jedem Werktag).
1243 1599 1591 1673 Dreimal wöchentlich
2031 1611 2372 1692 für ¼ Jahr 15 cal. K
252 1613 1176 1708 Orsimal wöchentlick (Dienstag, Donnerstag und Sam'tag).
2412 1603 3251 1707 gelten die gleichen Bezugspreise wie für Deutschefe#reich.
1424 1625 1758 1705 für ¼ Jahr 40
1843 1640 2177 1731 Einmal wöchentlich
250 1667 866 1723 Einmal wöchentlich (jeden Donnerstag).
1242 1640 1571 1724 Einmal wöchentlich
2475 1655 3190 1738 jedoch in der betreffenden Landes=Kronenwährung.
2028 1673 2359 1745 für ¼ Jahr 8 csl. K
1421 1678 1770 1747 für ¼ Jahr 21 K
335 1679 1086 1745 Die Bezugspreise sind nebenstehend verzeichnet.
268 1710 3235 1804 Schriftleitung and Verwaltung: Wien, VII. Kailerstraße 10. — Madt-Zwcisstelle: I. Schulerstraße 13. — Ankündiguagen naeh Tarik. Schriftstücke werden nicht zurückgeschict.
2820 1760 3256 1845 46. Juhrgang
1222 1803 2372 1859 Wien, Sonntag, den 13. Februar 1921
238 1762 458 1859 Nr. 35
195 1919 913 2029 Politischer „Reigen“.
1251 1930 2460 2036 Verhandlungen in Paris
269 2004 1244 2094 Es geht uns elend in Oesterreich. Das ist keine
1524 2028 3272 2154 über die Kredithilfe für Oesterreich.
220 2072 1224 2157 Phrase, sondern bittere Wahrheit. Das
1341 2119 3275 2212 Wien, 12. Februar. Wie die „Politische Korrespondenz“ erfährt, ist der Sektionschef
226 2136 1226 2212 Staatsdefizit steigt, der Geldwert sinkt, die Ver¬
220 2196 963 2273 elendung greift immer weiter um sich.
1249 2192 3271 2270 im Bundesministerium für Aeußeres Dr. Schüller heute nach Paris abgereist, um
1257 2255 2895 2332 dort an den Verhandlungen über die Kreditaktionen teilzunehmen.
270 2251 1226 2342 Man möchte denken, daß die Politiker des Landes
223 2310 1237 2394 Tag und Nacht darauf sinnen sollten, wie diese zu¬
2266 2360 3282 2444 spielt und die Polizei noch dafür
1248 2369 2256 2452 Nationalrat wird der Minister des Innern
216 2388 1224 2453 sammenbrechende Wirtschaft noch in letzter Stunde
2269 2423 3269 2513 sorgen muß, daß es in Ruhe geschehen kann.
1260 2437 2254 2509 von den Sozialdemokraten interpelliert und von
223 2439 1223 2520 wieder aufzurichten, dieses verelendende Volk noch
2303 2481 3274 2552 All das ist typisch österreichisch. Wie aus
1250 2492 2253 2562 Seitz schulmeisterlich zurechtgewiesen. Die Gemüter
223 2493 640 2582 aufrechtzuerhalten ist.
2270 2537 3274 2613 einer Frage des guten Geschmacks ein Politikum,
1251 2551 2244 2620 erregen sich so, daß beide streitenden Parteien mit
264 2533 1238 2629 Dieweil aber treten andere Probleme in
2269 2604 3273 2668 wird nun aus einer Zensurfrage ein Verfassungs¬
1256 2596 2238 2671 Geschrei und Beschimpfungen und Handgreiflich¬
224 2615 595 2700 den Vordergrund!
2273 2659 3281 2724 konflikt. Es ist glücklich gelungen, zum Skandal
1255 2663 2245 2736 keiten ihre moralischen, ästhetischen und
264 2638 1228 2755 Man spielt seit einigen Tagen in einem Wiener
2272 2715 3279 2789 der „Reigen“=Aufführungen noch den lauteren
1246 2721 2254 2799 juristischen Argumente verstärken zu müssen
227 2730 1239 2819 Theaterchen unter der Erde eine Dialogreihe
2269 2782 3277 2850 Skandal dieses Kampfes um das Verbot zu fügen.
1248 2789 2237 2851 glauben. Die unerquicklichen Szeuen, die sich mittags
231 2790 1221 2859 „Reigen“ von Artur Schnitzler. Wer die
2318 2832 3275 2897 Wenn der Dichter Schnitzler (dem es doch nicht
1247 2834 2254 2911 im Nationalrat abgespielt haben, setzten sich abends
227 2848 1227 2918 Dialoge nicht kennt, braucht esnicht als Mangel an
2277 2884 3281 2960 lieb sein kann, daß sein bereits vergilbendes Jugend¬
1327 2894 2247 2977 freilich in milderer Form — im Wiener
227 2908 1234 2974 Bildung empfinden. Es sind zehn Gespräche zwischen
2279 2946 3283 3007 werk plötzlich im Mittelpunkt eines öffentlichen Streites
1250 2938 2258 3014 Landtag fort und das Ergebnis ist, daß man
223 2967 1234 3040 je einem Mann und einem Weibchen, Gespräche um
2255 3003 3281 3081 steht!) etwas Geschmack besitzt, dann muß er jetzt
1253 3014 2257 3094 abeubs das verbotene Stück doch
229 3017 1229 3095 die Liebe, und zwar die Liebe ihrer primitivsten,
226 3083 1230 3146 rein sinnlichen Art. Schnieler schrieb sie, als „Jung
228 3133 1228 3210 Wien“ literorische Mode war, ein „Jung Wien“,
224 3192 1254 3262 das keinen größeren Ehrgeiz kanne, als aus dem
222 3245 1134 3339 modernen Paris Geist und Form zu entlehnen.
273 3303 1241 3377 Den „Reigen“ nun auf der Bühne zu spielen, ist
224 3372 1242 3441 zweifellos eine arge Geschmacklosig¬
229 3422 1247 3492 keit, darüber kann unser anständigen Leuten kein
225 3475 1248 3558 Zweisel bestehen. Die Kritik hat auch fast einmütig
224 3545 1246 3607 die Aufführung bedauert. Es mußte nur
228 3604 1247 3678 wundernehmen, daß die Erstaufführung d eser erotischen
231 3661 1249 3735 Szenenreihe, die zu Schieberpreisen stattfand, sich
225 3712 1244 3786 gewissermaßen des Protektorats des
230 3769 1248 3839 christlichsozialen Ministers für soziale
217 3828 1243 3897 Verwaltung rühmen konnte, deren Kinderhilfs¬
224 3884 975 3973 werk ihr Reinerträgnis zufließen sollte.
273 3918 1247 4017 Die „Reigen“=Aufführung von vornherein nicht
223 4009 1248 4082 zuzulassen, wäre das einzig Richtige gewesen.
230 4068 1234 4142 Aber als man ihn spielte und die „Reichspost“
233 4126 1237 4191 drohend ausrief, man werde dies nicht dulden,
668 4181 1232 4260 KEESSRE NO UIND RE E
234 4181 646 4284 B
