3336 4416
961 260 1397 351 box 17/6
258 264 780 362 11. Reigen
385 770 692 871 Wien, Freitag
1120 782 1760 870 Neue Freie Presse.
131 850 886 936 da zur Ausübung der Theaterzensur in
939 880 2007 958 Inzwischen hatte der Abg. Volker (christlichsozial) das
129 926 2004 994 Landeshauptmann von Wien befugt ist. Wort ergriffen, um den Standpunkt seiner Partei, welche das
140 962 793 1020 daß der Regierung das Diktat
785 968 852 1014 der
873 980 2006 1038 Vorgehen des Ministers gutheiße, zu vertreten. Es herrscht aber
120 1001 778 1064 ls die Bestimmungen der Verfassung.
782 1008 849 1059 Es
875 1022 2010 1073 noch immer ein solcher Lärm, daß das Wort Volkers im
123 1040 760 1093 ob der Bundesminister für  nneres
752 1030 851 1098 den
877 1064 2007 1113 Saale fast unverständlich blieb. Der Lärm legte sich erst, als der
130 1080 842 1159 ß über das Verbot der Aufführung des
869 1105 2002 1166 letzte Redner in dieser Debatte, Abg. Sein, das Wort ergriff.
133 1123 531 1183 uck ziehen wolle.“
958 1146 1998 1203 Abg. Seitz erklärt, das heutige Vorkommnis sei eine Folge
147 1148 838 1232 Dringlichkeitsantrages Leuthner zeigte
867 1165 1911 1243 des mangelnden Mutes der Christlichsozialen,
1899 1188 1975 1234 5
140 1209 840 1274 große Unruhe. Die Abgeorhneten der
868 1229 2014 1284 Ministerposten durch Parteimänner zu ersetzen. So habe man
126 1249 842 1320 sammelten sich in dem Halbrund vor
866 1279 2008 1327 einen strebsamen jungen Mann, der in den Präsidailbureaux ge¬
112 1307 835 1367 ziemlicher Unruhe begann Abgeord¬
866 1315 2011 1366 dient hat, aber die Eignung zum Minister nicht besitzt, auf diesen
112 1344 837 1407 Dringlichkeitsantrag zu begründen. Er
868 1353 2005 1402 Posten gestellt, und dieser müsse nun alles tun, wofür sie die
126 1388 838 1450 ht in eine Erorierung über ästhelische
877 1402 2005 1449 Verantwortung nicht übernehmen wollen. Es handle sich hier nicht
111 1423 836 1490 glasse und gar nicht fragen wolle, was
870 1436 1999 1482 um den „Reigen“, sondern um die Tatsache, daß der Landes¬
136 1468 834 1536 und ethisch bedeutet. Der Schwerpunkt
870 1474 1996 1533 hauptmann eine verfassungsmäßige Entscheidung getroffen hat,
870 1524 1927 1576 die sich auf das Votum des zuständigen Zensurbeirates stützt.
125 1519 841 1572 inister des Innern einen schweren
962 1556 2011 1623 Gegen diese Entscheidung könnte nur die betreffende Partei
128 1566 839 1614 ch begangen habe, indem er ein Verbot
871 1590 2006 1654 den Rekurs an das Ministerium des Innern ergreifen. Das
125 1612 832 1661 rlassung ausschließlich der Landeshaupt¬
878 1638 1999 1693 Ministerium des Innern hat aber kein Recht, einzu¬
113 1644 833 1716 n ist. Abgeordneter Leuthner sprach in
879 1689 2003 1736 greifen. Wenn es sich auf die Verordnung vom Jahre 1850
114 1693 834 1766 Weise, was zahlreiche Zwischenruse von
874 1730 2000 1782 stützt, die ein solches Einschreiten ermöglichen würde, so hätte sie
109 1736 385 1802 r Folge hatte.
871 1776 2011 1830 auf keinen Fall direkt mit einer Unterbehörde
124 1758 826 1841 rte an, als auch unmittelbar nach ihm
869 1813 1999 1868 zu verkehren gehabt. Die Sache habe eine viel weiter¬
123 1823 828 1881 mDr. Glanz sich erhob, um auf die
869 1862 2006 1910 gehende politische Bedeutung. Die christlichsoziale Regierung
127 1867 838 1927 Die Ausführungen des Dr. Glanz decken
867 1898 2004 1947 wolle diesen nebensächlichen Anlaß benützen, um in die
138 1914 828 1960 dem amtlichen Communiqué über die
879 1940 2014 1990 Machtsphäre des Landeshauptmannes von
126 1953 828 2016 Is Minister Dr. Glanz betonte, daß sich
878 1981 1997 2031 Wien einzugreifen, damit sie sich später in ernsteren
130 2008 829 2059 en gegen die Aufführung
878 2018 1640 2084 Fällen auf dieses Präjudiz berufen könne.
112 2046 835 2106 n“ geäußert haben, ertönte der Ruf:
941 2047 1995 2118 Die Partei des Redners müsse gegen einen solchen Ver¬
144 2093 795 2145 haben Sie solche Stimmen gelesen?
124 2134 838 2186 der „Reichspost“ und in den „Wiener
864 2136 2004 2193 nicht, wie sich der Landeshauptmann Reumann gegenüber diesem
140 2182 831 2226 lesen.“ Minister Dr. Glanz: In ver¬
869 2189 2002 2233 Verbot verhalten werde. Aber das wisse er, wenn man ein Nicht¬
120 2226 838 2275 essentlichkeit hat sich ein lebhafter Unmut
874 2232 1998 2290 befolgen des Verbotes mit Gewalt oder gar mit Waffengewalt
122 2267 822 2316 geltend gemacht, der sich bis zur Ent¬
862 2261 2006 2319 durchsetzen wollte, so würde die Arbeiterschaft ihre
132 2313 810 2367 bg. Seitz: „Woher wissen Sie das ?
861 2318 2000 2374 ganze Kraft aufbieten, um einem solchen Verbot mit
121 2350 835 2410 stwas gehört?“ Abg. Mataja: „Der
876 2357 2006 2409 Gewalt entgegenzutreten. Dem Dr. Glanz lege er nahe, einen
121 2393 835 2451 hallmacher.“ M.nister Dr. Glanz fähr in
866 2396 1999 2449 Posten zu verlassen, für den er durchaus nicht die
865 2437 1143 2510 Eignung besitze.
946 2455 2000 2541 Er müsse sich in schärfster Weise dagegen wenden, daß dieser
118 2482 174 2539 fn.
874 2502 1995 2569 junge Mann es wage, sein Urteil, das von einer großen Partei
761 2516 832 2583 ge¬
117 2511 773 2597 te große Unruhr. Die
867 2566 1995 2616 dieses Hauses als unrichtig erkannt wird, durch Berufung auf
116 2564 827 2631 er und Widholz riesen wiederholt:
862 2606 2007 2663 das Urteil aller anständigen Leute zu stützen. Das sei eine grobe
131 2626 824 2691 über die V.rfassungsftage, J.re Un¬
862 2650 1999 2697 Verletzung nicht nur des parlamentarischen Anstandes, sondern
102 2660 704 2718 nteressieren uns nicht.“ Minister
868 2692 1999 2761 aller Sitten, die ein Minister gegenüber einer Partei des Hauses
121 2701 684 2770 gumeite belämpfen will, mu
860 2734 1187 2798 zu beobachten hat.
133 2738 830 2798 Minister sprach weiter über die Ten¬
951 2767 1998 2834 Präsident Dinghofer erteilte Seitz wegen seiner Aeuße¬
122 2793 826 2844 igen“ und führte aus, daß in #esem
874 2819 2000 2873 rungen gegen Minister Glanz den Ordnungsruf. Von
138 2830 831 2902 Bühne gebracht werden, die auch bei
874 2861 1993 2915 sozialdemokratischer Seite ertönen stürmische Rufe: „Warum
115 2879 828 2941 Völkern gewöhnlich mit einer ge¬
869 2907 1997 2960 rufen Sie den Glanz nicht zur Ordnung? Er hat die ganze
121 2920 816 2977 delt werden.“bg. Witternig:
866 2943 1883 3014 Partei beleidigt. Er muß zur Ordnung gerufen werden.“
182 2960 820 3032 eine Rezension für die „Wiener
130 3001 835 3079 er Zelenka: „Reden Sie über den
920 3011 1943 3090 Tie antliche Mitteilung über das Verbot.
947 3083 1997 3133 Die „Staatskorrespondenz“ schreibt: Durch eine Ver¬
108 3084 618 3173 ende Handae enge.
855 3128 1997 3183 fügung der Regierung wurde die weitere Auf¬
136 3141 827 3216 Ausführungen bemerkte der Minister,
863 3175 1991 3258 führung des Bühnenwerkes „Reigen“
119 3203 832 3249 lung seines Vorgehens allen anständigen
853 3225 1144 3291 untersagt.
120 3244 827 3293 Worte entfesselten einen neuerlichen
942 3256 1561 3331 Hiezu wird amtlich mitgeteilt:
131 3288 826 3339 zialdemokraten. Die Abgeord¬
945 3312 1985 3388 Bereits vor Zulassung der Aufführung des „Reigen“
121 3313 823 3381 ternig drängen zur Minister¬
120 3364 823 3419 mit den Fäusten auf den Tisch
858 3356 1993 3416 durch den Magistrat Wien als politiche Landesbehörde
124 3404 830 3476 Andere Abgeordnete eilen ebenfalls,
864 3415 1992 3473 hat der Polizeipräsident den Bürgermeister von Wien auf
151 3439 823 3501 den Platz Dr. Glanz' zu und rufen
869 3454 1993 3529 die schweren Bedenken aufmerksam gemacht, die der Auf¬
128 3484 823 3539 rhm—bas-ist eine Beleidigung, das
867 3498 1867 3563 führung dieses Bühnenwertes entgegennehen.
1904 3507 1991 3563 Der
120 3529 829 3577 llen!“ Man hat den Eindruck, als ob die
1916 3551 1987 3602 Drs
852 3546 1922 3614 Magistrat erteilte jedoch nach Anhörung
116 3570 821 3624 kordneten Dr. Glanz mit Gewalt
850 3589 1994 3656 Zensurbeirates mit Bescheid vom 12. Januar 1921
124 3617 815 3689 egdrängen wollen, namentlich die
857 3644 1675 3710 die Aufführungsbewilligung.
125 3653 753 3718 d Witternig zeigen sich sehr erregt.
945 3693 1995 3752 Die nun erfolgten Aufführungen des Stückes gaben
129 3694 813 3752 ck versuchen die christlichsozialen, die auf
114 3734 821 3789 es standen, vorzudringen, um Dr. Glanz
853 3737 1995 3793 zu lebhaften Erörterungen in der O ffentlichkeit Anlaß.
188 3776 813 3837 chützen. Es kam in der Mitte des
120 3781 172 3828 u
849 3782 1988 3838 Hiebei sprach sich die weitaus überwiegende Meyrzahl der
119 3820 810 3881 ichsozialen und Sozialdemokraten zu
849 3832 1986 3885 öffentlichen Stimmen dahin aus, daß die Aufführung nach
112 3857 819 3928 oß, indem die Parteien gegeneinander
863 3878 2000 3936 hrem Gesamteindrucke eine arge Verletzung der Sittlich¬
106 3900 816 3973 ldemokraten ununterbrochen gegen den
852 3925 1992 3982 keit bedeute. Kundgedungen aus der Bevölkerung und
119 3949 474 4018 Hinaus mit ihm!“
860 3974 1995 4025 zahlreiche Artikel der Presse verschiedener Richtung ließen
161 3973 813 4056 in dem Drängen, wie die Faust
855 4024 1997 4075 erlennen, daß diese Vorführung mit dem
184 4045 815 4097 Pischitz den Kopf des
877 4066 1994 4126 ittlichen Empfinden weiter Kreise
122 4087 815 4140 ever traf, nicht absichtlich, um
852 4116 1997 4179 der Wiener Bevölkerung in scharfem
116 4131 823 4184 n in dem allgemeinen Hii= und Hei¬
844 4160 1364 4222 Gegensatze steht.
114 4169 183 4238 ae
173 4166 813 4231 um ihn steyende Freunde, die an
950 4206 1992 4257 Der Bundesminister für Inneres und
145 4203 808 4264 Schlag glaubten, drängten
861 4229 1325 4295 R
231 4247 750 4295 BTEEE
1524 4249 1887 4314 W
2145 785 2533 876 11. Februar 1921
2914 795 3144 885 Nr. 20279
2034 883 3184 956 bewilligung berechtigt ist, fehlt, wie man sieht, vollständig.
2041 938 3164 992 Aus der Bestimmung des § 3, die die Aufführungs¬
2042 988 3175 1052 bewilligung der Kompetenz des Statthalters überweist,
2038 1029 3177 1104 mußte naturlich gefolgert werden, daß die Statthalierei,
2041 1081 3179 1148 unter den gegenwärtigen Verhältnissen die Landes¬
2043 1127 3188 1203 regierung, allein befugt ist, ihre Bewilligung zu
2033 1184 3183 1247 reassumieren. Dies um so mehr, als § 7 derselben Ver¬
2043 1225 3181 1286 ordnung ausdrücklich dem Theaterunternehmer das Recht
2042 1270 3191 1319 des Rekurses gegen die Entscheidung des Statthalters an
2048 1321 3177 1387 den Minister des Innern zubilligt, insofern sie ein Auf¬
2045 1367 3187 1419 führungsverbot beinhalte. Von einem Recht auf einen
2037 1408 3189 1478 Rekurs gegen eine die Aufführung zulassende Entscheidung
2041 1463 2493 1525 ist nirgends die Rede.
2261 1546 2956 1607 Besprechungen im Rathaus.
2125 1592 3186 1665 Beim Bürgermeister fand heute eine Sitzung statt, an
2032 1633 3179 1715 der die geschäftsführenden Stadträte teilgenommen haben.
2040 1697 3180 1769 Es wurd#e den Vertretern der Presse folgende Mitteilung ge¬
2044 1745 3182 1813 macht: „Der Bürgermeister in seiner Eigenschaft als Chef
2042 1792 3182 1850 der niederösterreichischen Landesregierung erklärt es als sein
2034 1840 3181 1901 ausschließliches Recht, die Aufführungen von Theaterstücken
2032 1891 3174 1951 zu gestatten oder zu verbieten. Er wird sich dieses Recht von
2033 1938 2555 2005 niemandem nehmen lassen.“
2131 1972 3174 2046 Während der Sitzung erschien Polizeipräsident
2046 2017 3118 2079 Schober im Rathause; er konferierte zunächst mit Vi
2040 2076 3178 2142 bürgermeister Emmerling, dann mit Bürgermeister
2036 2121 3173 2192 Reumann, bei dem er länger als eine halbe Stunde ver¬
2032 2166 2167 2238 weilte.
2263 2238 2901 2324 Die Stellung der Polizei.
2122 2289 3186 2359 Der Polizei ist nach der „Aktenlage“ und dem Kom¬
2031 2337 3189 2410 petenzkreise bis mittag keine amtliche Nachricht von dem
2045 2401 3187 2458 Verbot durch die Bundesregierung zugekommen und sie hal
2039 2454 3109 2517 daher ihrerseits keine Veranlassung zu einer Verfügung.
2049 2498 3184 2566 ist deshalb auch kein Aufführungsverbot an
2044 2544 3172 2593 die Kammerspiele ergangen. Solange die Landes¬
2034 2590 3183 2650 regierung ihre Haltung nicht ändert, könnten für die Polizei
2030 2640 3142 2714 nur Vorgänge auf der Straße und im Theater selbst maß
2045 2675 2835 2754 gebend werden für ein aktives Eingreifen.
2216 2744 3006 2830 Aeußerungen ##irektor Vernaus.
2126 2811 3187 2894 Direktor Bernau äußerte sich einem unserer Mit¬
2027 2859 2411 2928 arbeiter gegenüber:
2125 2895 3182 2967 Ich habe bisher kein Verbot der weiteren Aufführungen
2030 2958 3170 3017 von Artur Schnitzlers „Reigen“ erhalten. Ich kümmere mich
2038 3007 3190 3065 nicht um die Nachrichten und um die Vorgänge
2041 3052 3183 3110 hinter den politischen Kulissen und erwarte von der
2031 3107 3079 3161 maßgebenden Behörde, daß sie ein von ihr
3099 3104 3172 3163 zur
2028 3146 3103 3195 Aufführung freigegebenes Stück, das ihre Beamten
3101 3150 3170 3208 in
2034 3188 3172 3242 einer Generalprobe geprüft haben, mit dem Aufgebote aller
2029 3239 3172 3304 Mittel schützen wird. Meine Gründe für die Aufführung des
2025 3287 3156 3349 Schnitzlerschen Werkes sind bekannt. Ich halte den „Reigen“
2070 3327 3168 3389 auf eine ausführliche künstlerische Würdigung des Stückes
2030 3378 3169 3433 kann ich mich jetzt nicht einlassen — für ein sittliches, überaus
2023 3426 3177 3486 wertvolles Kunstwerk. Man kann mir nicht nachsagen, daß
2030 3468 3179 3534 ich das Werk einzig aus Geschäftsinteresse zur Aufführung
2022 3515 3157 3570 bringe. Ich kann beweisen, daß ich mehr als hundert Stücke,
2028 3561 3172 3610 in denen Cochonerien enthalten sind, glatt abgelehnt habe,
2023 3608 3170 3660 aber auch wirkungsvolle Stücke politischen Inhaltes zurück¬
2032 3655 3167 3707 weise. Erst kürzlich habe ich ein dramatisches Werk von
2025 3706 3158 3759 ausgezeichneten Qualitäten, weil es Angriffe auf die Re¬
2042 3741 3163 3810 gierung enthält, nicht zur Aufführung gebracht. Der „Reigen“
2021 3796 3163 3853 wird weiter zur Aufführung gelangen und ich erwarte zu¬
2018 3829 3158 3895 versichtlich von der Behörde den Schutz der Vorstellungen.
2024 3910 2083 3991 3
2022 3985 2083 4046 B
