3444 4416
959 213 1381 296 box 17/6
262 220 762 321 11. Reigen
693 898 1402 967 Wedel Theateridoche.
604 947 1458 1034 Das Schirsal des „Reigen“ — Von aller¬
610 1023 1454 1098 hand verbotenen und beinahe verbotenen
720 1067 1367 1144 Stücken der letzten Jahrzehnte.
682 1121 1467 1191 Die Bewegunch die dieser Tage gegen
590 1186 1454 1238 die weiteren Auffüshrungen von Schnitzlers
606 1244 1450 1295 „Reigen“ in den Kammerspielen entfalte
615 1282 1454 1338 worden ist, hat die Theaterfreise Wiens lebhaft
605 1325 1458 1374 beschäftigt. Das Stück schwebte während der
606 1371 1459 1414 letzten Woche zwischen Leben und Tod. Heute
598 1414 1456 1471 abends frisch, konnte is morgen früh schon in
604 1452 1456 1512 den Sarg gelegt sein. Denn jede Stunde
599 1497 1461 1548 konnte das Damoklesschwert des ministeriellen
600 1543 1464 1604 Verbotes herabfallen. Nur die unteren
594 1589 1167 1652 Behörden hielten es noch auf.
690 1622 1459 1685 Daß ein Stück vor der Erstaufführung
604 1677 1456 1728 verboten wird, kam und kommt in Wien oft vor
604 1719 1453 1765 Aber die plötzliche Untersagung der Vor
612 1764 1458 1818 stellungen einer bereits zensurierten und auf¬
610 1809 1458 1859 geführten Dichtung hat man bei uns bis nun
607 1848 1460 1909 nur im Burgtheater erlebt, und auch da
617 1890 841 1962 höchst selten.
692 1979 1463 2063 Wenn wir ein wenig in der Zensur¬
607 2039 1320 2107 geschichte des Burgtheaters blättern
1314 2090 1458 2147 so stoßen
609 2093 1303 2156 ungefähr sieben Jahrzehnte zurück —
606 2139 1444 2183 wir vor allem auf eine derartige „Affäre'
610 2180 1455 2235 die sich im Jahre 1851 unter der Direktior
607 2226 1460 2276 Heinrich Laubes abspielte. Ja, er war nicht
617 2272 1460 2318 nur als Direktor, sondern vor allem als
615 2306 1458 2361 Dichter an diesem peinlichen Vorkommnie
617 2357 1401 2409 beteiligt. Man verbot ein Stück, das
1411 2360 1461 2404 der
615 2400 1367 2458 Burgtheaterdirektor geschrieben hatte!
620 2433 1459 2501 hieß „Rokoko“ Die Hauptperson war ein
611 2493 1457 2545 Abbé, von Dawison dargestellt, damals der
614 2528 1459 2586 Liebling Laubes. Später allerdings kam es
623 2578 1456 2633 nach lange verhaltener Gereiztheit zwischer
610 2617 1459 2673 Direktor und Schauspieler auf der Buhne zu
622 2663 1467 2718 einem handgreiflichen Streit, bei dem Laube
625 2714 1466 2762 der leidende Teil geblieben ist — eine Szene,
620 2754 1459 2803 wie sie sich glücklicherweise später nie mehr
616 2797 1467 2846 an dieser Kunststätte abgespielt hat. Natürlich
613 2835 1460 2897 flog Dawison sofort hinaus . . . Damals, wie
615 2893 1468 2945 gesagt, spielte er in „Rokoko“ jenen Abbé,
739 2920 1462 2988 der Dichter schon vom Anfang
623 2933 733 2979 den
626 2974 1459 3025 dem Fluche der Lächerlichkeit preis
625 3014 1467 3071 gab, indem er ihn auf dem Theater¬
626 3054 1459 3115 zettel den Namen „Abbé von der Sauce
616 3097 1467 3147 nannte. Eben wegen dieses geistlichen Herrn
622 3143 1474 3192 kam plötzlich „von oben“ das Verbot der
617 3174 1465 3236 weiteren Aufführung. Aber es war Bedin¬
618 3220 1403 3289 gung, das Stück musse still verschwinden
630 3271 1470 3324 ohne Aufsehen. Naturlich wurde der Wink
623 3317 1473 3366 befolgt. Aber obgleich man in den Tagen der
633 3359 1465 3408 chwersten Reaktion lebte, hat diese peinlich
621 3402 1468 3456 Sache dem Direktor Laube, der von der Gunst
625 3450 1469 3497 des Publikums und der Presse getragen war,
617 3497 1467 3543 nicht weiter geschadet. Und auch dem Obersten
624 3543 1466 3589 Hoftheaterdirektor nicht, dem Oberstkämmeren
626 3575 1476 3646 Grafen Lanckoronski, der ein viel zu großer
338 3657 890 3741 aterreichische Volke
1494 820 2347 883 Herr war, als daß ihm die Zulassung eines
1502 873 2337 924 unpassenden Stückes hätte ans Leben gehen
1501 914 2332 968 können. Ueberdies galt er als durchaus ver
1495 954 1992 1015 läßlicher, frommer Mann.
1585 996 2321 1046 Laubes unterdrücktes Lustspiel „Rokoko
1501 1038 2334 1092 hat immerhin neun Aufführungen erlebt, bis
1504 1087 2337 1140 ihm der Garaus gemacht wurde. Aber ein paar
1499 1127 2334 1179 Jahre später, 1859, erlebte der Direktor die
1508 1177 2339 1229 Unannehmlichkeit, ein von ihm angenommenes
1506 1217 2340 1269 Stück des sonst so harmlosen Dichters Mosen¬
1495 1262 2340 1307 thal — es hieß „Düwecke“ — schon nach der
1500 1305 2342 1360 ersten Aufführung endgültig verboten zu
1503 1352 2338 1405 sehen! Ein auswärtiger Gesandter — in den
1504 1385 2339 1447 Zeitungen hieß es der „diplomatische Ver¬
1493 1431 2339 1481 treter eines nordischen Staates“ — hatte beim
1495 1478 2343 1529 Ministerium des Aeußern Einsprache erhoben,
1502 1522 2341 1590 selbstverständlich wurde ihr sofort stattgegeben
1907 1579 1939 1624 *
1581 1604 2342 1669 Nun müssen wir aber über mehr als drei
1504 1657 2343 1721 Jahrzehnte fliegen, um wieder auf die plötz¬
1502 1706 2344 1759 iche Absetzung eines Burgtheaterstückes zu
1500 1744 2336 1799 stoßen — bis ins Jahr 1892. Wir meinen das
1502 1789 2341 1844 Verbot des Schauspiels „Die Sklavin“ von
1493 1827 2347 1885 Ludwig Fulda, das unter der Direktion
1495 1881 2354 1936 Burckhard erfolgte. Das Stück hatte bei der
1496 1922 2353 1972 ersten Aufführung einen Achtungserfolg er¬
1503 1964 2342 2026 zielt. Das Publikum fühlte sich ein wenig be¬
1502 2020 2340 2068 fremdet, sah sich aber nicht veranlaßt, gegen
1496 2052 2340 2098 die Dichtung zu demonstrieren, und zollte der
1499 2091 2335 2144 Schauspielern reichen, wohlverdienten Beifall
1502 2144 2341 2192 Da, gleich am Abend darauf, bei der zweiten
1505 2186 2335 2231 Aufführung, kam eine dem Kaiser Franz Jose
1502 2227 2336 2274 besonders nahestehende Erzherzogin in
1504 2268 2344 2321 Theater. Am nächsten Morgen beschied der
1512 2314 2283 2375 Obersthofmeister Prinz zu Hohenlohe
2287 2320 2339 2365 der
1509 2358 2358 2408 Direktor zu sich und verfügte die sofortige
1510 2395 2343 2453 lbsetzung der „Sklavin“. Die kritischen
1510 2442 2337 2501 Feuilletons über das Stück, die die Zeitungen
1496 2492 2341 2546 als Wiegenrede vermeinten, bedeuteten in der
1511 2533 2350 2588 Tat Nekrologe. Denn, als diese Besprechungen
1509 2576 2351 2643 rschienen, war das neugeborne Schauspiel
1504 2617 1801 2678 bereits mausetot.
1579 2654 2334 2721 Was an der plötzlichen Acht= und Bann
1496 2704 2347 2754 erklärung des Fuldaschen Schauspiels Schuld
1498 2751 2342 2801 trug? Man wird es gleich merken, wenn wir
1514 2800 2334 2848 oungefähr den Inhalt des Stückes erzählen
1510 2839 2343 2889 n der Seite eines egoistischen Mannes, er ist
1505 2880 2340 2925 Weinhändler, lebt jahrelang eine gütige
1502 2925 2339 2977 schöne Frau im stillen Unglück; denn der Gatte
1509 2968 2344 3020 enkt nur an seine häusliche Bequemlichkeit;
1501 3009 2343 3060 er merkt gar nicht, daß er seine Frau nach und
1504 3060 2346 3103 nach zu seiner Magd herabgewürdigt hat, oder
1510 3100 2347 3151 wie der Dichter sagt, zu seiner Sklavin. Endlich
1508 3143 2347 3190 wird der Gattin dieses Dasein unerträglich und
1514 3183 2339 3231 ie verläßt das Haus des ihrer unwürdigen
1512 3225 2338 3276 Mannes. In einem der Familie befreundeter
1504 3269 2338 3316 Baumeister findet sie eine liebende Seele
1511 3316 2353 3371 einen aufrichtigen Freund. Mit ihm will sie
1515 3360 2342 3414 ich zu neuer Ehe verbinden. Aber der wein¬
1515 3402 2349 3459 händlerische Gatte gönnt ihr das neue Glück
1504 3441 2352 3498 nicht, er verweigert ihr die Einwilligung zur
1508 3491 2348 3539 Scheidung. Da nun eine gesetzliche Verbindung
1505 3532 2347 3582 der beiden Liebenden unmöglich ist, beschließen
1505 3578 2350 3639 sie, in einem freien Bund miteinander zu leben.
2448 825 3212 879 In den Kreisen des Hofes und des Hoch¬
2371 871 3215 919 adels betrachtete man dieses Schauspiel als
2374 915 3204 964 eine Verteidigungsrede für die „freie Liebe“
2375 956 3219 1004 und so mußte es verschwinden. Die Presse regte
2378 1001 3217 1054 sich über das plötzliche Verbot nicht sonderlich
2373 1042 3216 1087 auf; denn man sagte, Fulda habe diesmal
2381 1084 3217 1143 ünstlerisch versagt, er habe gelangweilt. Die
2378 1123 3219 1188 Hofbühne war allerdings um eine ihrer
2380 1168 3220 1218 glänzendsten schauspielerischen Leistungen ge¬
2372 1212 3224 1265 kommen; denn der Abend hatte einen Triumph
2385 1254 3225 1309 es „alten“ Burgtheaters bedeutet. Der Abend
2381 1299 3214 1350 hatte das Wiedersehen mit einer der inter
2376 1341 3227 1402 essantesten Schauspielerinnen der Hofbühne
2380 1386 3228 1435 gebracht, mit Antonie Janisch (Gräfin Arco¬
2371 1414 3227 1475 Balley), die nach zehnjähriger Abwesenheit an
2386 1474 3221 1521 ie alte Stätte ihres Ruhmes zurückkehrte und
2375 1514 3224 1565 die versklavte Frau spielte. Den Weinhändler
2371 1559 3219 1630 gab Kraftel, den edlen Baumeister natürlich
2376 1601 2589 1662 Sonnenthal
2462 1645 3231 1695 Dr. Burckhard merkte sich die unangenehme
2376 1676 3219 1737 Geschichte, wurde bei aller Freiheit seines
2381 1730 3219 1783 Wesens denn doch ein bißchen vorsichtiger und
2383 1775 3218 1835 erlebte während seiner Direktionszeit keir
2376 1820 2634 1881 Verbot mehr.
2457 1928 3229 1988 Da zog nun 1898 Dr. Paul Schlenther
2372 1984 3226 2041 aus Berlin ins Burgtheater ein. Er wußte sich
2383 2032 3228 2077 mit der Hoftheaterzensur auf den freund¬
2384 2074 3223 2135 schaftlichsten Fuß zu stellen, so daß es nie einen
2382 2113 3219 2170 Anstand gab. Er war nämlich so klug, alle
2382 2151 3223 2205 Stucke, bevor er sie zur Prüfung einreichte,
2374 2202 3230 2254 entsprechend zu redigieren, das heißt, alle nach
2375 2241 3221 2309 irgendeiner Richtung hin bedenklichen Stellen
2381 2284 3234 2338 entweder auszumerzen oder zu mildern. Der
2378 2330 3219 2390 Zensor hatte nichts mehr zu streichen. S#
2382 2370 3234 2418 ekam er auch eines schönen Tages den
2373 2416 3223 2471 Schnitzlerschen Einakter „Der grüne Kakadu“
2374 2457 3227 2511 ohne jedes rote Rufzeichen vom Hofzensor zu¬
2383 2498 3229 2558 ruck. Das Stück war also zugelassen. Es ge¬
2377 2541 3227 2593 langte im März 1899 mit zwei anderen Ein¬
2375 2587 3219 2640 aktern Schnitzlers („Paracelsus“ und „Die
2376 2630 3219 2685 Gefährtin“) zur Erstaufführung und wurd
2371 2672 3223 2728 dann noch siebenmal in verschiedenen Zeit¬
2380 2714 2715 2774 abständen gegeben.
2463 2742 3230 2819 Plötzlich, nach fast drei Monaten, an einem
2373 2798 3221 2857 Maienabend, kam eine Dame vom Hof zu einer
2381 2852 3223 2903 Vorstellung und — um das Stück war's ge¬
2383 2891 3228 2945 chehen! Die hohe Dame war entsetzt, als sie
2378 2934 3219 2987 sah, daß am alten Burgtheater (wie sie sich aus¬
2382 2975 3221 3032 gedrückt haben soll) „die französische Revolution
2377 3025 3224 3077 glorifiziert werde“. Das Stück spielt nämlich
2378 3061 3219 3119 zu Paris in der verrufenen Kellerschenke „zun
2382 3106 3228 3152 grünen Kakadu“, wo wirkliche Verbrecher ver¬
2377 3144 3228 3199 kehren und gleichzeitig Mitglieder des höchsten
2389 3190 3218 3237 ldels, die eine Freude daran finden, als Ver¬
2389 3229 3224 3292 recher sich zu verkleiden und mit den wirk¬
2389 3274 3227 3330 ichen „Kollegen“ Bruderschaft zu trinken.
2382 3318 3223 3364 Einmal kommt es aber tatsächlich zu einem
2375 3357 3222 3412 blutigen Verbrechen. Ein Komödiant erfährt,
2387 3403 3225 3457 daß ihm seine Frau vom Herzog von Cadignan
2373 3442 3131 3503 verführt worden sei und erzählt dies.
3138 3445 3219 3499 In
2378 3489 3220 3555 diesem Augenblick erscheint der Herzog auf der
2378 3528 3105 3587 zum Keller hinabfuhrenden Treppe.
3155 3525 3217 3578 Dei
2375 3571 3219 3627 Komödiant stürzt sich auf ihn und sticht ihm
3245 914 3287 958 V
3250 954 3282 1001 B
3251 1037 3287 1085 V
3247 1074 3290 1128 in
3245 1125 3292 1175 pu
3260 1294 3288 1337 11
3258 1336 3290 1384 de
3255 1377 3287 1422 ki
3256 1417 3288 1475 ei
3255 1548 3291 1622 5
3254 1673 3298 1737 so
3265 1725 3297 1768 n
3254 1763 3288 1812 C
3257 1808 3298 1863 B
3252 1849 3301 1904 je
3257 1985 3303 2035 P
3254 2028 3306 2082 S
3246 2079 3295 2134 #
3258 2206 3299 2257 ni
3260 2251 3304 2296 di
3257 2470 3297 2525 P
3263 2516 3308 2570 m
3260 2551 3294 2605 u
3260 2601 3305 2662 sch
3244 2652 3300 2710 zu
3264 2824 3304 2868 in
3260 2868 3301 2913 au
3265 2903 3311 2962 5
3258 2992 3303 3039 D
3253 3035 3300 3095 spi
3256 3089 3297 3127 m
3257 3123 3300 3178 de
3255 3167 3295 3213 n6
3255 3209 3298 3256 bi
3257 3252 3295 3301 A
3254 3298 3299 3355 di
3255 3343 3299 3390 er
3255 3385 3302 3433 S
3250 3468 3292 3520 W
3254 3512 3310 3581 lich
