3532 4192
345 72 463 155 11
447 -3 544 68 —
570 71 630 141 7
1044 79 1466 175 box 18/2
533 89 860 178 igen
721 457 1285 583 Klose & Seidel
1327 444 1460 584 7
707 558 1290 649 Bureau für Zeitungsausschnitte
655 633 1331 712 Berlin NO. 43, Georgenkirchplatz 21
846 758 1310 899 Voseisehe 20.
623 794 818 876 Zeitung:
618 860 733 936 Ort:
612 909 1317 1033 Datum
487 1156 1647 1282 " Der Streit um Schnitzlers „Neigen“. Allmählich wird's
495 1217 1642 1317 ein dickes AktenstücktErst hat eine Zivilkammer des Land¬
499 1263 1644 1354 gerichts III festgestellt, daß die Aufführung des Kleinen Schau¬
494 1297 1654 1393 spielhauses nicht schlüpfrig sei, sondern „geradezu eine sittliche
489 1341 1637 1437 Tat“ bedeute. Dann hat die Zentralpolizeistelle zur Bekämpfung
496 1377 1646 1475 unzüchtiger Schriften unter Führung des bekannten Fanatikers
500 1412 1639 1513 Professors Brunner Strafantrag beim Staatsanwalt gestellt,
499 1459 1638 1556 da sie die sittliche Tat als „Schande unserer Zeit“ bewerte. End¬
484 1494 1637 1584 lich hat eine Strafkammer die Sünder, Gertrud Eysoldt und
498 1530 1630 1630 Maximilian Sladek, außer Verfolgung gesetzt, die Aufführung
491 1566 1634 1661 ihres Theaters aber „objektiv als Vornahme unzüchtiger Handlun¬
483 1608 1634 1708 gen“ erklärt. Nun will auf Antreiben der Kreise um Professor
490 1641 1632 1749 Brunner der Staatsanwalt wirklich noch einmal eine
473 1675 1624 1784 Klagegegen Direktoren und Darsteller des Kleinen
481 1725 1637 1830 Schauspielhauses wegen Sittlichkeitsvergehens erheben, nachdem
481 1761 1621 1867 der „Reigen“ neun volle Monate gespielt worden ist! Man mag
482 1802 1627 1897 über die Notwendigkeit einer Aufführung der Schnitzlerschen Dia¬
471 1842 1623 1952 loge verschieden denken. Aber die Ueberflüssigkeit der Prozesse
470 1889 1447 1975 um diese res judicata dürfte allen Parteien einleuchten.
603 2279 1171 2405 Klose & Seidel
599 2395 1173 2465 Buresu für Zeitungsausschnitte
547 2449 1227 2529 Berlin NO. 43, Georgenkirchplatz 21
1010 2583 1326 2683 7. Coufig
520 2629 713 2703 Zeitung:
526 2694 629 2772 Ort:
516 2765 1131 2851 Daium #ummumsesR
1271 2774 1329 2845 s4
464 2965 1645 3092 Theaker- und Musiknachrichten.
531 3055 1643 3146 „Reigen“. Die Direktion des Kleinen Schauspielhauses,
468 3100 1626 3185 an dem der Reigen“ seit neun Monaten gegeben wird
468 3142 1626 3226 teilt den Borscher Blättern mit, daß entgegen dem ursprüng
464 3183 1639 3268 lichen Freisprüch, der die Aufführung des Schnitzlerschen Werkes
461 3230 1632 3299 ermöglichte, und trotzdem eine spätere von Herrn Professor
471 3266 1644 3350 Brunner a#sgegangene Anzeige erfolglos geblieben ist, die
468 3303 1638 3396 Staatsa#waltschaft doch noch eine Anklage gegen
459 3344 1469 3425 die Direktion und die Schauspieler erheben wird.
1975 465 2627 584 Klose & Seidel
2024 572 2605 641 Bureau für Zeitungsausschnitte
1965 629 2646 708 Berlin NO. 43, Georgenkirchplatz 21
2184 700 2650 786 Nefneine Taitung
2218 770 2545 854 DIK SDOI
1946 798 2147 876 Zeitung:
1966 876 2073 942 Ort:
1955 935 2146 1009 Datum:
2154 982 2615 1110 20 Cr 10
2036 1139 3177 1247 * Berlin, 19. Sepiember. [Vor einem neuen „Reigen
1905 1184 3191 1299 Prozeß] Mannentsinnt sich noch der Angriffe, Skandale und Prozesse,
1906 1224 3191 1340 deren Gegenstans, die „Reigen“=Aufführungen im Berliner
1910 1266 3187 1376 Kleinen Schaus##ehaus waren. Nachdem Schnitzlers Werk jetzt dort
1906 1312 3191 1426 neun Monate h#ereinander gespielt worden ist, schickt man sich in denselben
1907 1349 3181 1453 Kreisen, die schön damals im Grunde nur die Geschäfte der Direktion be¬
1912 1396 3188 1500 sogrten, an, durch einen neuen Prozeß, dem durch die Länge der Zeit
1908 1442 3178 1550 wohl olwas gesunkenen Interesse an dem Stück frische Nahrung zu geben.
1896 1476 3176 1590 Die Direktion des Kleinen Schauspielhauses schreibt dem „B. B.=C.“ darüber:
2012 1529 3172 1636 „Ein eigenartiger „Sittlichkeitsprozeß“ steht am Landgericht III
1891 1561 3165 1675 bevor. Er wird sich gegen Gertrud Eysoldt, Maximilian Sladek und
1889 1606 3166 1712 eine Anzahl Schauspieler des Kleinen Schauspielhauses
1890 1646 3163 1769 richten. Wie erinnerlich, hat die Zivilkammer des Landgerichts festgestellt,
1884 1689 3164 1807 daß die Aufführung von Schnitzlers „Reigen“ nicht geeignet wäre,
1886 1731 3154 1847 tlichen Anstoß zu erregen. Das Gericht, das selbst die Aufführung
1871 1759 3156 1893 Bgesehen hatte, erklärte, daß die Darstellung alles, was frech, schlüpfrig
1881 1825 3142 1928 oder obszön wirken könnte, vermeide, und bezeichnete die Auffüh
1877 1862 3161 1972 rung gerabezu als eine sittliche Tat. In ganz ähnlicher Weise äußerte
1872 1899 3144 2010 sich der wirklich maßgebende Teil der Kunstkritik. Am Tag, nach dem
1878 1947 3146 2059 dieses Urteil und seine Begründung in den Zeitungen gestanden hatten, loitete
1872 1987 3143 2098 die Zentralpolizeistelle zur Bekämpfung unzüchtiger Schriften, deren Vor¬
1864 2029 3144 2145 sitzender Herr Prof. Brunner ist, ein Strafverfahren ein. Prof. Brunner
1864 2073 3151 2189 stellte dann persönlich Strafantrag bei der Staatsanwaltschaft, worin er von
1860 2116 3141 2230 der durch die Zivilkammer als eine sittliche Tat bezeichneten Aufführung be¬
1859 2155 3134 2271 hauptete, sie wäre „ein Skandal, der für immer ein Zeichen der
1869 2200 3133 2314 Schande unserer Zeit bleiben würde.“ Die Strafsammer des Landgerichts
1860 2243 3129 2357 hat darauf die Angeschuldigten außer Verfolgung gesetzt, weil sie
1853 2292 3134 2401 auf Grund des Urteils der Zivilkammer und der „allerdings lediglich vom
1854 2326 3125 2440 Standpunkt der Kunstkritik aus“ ergangenen Gu#achten die Aufführung als
1854 2373 3134 2487 nicht unzüchtig hätten ansehen können, hat aber dabei erklärt, daß troß der
1857 2408 3129 2546 Urteils der Zivilkammer des Landgerichts die Aufführung des Stückes
1847 2455 2998 2559 sich „objektiv“ als Vornahme unzüchtiger Handlungen darstellte.“
1960 2498 3113 2609 Natürlich war es nicht Sache der Direktion, in einem Streit zwischen
1844 2544 3113 2652 zwei Gerichten, der im Grund einen Streit zwischen Personen, die liteta¬
1844 2589 3111 2697 risches Urteil haben, und solchen, die es nicht besitzen, darstellt, sich auf den
1836 2629 2505 2707 unkünstlerischen Standpunkt zu stellen.
2507 2669 2559 2709 8
2565 2667 3112 2743 Der Beschluß der Strafkammer
1838 2667 3113 2782 konnte auf sie nicht überzeugend wirken, nachdem die Zivilkammer und so
1842 2713 3107 2824 viele erste Autoritäten ihr vollkommen recht gegeben hatten. Weil nun die
1836 2752 3111 2870 Direktion die Aufführungen des „Reigen“ fortgesetzt hat, will jetzt die
1829 2792 3109 2907 Staatsanwaltschaft, unaushörlich getrieben von denselben Kreifen, mit denen
1835 2839 3097 2946 im Einverständnis Herr Professor Brunner seinen Strafantrag gestellt hatte,
1828 2875 3105 2983 doch noch eine Anklage gegen die Direktoren und die Schau¬
1814 2917 3108 3036 spieler erheben, nachdem das Stück neun Monate lang gespielt
1820 2969 3126 3098 worden ist, ohne daß sich die geringsten Unzuträglichkeiten¬¬
1816 3002 2213 3095 daraus ergeben hätten.
