3532 4192
1075 126 1496 213 box 18/3
381 130 896 220 11. Reigen
530 460 1735 584 Theaterstandal in München, Aus München wird un Febrahtet:
417 481 1391 598 Wei der 10. Aufführung von Arthur Schnihlers
1391 561 1640 626 SEI
1674 575 1733 620 im
463 551 1737 655 Münchner Schauspielhause ist es nun doch noch zu#dem schon bei der
466 597 1725 695 ersten Auffühn###ameten großen Skandal gekommen. Währand der
452 629 1719 730 dritten Szene  adem Puhtkums  So etwas dietet man
459 669 1716 771 einer deuischen Frau!“ Nun kam es #### Aneiakersetzungen zwischen
450 706 1719 819 Anhängern und Gegnern der Aufführung, die im Polizeibericht
450 742 1716 847 folgendermaßen geschildert werden. Es wurde geschrien, gejohlt, ge¬
445 784 1722 894 pfiffen. Stinkbomben wurden geworfen, so daß die gesamte Hauptwache
530 903 1799 992 eingreifen und die Vorstellung polizeilich geschlossen werden mußte. Die
518 938 1791 1032 Gefahr einer Panik war nicht ausgeschlossen. Vor der Kasse gab es
521 975 1800 1072 dann noch erregte Auseinandersetzungen mit Besuchern, die ihr Ein¬
518 1013 1800 1107 trittsgeld zurückverlangten, bis schließlich das Theater geräumt werden
515 1052 1786 1145 konnte. Die Polizei hat weitere Aufführungen des Stückes ver¬
516 1091 1798 1187 boten, weil erfahrungsgemäß dem ersten Skandal neue Tumulte folgen
514 1138 1796 1239 und die Polizeimannschaft nicht zahlreich genug sei, die ruhige fluf¬
504 1170 1206 1252 führung des Stückes zu gewährleisten.
1068 1697 1844 1787 Schnitzlers „Reigen“ in Mhphen verboten.
982 1755 1964 1826 □ Mänchen— Febrng# (Drahtmelt#uing unsere
881 1809 1973 1855 Körresronkenten) Art'ur Schwiklers, Reien“ von
883 1852 1974 1904 dessen le#ter Au führung wi: schen beiichtetn. dal sie durch
887 1890 1976 1934 eine arrangierte Temenstratien mit Stink ombei, Geschret
894 1932 1976 1985 und Gejohle gestört und abgebrocksn worden sei, ist jetzt
890 1972 1602 2016 von der Polizei verboten worßen.
984 1991 1970 2069 Es ist also, obgleich es in Zeutschland keine Zensur
886 2043 1979 2100 mehr gibt, nichts leichter, als hintinherum eine Zensur zu
887 2091 1976 2141 handheben, nämlich auf dem Weges wie es die Münchener
891 2133 1966 2176 Polizeidirektion schon wiederholte Male beliebte. Deutsch¬
1899 2169 1975 2223 sich
898 2166 1896 2214 nationale Rüpel. Studenten und Antisemiten, begeben
894 2211 1969 2251 nach diesem einfachen Rerept in eine Vorstellung, machen
1775 2249 1974 2299 sifert stellt
892 2251 1766 2293 den größten Krach, schmeißen Stinkbomben und
900 2283 1971 2344 sich die Polizei ein, aber nicht etwa gegen die Ruhestörer,
899 2328 1974 2376 sondern gegen das Theater, und verbietet auf Grund
888 2373 1972 2419 eines Kautschukparagraphen eine Vorstellung,
895 2408 1976 2456 weil die Polizei nicht mehr die Macht hat, gegen
885 2445 1718 2498 solche Ruhestörer mit Strafen vorzugehen.
1764 2442 1975 2497 Wir selbst
892 2477 1972 2530 haben in unserer kiischen Anmerking zu Schnitzlers Rei¬
883 2522 1970 2569 gen durchaus nicht die Meinung verhe't, das dieses im
885 2551 1972 2606 Buch hübsch lesbare Stücklein auf der Bühne nicht gerade
883 2592 1968 2645 besonders möglich ist, #ber unmöglich bleibt es auf jeden
888 2638 1982 2684 Fall, auf solche Art mit Skandalen, S inkbomben und Ver¬
883 2673 1973 2744 boten in einem zensurfreien Deutschland gegen Künstler
879 2715 1541 2789 und gegen ihre Werke vorzugehen.
1723 2748 1943 2834 Dr. 1 Kr.
1999 2632 2061 2785 1
1987 2779 2035 2828 u1
2306 954 3094 1031 müßte aber im Frieden leben und sich
2242 998 2545 1087 #ttig beistehen)
2277 1137 2874 1232 „Reigen“=Skandal in Mün
2223 1216 3075 1298 München, 9. Februar. (E. D.) Bei der Wie¬
2138 1273 3080 1342 derholung von Schnitzlers „Migen“ im Schaus
2140 1323 3072 1374 spielhaus kam es zu eingty unerhörten
2145 1368 3068 1429 Skandal. Nach dem dliten Bilde rief bei
2138 1407 3078 1468 Verdunklung der Bühne ein Dame im ersten
2146 1455 3067 1509 Rang laut ins Publikum: 7 „Das ist eine
2147 1500 3078 1555 Schweinerei! So was wagt man deut¬
2142 1542 3074 1606 schen Frauen zuzumuten!" Dies war
2147 1586 3077 1641 offenbar das Signal zu enem längst vorbereite¬
2147 1630 3062 1687 ten Skandal. Rufe wie: Saustall! Gemein###t!
2139 1676 3066 1728 Unverschämtheit! Frechheit! durchschwirrien den
2138 1722 3075 1793 Raum; auf mitgebrachten Trillerpfeifen brach ein
2132 1768 2663 1822 ohrenzerreißender Lärm los.
2221 1819 3076 1883 Das gesomte Publikum geriet in eine furcht¬
2140 1857 3076 1919 bare Erregung, die in ein wüstes Toben aus¬
2131 1903 3071 1952 artete, als plötzlich vom ersten Rang Stink¬
2140 1949 3078 2003 bomben auf die Bühne geschleudert
2128 1987 2339 2047 wurden.
2214 2028 3078 2124 Der eiserne Vorhang mußte fallen und das
2148 2086 2675 2153 Publikum verließ das Haus.
2217 2130 3073 2197 Auf Grund der planmäßig inszenierten
2140 2177 3071 2248 Sprengung der „Reigen"=Vorstellung im Schau¬
2141 2231 3067 2296 spielhaus hat Polizeipoäsident Pöhner die
2130 2275 3058 2329 weitere Aufführung des Stückes verboten.
2134 2308 3068 2373 In der Begründung des Verbotes heißt es sehr
2134 2357 2401 2420 charatteristisch:
2397 2361 3062 2419 „Obwohl die ersten neun Auf¬
2141 2406 3073 2454 führungen des „Reigen“ ruhig verliefen, ist er¬
2144 2453 3062 2501 fahrungsgemäß nach der erston Störung mit Si¬
2130 2497 3068 2548 cherheit zu erwarten, daß auch die weiteren Auf¬
2130 2539 3067 2590 führungen tumultuarisch verlaufen werden. Die
2142 2584 3072 2643 Polizeidirektion ist ohne Vernachlässigung wichti¬
2137 2634 3071 2690 ger Aufgaben nicht in der Lage, der Leitung des
2126 2674 3065 2731 Schauspielhauses dauernd ein so großes Polizei¬
2131 2716 3075 2777 aufgebot zur Verfügung zu stellen, um die ruhige
2130 2759 3063 2815 Aufführung des Stückes zu gewährleisten, das
2076 2798 2111 2843 #
2132 2801 3069 2853 jedem gesunden Volksempfinden
2134 2850 3060 2905 Hohn spricht (!) und daher mit Recht in
2070 2885 2116 2935 2
2133 2893 3058 2956 weiten Kreisen der Bevölkerung Anstoßlerregt (1),
2065 2927 2111 2975 r
2138 2934 3064 2993 Um größeres Unheil zu verhüten, mußten des¬
2072 2966 2109 3027 r
2130 2975 3065 3054 halb weitere Aufführungen auf Gund des Arti¬
2066 3018 2116 3065 E¬
2129 3016 2629 3090 kels 182 verboten werden.“
2057 3092 2102 3148 re
2051 3144 3066 3249 ie e
