3392 4416
997 189 1432 286 bos 17/6
283 207 405 299 11
467 215 820 323 Reigen
145 731 426 945 21746
2609 924 2929 1090 Anzeigenpeeise
2627 1074 2853 1136 I amn hoch.
2616 1081 2940 1192 40 „breit K 1.50
2609 1182 2941 1283 „Eingesendet“:
2639 1261 2847 1314 1 mis hoch,
2612 1284 2923 1372 30 „ breit K 6—
2613 1376 2938 1453 Auf Textseite:
2606 1377 2911 1555 115
1627 1470 1751 1556 6
437 1470 1532 1562 ehter
2614 1555 2935 1663 3 m u 1 Pesle
312 1592 2385 1723 Sozialdemokratisches Organ für Stadt und Land.
128 1737 2980 1826 ##waltung: Steyr, Kirchengasse 12. — Telephon 58. — Telegrammer Tagblatt Steyr. — Redaktionsschluß 12 Ahr mlttags
149 1815 2979 1914 bends mit Ausnahme der Sonn= und Feiertage. — Iuseraten=Annahme bis 8 Uhr abends des vorhergehenden Tages
2523 1969 2947 2072 22. Jahrgang,
810 1971 1955 2062 Steur, Mittwoch, den 16. Februar 1921.
1909 2125 3000 2209 Stück „mit ihrem sittlichen Empfinden in scharfen
804 2130 1878 2208 wenn man hinsieht, was sie eigentlich gegen das
148 2156 708 2262 der Muckerwelt.
1917 2205 3001 2269 Gegensätz steht“, sie sind Stimmen der Schüler
808 2203 1881 2258 Stück einzuwenden haben. Erst wenn man die
1914 2249 3005 2310 dieser Moral, die es nicht dulden wollen, daß ihnen
815 2243 1896 2313 Gründe gegen die Aufführung des Stückes geprüft
175 2245 776 2330 ns Die Spießer bis zum
1917 2306 2998 2362 vor aller Welt die Maske vom Gesichte gerissen
810 2303 1884 2356 hat, dann kommt man zu dem richtigen Urteil über
242 2312 778 2381 Aufteaung geraten und
1914 2341 2999 2402 wird. Und in anderer Weise sind es auch jene, die
811 2351 1885 2416 die sittliche Beschaffenheit jener Welt, die ihre
154 2345 785 2417 berg Gegeifer, daß die Moral
1916 2394 3000 2458 mit Wohlbehagen genießen, was der Dichter als
816 2375 1883 2455 Moralbegriffe dem Katholizismus verdankt, einer
147 2407 791 2483 urch din Kot gezogen sei. Ein
1926 2441 2342 2506 Geißel gedacht hat.
815 2448 1882 2505 Welt, deren Sprachrohr die christlichsoziale Presse,
140 2463 784 2513 #k geschrieben, das alle die
2006 2461 2992 2549 Mit welchem sittlichen Ernst spricht doch das
811 2472 1892 2546 voran natürlich die Reichspost“ ist, die sich in der
127 2504 785 2573 Bühne bringt, die man doch
1916 2510 3001 2595 Urteil der Sechsten Zivilkammer des Berliner
817 2541 1894 2601 Betrachtung des Stückes direkt im Drecke wälzt
142 2551 794 2614 man aber nicht spricht, es sei
1917 2574 2998 2640 Landgerichtes III von dem sittlichen Inhalt dieses
823 2593 1893 2650 und dabei fortwährend schreit, man möge sie von
128 2601 791 2670 abenden, die ab und zu not¬
1925 2633 2998 2703 Stückes. Und mann kann nicht sagen, daß Deutfch¬
810 2634 1891 2697 ihm befreien. Sie gibt dabei ein getreues Spiegel¬
155 2644 778 2711 Geist ensruhen zu lassen von
1917 2673 2998 2744 land ein Land ist, das frei vom Philistertum wäre.
811 2686 1895 2742 bild derer, die ihrer Anschauung sind, die im
143 2691 791 2763 die das Leben, die gesellschaft¬
1923 2733 2983 2798 „Die körperliche Vereinigung“, so sagt das Urteil,
822 2712 1889 2792 Grunde genommen dahin geht, schwärende Wunden
189 2744 778 2800 und würdevolle Hausväter¬
1926 2758 3003 2841 „sollte stets lediglich der natürliche Ausfluß der
816 2785 1897 2841 am Körper der Gesellschaft nicht aufzudecken und
160 2779 776 2841 bereiten. Es besteht die Ge¬
1931 2817 2995 2885 innigsten seelischen Gemeinschaft sein. Ein Verfall
819 2833 1889 2890 damit der Heilung zuführen, sondern zu verbergen
143 2836 780 2896 die Kinder das auf der Bühne
1918 2881 3003 2932 dieser Auffassung hat leider in weitesten Schichten
813 2863 1890 2937 und fräße sich der giftige Eiter auch noch so tief
143 2888 784 2941 ler in der Verschwiegenheit der
1930 2924 3000 2981 Platz gegriffen. Diesen Kreisen wird durch diese
826 2916 1893 2983 in das gesunde Fleisch ein. Aber auch der berühmte
139 2934 794 3007 lubräumlichkeiten bei lustigen
1924 2969 2998 3024 Aufführung die ganze Jämmerlichkeit des in ihrer
823 2975 1890 3031 Verbotserlaß des Herrn Glanz zeigt uns dasselbe
140 2987 789 3051 knne selbst genossen hat. Das
1930 3012 3007 3080 Mitte mehr und mehr einreißenden sittlichen Tief¬
820 3026 1890 3082 Bild, nur daß eben seine Worte nicht den Aus¬
149 3026 780 3088 Lumpen die ewigen Gesetze der
2418 3055 3006 3126 Diese Entwürdigung des
1935 3071 2393 3122 standes gezeigt ....
824 3060 1894 3130 drucksmitteln der „Reichspost“ entstammen. (Er ist
146 3083 780 3139 tzen durch solche Aufführungen,
1918 3112 3010 3187 Geschlechtsverkehres (die in dem Stücke vorgeführt
821 3117 1895 3177 in dem Reigen der aufgeregten Muckerwelt im
138 3135 793 3192 nnten, einem die Schamröte
2313 3155 3003 3220 wirkt erschütternd weil sie auf
1918 3157 2186 3223 wird. Red.)
813 3167 1890 3231 Verhältnisse zur Reichspost“ das, was in dem
137 3168 789 3232 von Dingen ins Gesicht zu
1924 3182 3009 3270 richtiger Beobachtung beruht. Die Wirkung der Auf¬
827 3206 1891 3273 Theaterstück der Graf zum Deutschmeister ist). Er
142 3208 790 3285 hr manchmal ausnahmsweise
1933 3248 3014 3313 führung soll nach der erklärten Absicht der An¬
832 3256 1896 3323 sagt: Abgesehen von der künstlerischen Bedeutung
137 3264 796 3338 an aber leugnet, daß man
1923 3299 3011 3361 tragsgegner gipfeln in der Erzielung eines sittlichen
823 3308 1897 3370 des Stückes (also auch er getraut sich nicht, dem
145 3323 796 3379 aupt existieren. Man verbiete
1932 3347 3013 3411 Ekels vor dem Tiefstand der Haltung weitester
830 3360 1893 3419 „Reigen“ künstlerische Bedeutung abzusprechen) be¬
145 3370 793 3442 bewerfe die Schauspielerinnen
1924 3408 3005 3463 Bevölkerungsschichten auf dem Gebiet des Geschlechts¬
832 3390 1899 3459 deutet es eine arge Gefährdung der öffentlichen
181 3409 786 3480 sofern sie nicht zu teuer
1923 3446 3008 3505 lebens ... so bedeutet diese Aufführung eine sitt¬
824 3455 1894 3512 Sittlichkeit. Welch abgrundtiefe Verkehrtheit offen¬
138 3443 789 3527 che dem unglaublichen Landes¬
1927 3487 3011 3555 liche Tat. Aus diesen Gründen hat das Gericht
831 3500 1890 3560 hart sich doch da. Nie kann wahre Kunst, das ist
145 3515 792 3588 ndpunkt klar, der zuließ, daß
1924 3545 2998 3599 die Ueberzeugung gewonnen, daß durch die Auf¬
828 3549 1895 3605 wahre Menschlichkeit, der wahren Sittlichkeit ent¬
134 3555 799 3617 de. Und der Spießer im
1935 3591 3012 3648 führung von Schnitzlers „Reigen“ in sittlicher Be¬
822 3595 1895 3658 gegengesetzt sein. Sie kann nur unsittlich sein im
141 3600 796 3674 den Spießer aus der Re¬
1935 3634 3006 3703 ziehung bei dem geistig und moralisch
821 3631 1892 3699 Lichte einer Moral, die ihre Postulate entnommen
173 3647 799 3721 Gesellenverein, versteht die
1924 3669 3001 3770 gesunden Menschen kein Anstoß erregt wird.“
828 3692 1891 3748 hat der Moraltheologie eines Liguori, der sich der
135 3702 793 3777 der katholischen Jungfrauen¬
2016 3732 3009 3788 So urteilt das deutsche Gericht. Und man
825 3736 1902 3799 Mühe unterzogen hat, die einzelnen Schweinereien
147 3748 787 3814 rklärt alle für Schweine und
1931 3777 3008 3838 vergleiche dazu die Aeußerung der Aftermoral der
824 3786 1894 3851 zu kategorisieren und sie in ihrem Werte oder Un¬
135 3798 786 3858 gen die sich das Stück ansehen,
1934 3830 3008 3894 Spießer über Funder bis Glanz, um den Ekel vor
825 3833 1899 3892 werte abzustufen, die Bußen für sie der Reihe nach
135 3849 782 3902 willigt haben und für es ein¬
1928 3877 2861 3951 solcher Auffassung voll genießen zu können.
834 3881 1898 3944 festzusetzen. Der Mann wurde seinerzeit dafür heilig
183 3897 785 3950 verbietet. Es ist zwar ein
825 3934 1891 3984 gesprochen. Die Zeiten haben sich seitdem geändert,
135 3923 783 4001 er: die Sittlichkeit und die
829 3972 1900 4035 die Entwicklung ist dem Dunkel des Mittelalters
136 3989 794 4054 hr und wenn die Verfassung
828 4027 1906 4087 enteilt, aber noch sind sie da, die Repräsentanten
147 4037 788 4108 bte“ verstößt, dann geht man
829 4071 1906 4131 jener Pfarrhofmoral, die dem von der Ehe unbe¬
141 4080 803 4154 ber sie hinweg. So fegt ein
830 4121 1904 4188 fleckten Diener Gottes gestattet seine Haushälterin
143 4138 798 4194 ng die Latrinengerüche hinweg,
826 4149 1914 4234 zu umarmen, die im aber befiehlt die Kinder nie
147 4168 798 4243 gen. Freilich, wenn sich der
