3444 4320
257 190 763 296 11. Reigen
127 964 621 1055 Gedankenstriche.
138 1043 645 1121 Arthur Schnitzler. Auf¬
125 1108 328 1165 len. Spie
427 1096 647 1168 N
125 1165 235 1216 aur.
114 1198 650 1264 esondere Lockungen bereitet
115 1246 652 1321 er Kinderhilfsaktion unseres
123 1298 642 1354 rinnern, ist Schnitzlers Sze¬
120 1344 651 1401 rigen Sonntag zu kräftigen
119 1397 646 1455 eben worden, der man den
112 1442 642 1506 Alprobe beilegte. Die Kinder
121 1489 650 1567 hatten Pech. Das Haus zeigte
139 1548 649 1608 ganz gewiß nicht die Spesen
128 1597 653 1661 ngegangen, und wenn die
128 1638 642 1707 en, so wird die Direktion der
127 1689 641 1747 genaufführungen ganz gewiß
128 1747 645 1807 wird, einweilen in die eigene
125 1783 649 1854 pie man hört, auch entschlossen
122 1830 650 1900 en, weil sie um halb 11 Uhr
111 1882 645 1947 dem die Nacht der „Opern¬
132 1934 652 1996 balles“ voranging, noch nicht
122 1983 645 2049 ich persönlich zur Wohltät g¬
140 2028 652 2091 es ganz gewiß nicht versäu¬
160 2083 644 2145 freilich ohne dabei just an
151 2124 650 2197 zu denken. Und so viel muß
120 2179 645 2243 das Kinderelend liegt wahr¬
125 2227 644 2297 pfindungskreis dieses Werkes.
139 2279 648 2331 rt, bis diese Arbeit Schnitzlers
118 2321 646 2382 auch, als sie entstand, nicht für
133 2366 651 2427 ja ursprünglich nicht einmal
123 2419 644 2483 chform. Schnitzler hat diese
124 2473 640 2527 kript im Kreise seiner Freunde
131 2514 653 2571 I später auf ihr Zureden ent¬
132 2571 644 2631 tlichkeit zugänglich zu machen.
122 2614 648 2684 er und dabei so literarischer
123 2664 650 2731 heaterdirektoren, dessen Ver¬
126 2712 646 2783 nentbehrliches Quod non ent¬
119 2761 653 2823 ls solche aber eigentlich nicht
132 2812 651 2878 in also nur werden, was tat¬
131 2858 652 2924 setz verstößt. Bestehende Gesetze
145 2910 652 2975 nd nicht darunter. Man weiß
957 192 1358 291 box 17/5
707 961 1790 1019 jetzt, daß Schnitzler lange allen Verlockungen widerstand, seinen
701 1008 1779 1070 „Reigen“ zur Aufführung freizugeben. Reinhardt hat ihn schließ
704 1059 1794 1112 lich umgestimmt. Es stellen sich nun von selbst zwei Fragen:
701 1112 1786 1166 ist eine Aufführung des „Reigen“ die Erfüllung einer Forde¬
710 1164 1788 1217 rung u. zw. einer künstlerischen Forderung, die im Werke selbst
696 1203 1774 1253 gelegen ist, und zweitens muß eine Aufführung des „Reigen
705 1251 1784 1314 so Lusternheit erregend wirken, daß sie vermieden werden soll
710 1308 1796 1371 auch wenn ihre künstlerischen Voraussetzungen und Ergebnisse
705 1350 1795 1418 unbestreitbar sind. Die Antwort darauf wird immer mehr oder
694 1410 1784 1466 weniger eine subjektive sein. Der Reigen ist, wie schon erwähnt
712 1453 1783 1515 bei seiner Entstehung vom Dichter nicht als eine Arbeit für die
692 1501 1789 1565 Bühne gedacht worden. Man kann also nicht behaupten, daß
698 1549 1790 1607 es eine künstlerische Vergewaltigung dieses Werkes ist. Ein
707 1593 1790 1654 Lahmigen oder Totmachen, wenn man es nicht aufführt. Es
705 1639 1795 1698 ist und bleibt ein hochstehendes, für den Dichter und einer
706 1691 1789 1742 Kulturperiode bedeutungsvolles Werk, auch im Buch, das ist aber
701 1736 1783 1791 natürlich kein Grund, es nicht doch aufzuführen, vorausgesetzt
702 1791 1795 1848 deß es eine Bühnenwirkung hat, die über das Erotische hinaus,
700 1837 1797 1892 auch ins Dramatisch=künstlerische geht. Die hat es nun zweifellos,
702 1891 1792 1951 und damit beantwortet sich die zweite Frage dahin, daß der
698 1936 1791 1992 Reigen bei taktvoller, vornehm stilisierter Inszenierung auf der
706 1989 1788 2039 Bühne von Lüsternheitserregung viel weiter entfernt ist, als bei
703 2038 1795 2096 der Lektüre. Das liegt schon in den äußeren Umständen. Man
699 2085 1787 2141 liest das Buch allein, oder gar zu zweien, aber man empfängt
701 2135 1786 2198 die Aufführung in großer Gesellschaft; der ausmalenden Phan¬
698 2175 1789 2235 tasie sind beim Lesen keine Schranken gesetzt, während bei der
704 2226 1798 2288 Aufführung der Spielleiter es in der Hand hat, Grenzen zu
704 2278 1789 2329 ziehen, die Ausmalung kräftig zu unterbrechen und abzutönen.
702 2328 1790 2390 Außerdem bringt die Aufführung die Ironie, die das Ganze
706 2372 1793 2424 durchzieht, die satirische Bagatellisierung der körperlichen Ver¬
707 2419 1799 2475 einigung der Geschlechter weit stärker zum Ausdruck, und jede
702 2474 1797 2523 einzelne Dialogszene wirft ihr ernüchterndes, die Lüsternheit
702 2525 1795 2582 überstrahlendes Schlaglicht auf die folgenden. Während man
719 2572 1790 2637 Schnitzler sonst in seinen ernsten Dramen vielleicht den Vorhalt
709 2618 1791 2681 machen kann, daß er die Tatsache des Geschlechtsaktes als tragi¬
705 2665 1789 2724 sches Motiv überschätzt, ist er hier ein Schüler Maupassants,
705 2720 1799 2784 für den der Akt ein fast lächerliches Nichts ist. Ich glaube also,
708 2770 1788 2821 daß man den Reigen nicht nur aufführen kann, sondern sogar
699 2816 1787 2869 aufführen soll. Natürlich kann er lüsternheitserregend, also im
700 2864 1790 2920 gewei#en Sinne, unsittlich wirken, wenn er von Menschen em¬
716 2907 1798 2991 pfangen wird, die nichts anderes in ihm suchen, die für alles
786 3098 1598 3261 vn Mrgen en Rontag Wie
1851 943 2945 1018 andere in ihm taub und blind sind. Aber man kann die Theater
1847 1014 2939 1078 natürlich nicht ausschließlich mit Rücksicht auf jene Schweine
1856 1060 2931 1124 führen, die immer in Entrüstung geraten, wenn sie zwei Men¬
1855 1117 2942 1170 schen verschiedenen Geschlechtes allein beieinander sehen, weil sie
1853 1164 2935 1226 sich eben dabei nichts anderes vorstellen können, als eine
1859 1205 2059 1269 Schweinerei.
1945 1249 2945 1316 Die oft ausgestellte Behauptung, daß Künstlerisches
1848 1313 2947 1369 nicht unsittlich wirken könne, ist natürlich ein Unsinn, denn
1841 1361 2951 1427 der Künstler kann zweifellos etwas, was der Gesellschaft als
1852 1409 2939 1456 unsittlich gilt, höchst künstlerisch darstellen. Auf den unkünst¬
1846 1459 2947 1533 lerischen Empfänger wirkt aber die künstlerisch dargestellte
1855 1497 2625 1568 Unsittlichkeit doch viel stärker als die Kunst.
1943 1544 2943 1617 Die Aufführung der 10 Dialoge, also der kleinen,
1841 1600 2951 1670 erotischen Szenen, die bei der Dirne und dem Soldaten be¬
1854 1656 2946 1708 ginnen und bei derselben Dirne und dem Grafen enden, war
1855 1701 2940 1759 in den Kammerspielen vom besten und vornehmsten Geiste be¬
1853 1739 2938 1815 seelt. — Dr. Schulbaur hatte den Mut, bei den berüchtig¬
1845 1799 2942 1844 ten Gedankenstrichen ganz einfach mit einen Dunkelheits¬
1853 1846 2949 1911 schleier zu arbeiten, aber die geistigen und seelischen Ablen¬
1850 1893 2948 1955 kungen von den brutalen erotischen Tatsachen waren mit so
1838 1940 2948 2011 betontem Feingesühl herausgearbeitet, daß ich mir bei vor¬
1846 2002 2949 2057 nehmer Empfindenden keine Lüsternheitserregung vorstellen
1856 2040 2937 2108 kann. Für Leute freilich, bei denen alle Wege ins Tierische
1854 2086 2933 2157 führen, könnte man schließlich auch kaum einen Klassiker auf¬
1851 2138 2872 2196 führen, ohne von sittlichen Bedenken geschüttelt zu werden.
1915 2179 2947 2247 Jede einzelne der 10 Rollen, die das Stück enthält, bie¬
1848 2233 2943 2296 tet die größten Schwierigkeiten und nicht alle sind dankbar,
1840 2291 2953 2349 wobei natürlich die Undankbaren die allerschwersten sind. Die
1853 2334 2947 2405 Damen Hochwald, Karlsen, Keller und Olly, die
1854 2381 2947 2446 Herren Iwald, Lackner, Sima, Wengraf und
1848 2437 2949 2500 Ziegler verdienen durchaus uneingeschränktes Lob. Wenn
1845 2482 2947 2535 man aber noch einen besonderen Ehrenpreis zu vergeben
1845 2526 2933 2586 hätte, müßte man bei den Damen zwischen Frau Karlsen,
1851 2578 2935 2637 Frl. Keller und Frau Olly bei den Herren zwischen
1853 2627 2943 2691 Herrn Lackner und Herrn Ziegler wählen. Sehr
1844 2674 2939 2734 hübsch und praktisch erschien auch die Lösung des dekorativen
1855 2725 2937 2793 Problems, für das Herr Paul Friedmann Dank ver¬
1841 2772 2947 2834 dient. Die Wirkung der Aufführung war selbst in dem zu
1851 2822 2946 2891 % leeren Haus eine starke und lünstlerische. Gerade die
1835 2872 2896 2937 Ironien schlugen ein und siegten über die Gedankenstriche.
2660 2898 2960 2999 H. Leosten“
