3484 4384
1052 205 1456 293 box 17/2
347 211 853 311 11. Reigen
581 1272 1574 1336 ihrem Koffer mit sich führen und an den Hoteltischen
578 1317 1559 1371 die Pointen zu erzählen suchen. Und zahlreiche Mäd¬
586 1366 1566 1426 chen und Frauen werden das Buch in ihrem Näh¬
575 1419 1573 1471 korb verstecken und mit den Freundinnen darüber
574 1466 1510 1526 tuscheln. Weil es literarisch bemerkenswert ist?
1512 1465 1574 1519 O
577 1517 1509 1571 nein, sondern weil es inhaltlich höchst interessant
1516 1511 1561 1568 ist
582 1562 1577 1613 Kann ein Dichter sich über einen solchen Erfolg im
578 1609 1572 1672 Ernste freuen? Man möchte gerne annehmen, daß
580 1658 1567 1705 dies nicht der Fall ist. Und aus all dem folgt: ein
585 1705 1568 1758 derartig gewagtes Buch gehört nur in die Hände
581 1757 1569 1814 reifer, urteilsfähiger und ernster Leser. Aber es ge¬
583 1802 1568 1867 hört nicht auf den großen Markt, wo es unbedingt
587 1852 1562 1911 zur Eisenbahn= und Boudoirlektüre herabsinkt. Je
586 1900 1572 1953 der, dem daran liegt, daß ein literarisch wertvolles
576 1946 1567 2004 Buch auch wirklich als solches behandelt wird, dürfte
584 1995 1033 2059 diese Anschauung teilen.
659 2045 1566 2108 Eine Aufführung dieser Dialoge zu veranstalten
580 2097 1569 2144 war gerade kein sehr glücklicher Gedanke, denn ihre
587 2146 1572 2208 Feinheit mußte unbedingt durch eine, wenn auch noch
580 2195 1575 2244 so vortreffliche Darstellung arg vergröbert werden.
581 2238 1563 2289 Und außerdem mußte manches, auf der Bühn
580 2289 1571 2344 schlechterdings Unmögliche wegbleiben oder so be¬
588 2383 1573 2438 übrig blieb. Das letztere war besonders bei dem
589 2429 1579 2481 4. Dialog der Fall, der den Anfang machte. Besser
584 2479 1573 2537 darzustellen waren der 5. und 6. Dialog. Gespielt
581 2529 1577 2580 wurden die drei Stücke (es wurde nur diese kleine
593 2576 1566 2636 Auswahl aus den zehn Stücken des Buches geboten
594 2619 1580 2679 sehr graziös und frisch, zum Teile von Mitgliedern
592 2671 1580 2732 der hiesigen Hofbühne, die aber auf dem Zettel
598 2724 1580 2777 schamhaft nur ihre Vornamen nannten. Es besteht
592 2817 993 2892 Inkognito zu lüften.
657 2865 1579 2922 Das Publikum amüsierte sich und schien befrie¬
600 2904 1577 2966 digt. Irgend welche sittliche Entrüstung war nicht
595 2956 1576 3023 wahrnehmbar, obwohl das Auditorium sich aus den
585 3018 1515 3068 vornehmsten Kreisen Münchens zusammensetzte.
1149 3051 1538 3120 Richard Braungart.
646 3053 920 3131 München.
1594 1220 1970 1276 Klurschteung —
1604 1270 2584 1325 Verwaltungsgebäuden im Mittelpunkte der frem¬
1602 1321 2580 1379 den Niederlassungen begonnen, und zwar teilweise
1597 1372 2585 1420 auf dem Boden, der nach der Erklärung Rußlands
1603 1422 2582 1475 von China abgetreten wurde, und teilweise auf dem
1609 1465 2585 1518 öffentlichen Platze, auf dem die fremden Konsulate
1611 1512 2586 1577 ich befinden. In Niutschwang bereiten die Angehöri¬
1603 1566 2584 1618 gen der fremden Nationalitäten einen Protest gegen
1600 1613 2435 1672 die Verbauung des öffentlichen Platzes vor.
2509 1618 2586 1665 Von
1606 1657 2589 1715 anderer Seite verlautet, England und Japan haben
1597 1710 2588 1764 ein Ultimatum an die chinesische Regierung gerich¬
1607 1756 2591 1818 tet, worin dieser aufgetragen wird, von Rußland
2516 1812 2588 1865 der
1608 1801 2450 1868 die unverzügliche Räumung
1599 1853 2593 1911 Mandschurei zu fordern und von dem etwaigen
1600 1900 2490 1960 Abschlusse eines russisch=chinesischen Vertrages,
1598 1955 2514 2002 treffend die Zivilverwaltung der Mandschurei,
2548 1951 2588 2010 die
1594 1999 2519 2050 beiden genannten Mächte vorher in Kenntnis
2554 2004 2590 2061 zu
1604 2042 2584 2100 setzen. Eine Beantwortung dieser Note wird vor
1606 2099 2588 2158 China binnen fünf Tagen verlangt. Ruß¬
1603 2142 2595 2196 land hat bis jetzt nicht die geringsten
1602 2197 2587 2243 Veranstaltungen getroffen, die Mandschure
1603 2246 2601 2301 zu räumen, sondern vielmehr seine militärischen
1605 2293 2594 2351 Stellungen dortselbst verstärkt und seine Trup¬
1604 2338 2596 2398 pen sogar bis an die koreanische Grenze vorge¬
1630 2390 2594 2447 choben. Nach einer „Standard"=Meldung herrsche
1605 2436 2589 2488 in den russischen Kreisen in Tientsin die Meinung vor
1611 2484 2590 2537 daß der Ausbruch von Feindseligkeiten unvermeid¬
1611 2526 2591 2582 lich sei. — Die Vereinigten Staaten wer¬
1609 2576 2601 2632 den binnen kurzem 15 Schiffe im Golfe von
1603 2622 2588 2683 Petschuli vor Anker liegen haben, darunter fün
1608 2676 1759 2736 Panzer.
1795 2764 2421 2865 Zeitungstimmen.
1677 2863 2600 2922 Der liberale Abg. Dr. Zdenko Schücker rettet
1607 2904 2604 2963 Österreich mit einem Leitartikel in der „Neuen
1618 2960 2602 3024 Freien Presse“. Bemerkenswert sind folgende
1611 3010 2599 3066 Sätze, für die übrigens Herr Dr. Schücker kaum das
1596 3051 2536 3121 literarische Urheberrecht geltend machen könnte:
2621 1217 3351 1300 ronnen. Den dief er nicht, weit er nur
2623 1282 3380 1344 Haus dachte. Eines Tages aber brach
2620 1336 3366 1394 Haus zusammen und begrub ihn unter
2671 1381 3371 1435 Wir wollen in der Zeit, in der wir n
2629 1428 3372 1489 chen Staatssprache ehrlich streben, nicht
2623 1477 3380 1529 Sprache im Staate Österreich austilge
2623 1515 3386 1578 Das erste Argument, so das Wiener Blatz
2622 1576 3374 1625 ins Feld schießt, sei als die Krone seiner
2623 1624 3376 1686 letzt erörtert: Wir, die wir eingehend un
2615 1670 3376 1726 Vorzüge der Albrecht'schen Wohlmeinun
2631 1724 3386 1784 hätten“ den Ausspruch des Abg. Albr
2628 1768 3371 1821 selbst für „unmöglich“ gehalten, wei
2618 1819 3373 1875 Drahtbericht über den Brünner Parteita
2620 1863 3376 1925 gen“ habe. Ja, „Alldeutsches Tagb
2628 1913 3385 1971 schweigt gemeinhin tot, was — man nich
2628 1964 3332 2029 Satz war uns, wie mancher andere,
2622 2015 3375 2070 gedrahtet worden. Sobald wir von ih
2621 2062 3363 2117 hielten wir unseren Beifall nicht zurück
2624 2115 3390 2170 umsoweniger, als wir mit den Verhältn
2622 2160 3374 2216 mischtsprachigen Lande und den Erfah
2630 2204 3358 2258 sätzen der Deutschen in Untersteiermark
2635 2253 3374 2309 chweigt das „Alldeutsche Tagblatt“ die
2628 2298 3379 2358 Haltung dieser unanfechtbaren Deutschn
2638 2347 3077 2408 genügend vertraut sind.
3190 2348 3386 2413 Kaiser W
2638 2394 3369 2457 iederungen finden in der englischen Pr.
2626 2446 3376 2501 des Loubet=Besuches eine alle Deutscher
2634 2492 3371 2542 Ablehnung. „Daily News“ schreibt
2729 2537 3386 2595 „Der deutsche Kaiser sieht sich gezw
2667 2577 3347 2644 klugen, aber unpopulären Politik,
2669 2613 2873 2672 schmeicheln.
2698 2653 3386 2718 Und das Hauptorgan des Auswärt
2619 2702 3377 2774 der „Daily Chronikle“, erdreiste
2622 2752 2991 2812 gender Bemerkung:
2733 2779 3368 2858 „Wir haben Besucher geha
2660 2837 3375 2883 Zeremonie empfangen wurden, aber o
2670 2877 3385 2928 Mitsprechen des Gefühles
2665 2917 3363 2968 Besuch eines einzigen Mannes
2673 2955 3357 2996 ebenso willkommen sein, wie der
2676 2991 3386 3040 Loubet, und sein Abschied könnte dasse
2677 3034 3216 3095 hervorrufen. Dieser Mum ist
2659 3065 2958 3147 Roosevelt“
