3336 4320
274 137 391 210 11.
969 132 1364 222 box 18/1
461 143 577 203 Re
514 149 767 235 igen
375 1023 1206 1178 Klose & Seidel
410 1173 1185 1273 Bureau für Zeitungsausschnitte
414 1253 1189 1347 Berlin NO. 43, Georgenkirchplatz 21
634 1439 1006 1541 Vorwärts
377 1477 583 1570 Zeitunge
664 1538 967 1648 Berlin
397 1594 512 1670 Ort:
383 1700 802 1815 Datum: —1
857 1682 938 1801 1
707 1853 1073 1971 Theater.
345 1948 1474 2013 Schnitzlers „Reigen“ wurde gestern abend trotz des Verbotes
258 2006 1465 2046 im „Kleinen Schauspielhaus“ gespielt. Morauf das
266 2040 1460 2086 Kultusministerium, da die Thoaterzensur doch aufgehoben, den
278 2079 1474 2129 Rechtsanspruch, die Vorstellung zu inhibieren, begründen will, ist
268 2121 1461 2163 unklar. Ganz abgesehen davon daß ein solches Vorgehen gegen
272 2158 1456 2199 einen Autor von Schmitzlers Rang in Anbetracht der unbegrenzten
270 2198 1458 2242 Lizenzen deren sich des allergewöhnlichste Kino und sonstige „Lust¬
280 2238 1464 2283 barkeiten“ heut erftenen, grotesk berjhrt. Frau Eysoldt, die
264 2273 1459 2330 künstlevische Leiterin des „Kleinen Schauspielhauses, hielt eine
272 2312 1453 2357 Ansprache, in welcher sie erklärte, daß sie trotz der ihr vom Land¬
271 2353 1454 2407 gericht angedrohten sechswöchentlichen Haft die Szenen spielen
268 2393 1458 2440 lassen werde. Sie fühle sich künstlerisch in ihrem Recht; das
276 2430 1459 2476 Publikum möge selbst entscheiden. Die Worte wurden mit stür¬
270 2472 1055 2528 misch=demonstrativem Voifall ausgenommen.
340 2503 1463 2554 Von jener feinen und nuancenreichen Ironie, mit welcher
272 2541 1460 2597 Schnitzler erotische Verhältnisse früher in seinem geistreich die
273 2586 1463 2639 Poeteneitelkeit verspottenden Einakter „Literatur,, und in einzelnen
272 2623 1459 2668 seiner Anatolestückchen behandelt, blitzen in der Bilderfolge des
265 2665 1464 2713 Zyklus „Reigen“ nur hier und da verstreute Spuren auf.
269 2694 1458 2744 Die individuellen Variationen treten hinter der in jedem
264 2742 1459 2785 Bilde wiederkehrenden geschlechtlichen Pointe weit zurück.
265 2778 1459 2822 Die Menschen reduzieren sich auf bloße Männlein und Weiblein,
269 2818 1459 2863 die allesamt nur ein einziges Ziel zu kennen scheinen und überall
269 2861 1454 2908 erreichen. Die drei ersten Szenen heißen auf dem Theaterzettel:
271 2899 1462 2954 Die Dirne und der Soldat, der Soldat und das Stubenmädel, das
277 2936 1459 2985 Stubenmädchen und der junge Herr; in dieser Weise geht es all
273 2971 1460 3015 die zehn Bilder durch. Von einer inneren Gliederung einer im
273 3008 1457 3051 Laufe des Abends abwechselnden Beleuchtung des erotischen Pro¬
273 3044 1457 3094 blems ist nicht die Rede. So bleibt der Eindruck einer vom Dichter
273 3090 1452 3138 selbst gewollten Monotonie. Die sehr floite und in den Grenzen
273 3128 1460 3171 des hierbei noch Möglichen dezente Darstellung (Herr Goetz und
260 3165 1456 3220 Poldi Müller standen da in erster Reihe) löste starken Bei¬
267 3205 439 3273 fall aus.
1960 693 2797 847 Klose & Seidel
2001 836 2769 913 Bureau für Zeitungsausschnitte
1992 906 2777 990 Berlin NO. 43, Georgenkirchplatz 21
2220 1015 2695 1135 (aue Berliner
2196 1120 2664 1233 dr Uhl. mittags,
1968 1139 2160 1217 Leitung:
1969 1235 2098 1321 Ort:
2331 1276 2735 1386 2 4 DEL. 1920
1964 1340 2165 1428 Datum:
2276 1475 2532 1575 „Reigen.“
2177 1554 2644 1626 Kleines Schauspielhaus.
1998 1623 2847 1687 Vor dem Aufgehn des Vorhangs berichtete
1984 1670 2849 1737 Fräu Gertrud Eysoldt, daß die Staatsanwalt¬
1985 1719 2848 1769 schaft zwei Stunden vor der Premiere
1975 1761 2846 1810 den „Reigen“ verboten habe und daß dennoch
1974 1799 2853 1855 gespielt werde. Pfui, Herr Staatsanwalt! Wir
1979 1842 2852 1903 stehen bereits nach Wedekind und knapp vor Sil¬
1981 1879 2857 1941 vester 1921! — Hoch, Frau Eysoldt! Sie haben
1975 1936 2854 1985 Mut und Entschlossenheit bewiesen für die Kunst.
2037 1969 2854 2031 Nachdem dieses gesagt ist, darf auch folgendes
1981 2013 2859 2068 erzählt werden: daß der „Reigen“ von Arthur
1980 2059 2866 2108 Schnitzler selbst nicht für die Bühne und nicht
1978 2100 2852 2154 für das Lesepublikum bestimmt war, sondern für
1989 2146 2863 2196 einen intimen Freudeskreis. Daß das Manu¬
1989 2186 2863 2246 skript lange Zeit in der Lade des Autors lag, weil
1984 2221 2851 2281 er Bedenken hatte. Und daß er schließlich ge¬
1983 2259 2862 2326 zwungen war, es doch zu veröffentlichen. Es
1983 2311 2853 2367 ist Pflicht des Referenten, Schnitzler einerseits vor
1981 2351 2853 2418 dem Staatsanwalt, andererseits vor dem „Reigen“
1986 2402 2382 2460 in Schutz zu nehmen.
2046 2424 2867 2496 In jeder der zehn Szenen wird feuilletonistisch¬
1990 2475 2863 2537 witzig nachgewiesen, daß die Brunst des Männ¬
1993 2536 2866 2581 chens nach der Vereinigung erloschen ist.
1995 2563 2865 2623 (Von den Tieren weiß man das schon längst.)
1984 2605 2876 2661 Robert Forster=Larrinaga mußte deshalb
1983 2656 2867 2705 eine „verbindende Musik“ schreiben, die in jeder
1991 2688 2873 2749 Szene dort einsetzt, wo der Vorhang über einer
1998 2729 2865 2793 zensurwidrigen Intimität sittig sich senkt. Um be¬
1999 2778 2869 2835 sänstigend anzudeuten, daß hinter dem Vorhang
1991 2828 2867 2878 die Peripetie sich vollzieht,lt ein verborgenes
1998 2862 2867 2923 Orchester sozusagen eine Crotica. Die Musik
1996 2908 2872 2964 wirkt gut und ist notwendig. Das spricht gegen
1993 2954 2237 3006 den „Reigen“
2052 2978 2875 3043 Else Bäck gab die „Dirne". Wahr und jede
1994 3034 2877 3088 Nuance mathematisch feststellend. Eine gut
2800 3074 2884 3131 zu
1999 3079 2801 3128 durchkomponierte Dirne, mit stillen, etwas
2002 3122 2873 3180 stillen Theatereffekten. Kurt Götz als „junger
2000 3173 2876 3216 Herr“, Viktor Schwanneke als Ehemann,
1995 3203 2870 3261 Poldi Müller als „süßes Mädel“ waren „guter
2001 3251 2868 3307 Durchschnitt". Forster=Larrinaga karrikiert
2003 3290 2874 3349 zu sehr den „Grafen“ Blanche=Dergau gibt
1994 3320 2871 3393 eine fast hysterische „Schauspielerin“ und es soll
2012 3378 2882 3429 nur eine „Schauspielerin“ schlechthin sein. Karl¬
2001 3419 2877 3486 Etlinger aber war „der Dichter“. Himmel¬
2732 3455 2884 3511 Frauen¬
2359 3459 2663 3516 instinktiv=gescheit,
2011 3458 2339 3518 blau=verschmockt,
2016 3501 2880 3558 verführer ohne persönliches Verdienst Tänzelnd
1999 3539 2883 3589 über Ernst und Lächerlichkeit, Herrchen jeder
2002 3582 2890 3657 Situation, unmündig und mutterwitzig. Eine
2268 3626 2890 3686 Sichterlein. — Hubert Reusch
2294 3671 2441 3724 #nall
