3496 4320
2109 114 2504 174 zu erringen, den
1943 156 2607 234 was man auch dem Dichter oder d
2658 159 2808 233 Theaten
1843 194 2415 282 gewisser Seite vorwersen mag.
1884 312 2362 407 C. W. Drescher
2387 310 2856 412 — 70 Jahre alt.
2152 388 2662 468 ####t phorsgrophischen Aufzahme 1.
2226 442 2393 511 keumann
2466 439 2542 512 in
2392 454 2483 510 hat
2237 497 2535 559 jährigen popnta
2801 501 2918 561 nüter
2777 544 2913 605 mete
2346 579 2911 656 . Musikdirektor Drescher, den
2564 636 2914 696 seiner Gattin und
2464 680 2815 738 rektor Drescher ist
2211 723 2268 789 ile
2317 723 2907 804 ster Musikkunst hervorgegangen.
872 2800 954 2869 1
1804 3724 2813 3789 Artur Schnitzlers „Reigen“ auf der Büh
794 3775 3441 3822 Die Dirne und der Soldat (Elisadeth Markus F### Kammauf).2. Der Soidat und das Stebenmädchen (Fronz Kammauf= Rella Hechwalb). — 3. Dar Stubenmädch
745 3803 1170 3854 Hochwald — Hans Wengraf).
1258 3813 3431 3846 Dei junge Herr und die junge Frau (Hars Wengraf Trauie Carisen). 5. Die junge Frau and dei ###mahlTeaute Tarlsea — Leopold Iwald).
735 3822 1379 3891 Mädel (Leopold Iwals Hedwig Keller).
1439 3840 3429 3889 Das #ü#e Mädei aus dei Dichter Jebwig Keller Hans Ziegler). 8. Der Dichter und die Schauspleierin (Hans Ziegier Margarethe
1452 3866 3217 3919 und der Graf (Murgarethe Olly Haus Lackner). 19. Der Graf und die Pirat (Hans Laikner Elisabelh Markus).
1454 3905 3215 3973 Nach dei Aufführung in den Wiener Kammerspielen für die „Wiener Bilder“ äusgenommen vom Atelier Joka, Wien.
