3484 4352
307 163 821 265 11. Reigen
164 926 1073 985 ein andrer anders empfindet oder spricht als sie
174 958 1080 1030 e ihn daran hindern und ihn zwingen möchten,
173 1002 1077 1067 Denk= und Redeweise der Philister arzupassen
170 1038 1084 1112 freuzritter witterten Morgenluft. Ein Adressen¬
181 1083 1087 1139 wurde inszeniert. Unterschrieben waren die Be¬
170 1116 1081 1188 sigen der Aergernisnahme an der Komödie und
173 1153 1085 1224 ufführung von willfährigen Hämmeln reaktlo¬
715 1195 1084 1251 — das ergab sich bei
172 1208 699 1260 Schutz= und Trutzbünde, die
620 1240 1083 1294 weder das Stück gelesen
523 1252 617 1298 —
171 1249 512 1306 ugenvernehmung
171 1273 1093 1342 se Aufführung gesehen hatten. Unwilltürlich er¬
189 1311 1086 1379 man sich beim Lesen dieses verdienstlichen Buches
181 1349 1088 1420 zolfgang Heine des Biedermannes, der ein Pär¬
214 1389 1091 1454 Stadtpark in einer Sommernacht belauscht und
171 1426 1086 1497 hiert und in seiner Anzeige angibt: „Als ich mich
171 1468 1091 1529 kt hatte, fiel mir ein, daß ich vergessen hatte, das
184 1502 1087 1574 ch erforderliche öffentliche Aergernis zu nehmen
172 1546 1085 1603 ing zurück, traf die Genannten bei der gleicher
186 1584 1094 1654 ftigung, nahm das öffentliche Aergernis und er¬
206 1619 1089 1692 danach Anzeige.“ Kommt noch der Aristophanes
828 1662 1094 1713 hier findet er.
181 1672 739 1724 frer Zeit den Spiegel liefert
172 1700 1093 1756 dialogisiert, nur die künstlerische Concentration
184 1737 1089 1813 eischend, die große Sittenkomödie der Deutscher
198 1774 1091 1856 Jahrhunderts. Ja, es ist gut, daß dieser Prozef
185 1817 1098 1883 t wurde. Und gut, wie er geführt worden ist.
192 1857 1052 1924 äre es auch nur um dieses Dokumentes willen
186 1893 1099 1963 viereinhalbhundert Seiten voll sind von Humor,
245 1932 1094 1997 Satire, angesüllt mit Gestalten und Er
177 1973 1101 2035 ngen, die die Phantasie eines Daumier zu be¬
172 2011 1083 2093 vermöchten. „Der Viberpelz“, „Kater Lampe
193 2039 1101 2113 „Der Kampf um den Reigen“, das sind nun die
204 2086 1104 2151 stärksten deutschen Sitten= und politischen
178 2147 275 2191 dien.
183 2157 1105 2228 keinem irrte das Gericht. Schnitzler schrieb den
171 2206 1104 2264 n“ vor 23 Jahren nicht, um abzuschrecken und zu
261 2244 1106 2308 Ein Kunstwerk hat keine Tendenz, auch keine
189 2283 1105 2341 sche. Es ist ein Lebensreigen. So gesehen
248 2318 1100 2378 andrer Künstler einen Totentanz macht
200 2361 1115 2428 offenbar aus dem tiefen Bewußtsein, daß die
188 2396 1106 2456 ben, die sich ein Leben lang um die Abgrenzung
195 2442 1108 2497 besonderen Ichs mühen, plötzlich gleich und gleick
192 2478 1109 2534 sind im Tode und im Geschlechtstrieb. Eine gar
198 2515 1119 2571 fröhliche Wissenschaft spricht aus diesen Szenen.
188 2560 1115 2612 Elegiker Schnitzler ist bei seinem Namensvetter
176 2592 1110 2649 enhauer in die Schule gegangen, der erkannte, daß
188 2632 1112 2696 Begierde des Geschlechts einen von jeder ander:
194 2668 1110 2737 erschiedenen Charakter trage: sie ist nicht nur die
188 2711 1119 2777 e, sondern sogar spezifisch von mächtigerer Art als
365 2744 1118 2800 Das Opfer des Individuums an die Gat¬
197 2762 365 2810 idern“.
613 2789 1116 2839 auch dies erkannte Schopen¬
190 2794 607 2856 äßt den Opfernden —
958 2825 1124 2876 in eigen¬
208 2829 879 2891 in seinen tiefen Zusammenhängen
197 2862 1116 2921 r (auch scelischer) Erschöpfung zurück. Ja, der
190 2911 1115 2965 er Schopenhauer verzeichnet hier, daß das ehern
186 2939 1126 3009 gesetz gewissen Arten von Lebewesen den Tod
1011 159 1422 246 box 18/3
1108 905 2128 956 ganz nahe hinter die höchste Bejahung des Willens zum
2027 938 2130 987 Im
1111 939 2029 1000 Dasein, dicht hinter die Triebentladung gelegt hat.
1117 971 2125 1038 weiten Band seines Hauptwerkes steht zu lesen: „Den
1116 1014 2127 1078 illem entspricht die wichtige Rolle, welche das Geschlechts¬
1111 1050 2135 1111 verhältnis in der Menschenwelt spielt, als wo es eigent¬
1109 1093 2130 1150 lich der unsichtbare Mittelpunkt alles Tuns und Trei¬
1121 1135 2132 1188 ens ist und trotz allen ihm übergeworfenen Schleiern
1121 1169 2129 1230 iberall hervorguckt. Es ist die Ursache des Krieges und
1110 1206 2140 1272 der Zweck des Friedens, die Grundlage des Ernstes
1114 1253 2133 1309 und . .. der allezeit bereite Stoff zum Scherz, eben nur
1120 1283 2133 1340 weil ihm der tiefste Ernst zugrunde liegt. Das aber
1120 1324 2129 1383 st das Pikante und der Spaß der Welt, daß die Haupt¬
1117 1359 2139 1427 angelegenheit aller Menschen heimlich betrieben und
1119 1404 2132 1456 ostensibel möglichst ignoriert wird. In der Tat aber
1116 1438 2133 1499 sieht man dieselbe jeden Augenblick sich als den eigent¬
1116 1473 2141 1537 lichen und erblichen Herrn der Welt aus eigener Macht¬
1126 1515 2133 1576 ollkommenheit auf den angestammten Thron setzen und
1116 1555 2132 1612 von dort herab mit höhnenden Blicken der Anstalter
1125 1594 2132 1651 achen, die man getroffen hat, sie zu bändigen ... wo¬
1128 1633 2140 1689 nöglich ganz verdeckt zu halten oder doch so zu be¬
1117 1672 2140 1727 meistern, daß sie nur als eine ganz untergeordnete
1123 1709 2130 1776 Nebenangelegenheit des Lebens zum Vorschein komme.
1192 1758 2139 1816 Diese Abhängigkeit fühlt schmerzlich der Denker, der
1127 1804 2146 1851 die „Freiheit“ schließlich weit in das Metaphysische ver¬
1119 1839 2147 1891 setzen muß. Aber er findet auch den tiesen Humor dieser
1132 1874 2143 1929 bhängigkeit geprägt in dem Spruch über der Tür eines
1122 1909 2133 1968 Lupanars in Pompeji: „Hier wohnt die Glückseligkeit.
1130 1949 2149 2006 Diese Inschrift war „für den Hineingehenden. naiv, für
1137 1988 2147 2051 en Herauskommenden ironisch, und an sich selbst
1124 2036 1350 2091 humoristisch“
1198 2050 2142 2126 Auch über Schnitzlers „Reigen“ steht im tieferen
2068 2102 2146 2151 Nu#
1129 2103 2056 2161 Sinn jene Inschrift: „Hic habitat felicitas.
1137 2140 2141 2196 daß der Humor bei der Betrachtung der Hinein= uni
1129 2185 2144 2238 Hinausgehenden durch einen durchaus melancholischen
1134 2221 2154 2276 Grundzug bezeichnet ist. Der Reichtum der Gestalten,
1133 2264 2153 2314 der Rhythmus, in dem sie sich anziehen und abstoßen,
1140 2299 2151 2353 die seltene Grazie des Dialogs, die Sehnsucht aller nach
1131 2330 2149 2397 dem tieferen Erlebnis, das tragische Versinken aus dem
1138 2376 2152 2431 roten Rausch in graue Baualität, und wie leiser Humor
1624 2413 2152 2465 — all das macht den Reigen
1137 2423 1621 2476 sich über die Elegie breitet
1133 2455 1945 2517 zu einer in ihrer Art vollendeten Dichtung.
1207 2500 2150 2559 Die Abhängigkeit vom Triebhaften, in der Dirn
1136 2537 2150 2597 völlig naiv und unbewußt, läßt die Aermste und Letzte
1142 2579 2155 2646 als die Wahrhaftigste sich enthüllen. Ein allen gemein¬
1146 2610 2156 2670 ames Reigenband macht auch die Triebverkleidung aus
2029 2652 2156 2704 Schon
1139 2654 2019 2712 Jeder balancirt da seine Lebenslüge vor sich her.
1141 2689 2155 2748 der junge Herr braucht Masken seines Gefühls. Diese
1160 2730 2162 2785 eelische Verkleidung wechselt höchst ergötzlich, so sehr sie
1147 2774 2155 2824 sich gleich bleibt bei der jungen Frau, bei dem Ehemann
1154 2804 2158 2875 ei dem süßen Mädel, dem Dichter, der Schauspielerin
1142 2844 2162 2904 dem Grafen. Und immer bleibt obenauf jene allen
1155 2879 2164 2949 Werken Schnitzlers eigene Schwermut, die selbst im
1140 2919 2172 2982 lustigen Abschiedssouper vernehmbar ist. Nein, es gibt
2162 882 3177 938 da nichts zu schauen für Voyeurs. Wer sich auf die
2150 932 3172 978 Reklame der sittlich entrüsteten Aergernisteilnehmer ver¬
2158 961 3176 1018 läßt, kommt ebensowenig auf seine Kosten, wie der kürz¬
2158 1015 3178 1058 lich im „Simplizissimus“ von Gulbransson genial ge¬
2162 1040 3179 1099 zeichnete Spießer, der, gierig die Großstadtluft schnap¬
2156 1078 3182 1136 pend, einen Schutzmann befragt: „Hamm Se hier nich
2166 1120 3188 1171 ißchen was Lasterhaftes, aber nich zu stark, daß es meine
2170 1165 3183 1221 Frau voch sehn kann.“ Die leere Bühne in „Fräulein
2167 1195 3187 1252 Julie“ von Strindberg, die Szene, in der Hebbels
3006 1236 3180 1289 — um
2166 1241 3001 1295 Judith dem Holofernes anheimfällt, sind
2160 1268 3186 1327 nur zwei klassische Beispiele anzuführen — sehr viel
2163 1313 3181 1372 drastischer, als einer der Reigen=Dialoge. Wollte einer
2165 1351 3183 1410 einwenden. in der Tragödie sei von wegen des Straf¬
2164 1386 3182 1457 vollzuges der Gerechtigkeit erlaubt, was sonst verboten
2161 1428 3188 1485 sei, so ist darauf zu erwidern, daß die leise Tragik
2166 1469 3181 1524 dieser Szenen uns menschlich um so viel näher liegt.
2237 1507 3187 1558 Nicht zu leugnen ist: auch in der durchaus decenten
2167 1545 3187 1599 Aufführung im Residenztheater vergröbert sich unver¬
2162 1584 3188 1638 meidlich manches, was, in der Dichtung von empfind¬
2176 1620 3201 1674 ichster Feinheit, schon durch die Verkörperung auf der
2172 1657 3196 1712 Bühne irgendwie dem Realismus ausgesetzt ist. Die
2172 1693 3188 1749 Gefahr für die Dichtung, die Gefahr der beflissenen
2163 1732 3136 1788 Verharmlosung ist nicht gering. Was ein Reigen
2165 1780 3196 1828 kann nur zu leicht eine Anekdotenreihe werden im
2172 1811 3193 1865 Rampenlicht. Ich kann mir in der Art eines Toten¬
2166 1846 3192 1906 tanzes den Reigen ringsum von der Dirne bis zur
2168 1883 3195 1941 Dirne rhythmisch stärker betont, szenisch enger, fugenlos
2171 1923 3197 1978 aneinander geschlossen denken. Das ist aber nur mög¬
2181 1961 3202 2011 ich bei unbedingter Stilisierung. Die Musik, die die
2169 2006 3192 2058 Sittlichkeitsnachtwächter in Berln so erschröcklich un¬
2179 2047 3198 2099 eusch befanden, vermag diesen rhythmischen Zusammen¬
2181 2074 3195 2133 ang, diese spielerische Einheit nicht zu schaffen. Auf
2171 2102 3197 2171 mich wirkte sie eintönig in all ihrer aktenmäßig beschei¬
2171 2161 2635 2214 nigten Wohlanständigkeit.
2242 2170 3202 2244 Dagegen wurden die einzelnen Szenen für sich gut,
2180 2226 3202 2282 zum Teil hervorragend gespielt. Schauspielerisch das
2180 2271 3197 2319 Feinste und zugleich Stärkste gab Gustav Heppner
2185 2305 3206 2355 n der Szene mit der Schauspielerin, die in Jutta
2186 2338 3198 2396 Versen eine gleichwertige Vertreterin fand. In den
2188 2379 3201 2437 Szenen dieser beiden Künstler herrschte die Satire und
2183 2426 3206 2472 ein teils sehr feiner, teils entzückend travestierender
2182 2464 3209 2506 Humor. Dennoch blieb die leise Melancholie fühlbgr.
2178 2491 3204 2548 Man hatte wenn auch lächelndes Mitleid mit diesem
2187 2538 3210 2593 früh vergreisenden Grafen, sah, wie auch hinter der
2184 2568 3215 2622 großen Pose der Schausvielerin die Angst vor dem
2191 2616 3217 2660 Altern lauerte. — Maria Holmbetont den angeborenen
2190 2643 3210 2700 Charakter, das Naive der Dirne sehr glücklich. Das
2195 2686 3206 2736 Wienerische treffen Hugo Claus (Soldat) und das
2200 2729 3215 2774 üße Mädel. Poldi Müller (die seit ihrer Dresdner
2187 2757 3218 2818 Zeit viel freier in ihren Mitteln geworden ist), in
2183 2803 3217 2854 allem Typischen sehr gut. Poldi Müller ist die an¬
2197 2840 3222 2883 nutigste unter den Frauen. Die „junge Frau“ (Sybil
2195 2884 3205 2927 Smolowa) hingegen überschminkt, viel zu dick unter
2205 2905 3222 2966 trichen und schon kokottenhaft in der Wirkung. Auch
2268 2983 3296 3062 stört ihr Zungen=R. Der Ehemann (Walter Tautz)
2265 3025 3284 3094 kein Schnitzler=Spieler, allzu berlinisch. Während der
2276 3064 3278 3134 Reigen sich nur auf unanfechtbar wienerischem Boder
2279 3105 3280 3172 bewegen darf. — Frau Elvira Bach spielte das Stuben.
2274 3140 3266 3210 mädchen, für das sie sich schon in der Berliner Urau
2275 3174 3283 3248 führung eingesetzt hat, schlicht und mit echter Emp
2447 3210 3278 3276 für die Alltagstragik dieses Geschöpfet
2276 3242 2425 3290 findung
2283 3249 3303 3328 Kurt Mikulski den Dichter nicht ohne Humor, aber
2286 3288 3303 3360 zu sehr als Conférencier und im Cabaretstil. „Der
2281 3337 3308 3400 junge Herr“ Heino Thiele, war bei allerlei Selbst¬
2286 3386 2774 3440 sicherheit hinreichend naiv.
2363 3399 3310 3475 Ferner wird noch bescheinigt: Die Aufführung is
2283 3444 3301 3510 in vielem reizvoll und durchweg decent. Die Theater¬
2283 3472 3320 3544 besucher bekundeten das Verständnis reifer Menschen
2286 3513 3318 3590 für den seinen Humor des „Reigens“ und die tiefere
2292 3550 3318 3625 Bedeutung des Kunstwerks. Und ein Kunstwerk bleibt
2287 3596 3313 3666 der „Reigen“. Natürlich keinesfalls für diejenigen,
2297 3645 2881 3711 denen das goethische Wort gilt:
2377 3659 3278 3742 Man darf das nicht vor keuschen Ohren nennen,
2372 3709 3218 3789 Was keusche Herzen nicht entbehren können.
2785 3733 3300 3814 Julius Ferdinand Wollf.“
