3336 4416
305 199 433 284 11
1020 187 1428 275 box 17/6
510 194 823 300 Reigen
419 567 631 625 Schibeden,
407 587 1014 677 gierung hat das Agrement erteilt, 7.
492 588 1353 765 dan Lerden der Reiher Auchtkrugen.
503 731 1419 824 K.=B. Wien, 11. Februar. In der amtlichen Mit¬
421 797 1425 874 teilung über das Verbot der weiteren Aufführung des
418 845 1421 936 „Reigen“ wird gesagt: Kundgebungen unserer Bevölke¬
415 888 1424 969 rung und zahlreiche Artikel der Presse verschiedener Rich¬
424 953 1429 1023 tung ließen erkennen, daß diese Vorführung mit dem
430 1002 1431 1079 sittlichen Empfinden weiter Kreise der Wiener Bevölke¬
431 1055 1440 1122 rung in scharfem Gegensatz steht. Die Bundesregierung
426 1088 1434 1178 glaubt sich bei dem Verbot mit der öffentlichen Meinung
454 1154 1438 1229 — abgesehen von einem kleinen, für das Wiener Volks¬
429 1183 1446 1278 empfinden wohl nicht maßgebenden Zuhörerkreise — in
433 1245 1138 1317 voller Übereinstimmung zu befinden.
531 1276 1452 1369 S Wien, 11. Februar. In der Sitzung der
437 1342 1441 1423 amt sführenden Stadträte kam auch das Auf¬
439 1384 1436 1472 führungsverbot von Schnitzlers „Reigen“ zur Sprache
440 1442 1447 1513 Während der Beratung erschien Polizeipräsident Scho¬
436 1483 1456 1569 ber im Rathause und der Bürgermeister erklärte
437 1531 1457 1615 ihm und den Stadträten, in seiner Eigenschaft als
445 1576 1460 1664 Landeshauptmann stehe er auf dem Standpunkt, daß
1383 1630 1459 1688 von
447 1632 1366 1710 es sein ausschließliches Recht sei, die Aufführung
1390 1678 1464 1739 daß
443 1689 1362 1772 Theaterstücken zu gestatten oder zu verbieten und
450 1726 1465 1809 er sich dieses Recht von keiner Seite schmälern lassen
447 1780 1457 1863 wolle. Den Erlaß des Ministeriums für Inneres, mit
452 1828 1470 1909 dem die Weiteraufführung verboten wird, habe er dahin
458 1887 1458 1959 beantwortet, daß der Erlaß den einschlägigen gesetzlichen
447 1918 1474 2001 Bestimmungen nicht entspreche und daher von ihm nicht
458 1977 1166 2078 zur Kenntnis genommen werden könne.
557 2008 1476 2105 S. Wien, 11. Februar. Direktor Bernau von
461 2076 1479 2154 den Kammerspielen, erklärte nachmittags, ihm sei bisher
463 2121 1476 2202 ein Verbot der Aufführung des „Reigen“ nicht zu¬
464 2165 1470 2261 gegangen und er glaube, daß ein solches auch nicht ein¬
465 2212 1476 2303 treffen könne. Die Wiener Bühnen unterstehen der
469 2265 1487 2351 Landesregierung und diese habe die Vorstellung des
468 2326 1485 2407 „Reigen“, gestattet. Landeshauptmann Reumann
465 2374 1375 2452 habe öffentlich erklärt, daß er das Stück freigebe.
1972 911 2018 974 V
1989 1191 2031 1257 4
2089 653 2567 738 vorbehaltlich einer Erhöhung.
2129 726 2463 826 Zu Nr. 12.
2293 918 2913 1031 Reigen im Parlament.
2114 992 3081 1076 Der Kampf um den „Reigen“ hap ehstern im
2065 1067 3073 1121 Parlament ungeahnte Kräfte ausgelost, Adie man
2056 1111 3070 1168 hem Wiederaufbau Österreichs zunutze Zu machen
2048 1158 3064 1218 Ficht verabsäumen sollte. Land Wien und sein so¬
2040 1209 3068 1265 Zialdemoktatischer Landeshauptmann=Birgermeister
2054 1259 3071 1327 hat die stimm= und faustfestestens National¬
2063 1301 3067 1368 räte gegen die Zentralregierung mobilisiert, die
2025 1356 3064 1434 Won Verfassungsbruch schrien und mit den Fäusten
2055 1412 3060 1462 auf den Ministertisch schlugen, weil ein Bundes¬
2059 1460 3063 1518 ministerium von seinem Aufsichtsrecht über die
2056 1510 3059 1562 Besugnisse des Landes Gebrauch gemacht hat. Der
2056 1560 3060 1625 Verfassungsgerichtshof wird den Streit schlichten
2057 1605 3058 1658 müssen, vor dem alle Nahrungs= und Budgetsorgen
2059 1656 3055 1723 in den Hintergrund treten. Es entspricht voll¬
2058 1705 3058 1764 kommen der Inkonsequenz der sozialdemokratischen
2060 1754 3059 1813 Politik, daß die eifrigsten Zentralisten von gestern,
2052 1804 3066 1859 als die Zentralregierung von einer roten Mehrheit
2055 1848 3068 1904 beherrscht war, die eifrigsten Autonomisten von
2056 1901 3055 1968 heute sind und das sozialdemokratisch regierte Land
2063 1955 3057 2005 Wien sich den ehemals als staatsfeindlich ver¬
2055 2007 3029 2063 schrienen Ruf „Los von Wien“ zueigen macht.
2145 2052 3073 2111 Und der Gegenstand des Streites? Schnitzlers
2048 2111 3060 2165 „Reigen“ ist sicherlich ein literarisches Produkt von
2055 2154 3063 2209 achtenswertem Rang; ebenso sicher ist, daß dafür
2053 2199 3056 2262 die Verbreitung in Buchform vollauf genügt und
2054 2243 3061 2311 daß seinem literarischen und ästhelischen Wert durch
2056 2296 3059 2353 die Aufführung vor einem hohe Preise zahlenden
2049 2346 3071 2404 Publikum eher Abbruch geschieht und die Absichten
2049 2396 3061 2462 des Verfassers mißbraucht werden. Mit Recht
2050 2440 3058 2498 wurde in der gestrigen Debatte gefragt, ob sich denn
2050 2493 3061 2557 die Arbeiterfrauen so zu den Aufführungen des
2063 2544 3057 2595 „Reigen“ drängen, daß die sozialdemokratische
2060 2593 3058 2648 Partei bemüßigt wäre, für das Aufführungsrecht
2050 2640 3057 2703 zu kämpfen, oder, ob nicht nur das Prasser= und
2053 2696 3064 2752 Schieberpublikum in den heiklen Szenen eine An¬
2050 2747 3058 2807 regung sucht, die der Verfasser kaum beabsichtigt
2055 2789 3064 2840 hat, mit der höchstens geschäftstüchtige Theater¬
2053 2839 3063 2904 leiter auf ihre Rechnung zu kommen trachten. Aber
2056 2887 3056 2946 sachliche Erwägungen sind der sozialdemokratischen
2063 2937 3068 2992 Partei nie maßgebend, wenn es sich um Partei¬
2049 2983 3071 3054 politik handelt. Um nur an ein Beispiel zu er¬
2049 3039 3066 3100 innern: Auch der Boykott gegen Ungarn wurde
2048 3088 3070 3150 geführt, obwohl er magere Wochen über Österreich
2054 3139 3062 3193 brachte und Millionenschaden verursachte. So be¬
2050 3187 3063 3250 mächtigt sich der rote Terror auch des „Reigen“
2059 3234 3065 3290 und spottet damit seiner selbst. Die Schieber und
2049 3290 3066 3351 Dämchen von der Rotenturmstraße werden sich
2050 3331 2615 3386 vergnügt die Hände reiben.
2461 3409 2638 3467 Oag
