3392 4256
316 113 426 200 11
512 118 580 179 R
506 130 827 214 igen
1212 2292 1277 2349 1)
1020 116 1426 203 box 18/1
1290 684 1539 738 Eintrucng."
1305 694 2311 772 nehmen und wie die Familienchronik zu künden weiß:
2154 765 2353 836 E. L. S.
1407 764 1579 860 ar
1363 844 2412 907 * (Der „Reigen“=Konflikt.) Der Reigenkonflikt ist mit
1299 893 2404 949 der Aufhebung derenstweiligen Verfügung gegen die Direk¬
1305 933 2407 994 tion Eysoldt=Sladek wahrscheinlich noch nicht erledigt.
1296 970 2400 1034 Denn wie aus einer Erörterung des Falls in der Pressekon¬
1301 1010 2396 1061 ferenz hervorging, übernimmt das Kultusministerium in der
1301 1050 2392 1097 Person des Ministers Haenisch die staatsrechtliche Ver¬
1295 1094 2397 1137 antwortung für den „Reigen“=Feldzug. Obwohl Herr Hae¬
1296 1129 2396 1182 nisch gegen jede Zensur ist, hat er die Larsei der Kräfte im
1299 1155 2402 1225 Ministerium ergriffen, die versucht ha# den Vertrag mit
1297 1207 2404 1257 Frau Eysoldt in die für die Zwecke der Hochschule geeigneten
1297 1247 2400 1302 Bahnen zu lenken. Sie hat nämlich das Kleine Schauspiel¬
1298 1283 2392 1343 haus zu einem sehr billigt# Preis gemietet, und hatte sich,
1305 1328 2394 1385 vie man weiß, dafüchberpflichtet, das Repertoire in einer
1300 1362 2396 1415 Art lebendiger G#schaft mit der Hochschule zu ge¬
1300 1400 1410 1446 stalten
1483 1408 2395 1457 imInteresse der Hörer, denen der
1299 1439 2278 1495 Zutritt ermäßigte Gebühr zustehen sollte.
2284 1447 2396 1494 Der
1289 1485 2400 1536 „Reige wird vom Kultusministerium nur als das
1297 1519 2395 1576 letzte Glied in einer Kette von Aversionen betrachtet,
1301 1562 2401 1606 als das Tröpfchen, das das Faß zum Ueberlaufen
1303 1599 2397 1643 brachte. Und hinzukommen noch mancherlei „schreckliche“
1305 1638 2403 1695 Dinge, die der Referent im Kultusministerium in einer
1309 1677 2394 1724 Sitzung der Volksbühnen=Vereinigung gehirt hatte, als die
1290 1716 2391 1773 Rede auch auf „Reigen“ kam. Da wurde mitgeteilt, daß
1301 1754 2395 1802 Mitgliedern von Kaußlers Volksbühne verweigert worden
1301 1795 2407 1843 wäre, im Kleinen Schauspielhaus in dem verpönten Stück
1293 1839 2385 1881 mitwirken zu dürfen: man wußte von einer bemerkans¬
1290 1879 2402 1917 werten Aeußerung Alexander Moissis zu erzählen, die je##er
1296 1913 2407 1969 Darstellerin des „Reigen“ angeblich Verachtung ausdrückte,
1300 1956 2388 1995 und man kalportierte als Gegenstück einen angeblichen Aus¬
1303 1990 2400 2040 spruch Sladeks, er habe ein so schlechtes Sommergeschäft
1305 2032 2191 2075 gemacht, daß er setzt ein „starkes Stück“ brauche
2197 2034 2393 2082 — Uebri¬
1293 2065 2399 2121 gens hat man mit Rücksicht auf die Empfindlichkeit der
1289 2181 2384 2252 Hochschule dieses „starke Stück“ sehr abgeschwächt, und z. B.
1301 2225 2389 2291 gewisse Szenen, deren Schauplatz ein Bett ist, außerhalb
1301 2263 2394 2329 dieses Möbelstückes verlegt, auch an die Stelle der immerhin
1296 2296 2384 2366 für manche Empfindungen kränkenden Nachthemden volle
1297 2334 2385 2412 Bekleidung gesetzt usw. Die Inszenierung soll, nebenbei
1290 2372 2385 2448 bewerkt, nach dem angefangenen Regiebuch Max Rein¬
1291 2410 2383 2492 hardts erfolgt sein, der wohl noch irgendwie in losen
1291 2450 2262 2512 Beziehungen zu dem Kleinen Schauspielhaus steht.
1358 2495 2376 2569 * (Die Schule des Journalismus.) Die Londoner Jour¬
1289 2522 2382 2602 nalistenschule hat nach achtmonatigem Bestehen zu Weihnach¬
1291 2572 2385 2647 en ihr erstes Gründungsfest gefeiert. Dabei wurde eine Rede
1286 2613 2383 2684 Northcliffes verlesen, in der er ausführt, daß Jour¬
1280 2658 2376 2725 nalismus nicht erlernt werden könne, daß aber das Lehr¬
1279 2694 2384 2763 personal dieses Londoner Instituts glücklich genug zusammen¬
1284 2737 2370 2797 gesetzt sei, um immerhin Gewähr für die wertvolle Unter¬
1280 2774 2370 2834 weisung seiner Schüler in den technischen Fragen ihres Be¬
1272 2808 2371 2874 rufs zu gewährleisten. Er selbst, Northeliffe, habe seine frühere
1271 2844 2376 2921 Meinung lange aufgegeben, daß ein Verleger ein selbstgefälli¬
1272 2893 2375 2955 ger und blutdürstiger Unmensch sein müsse, dessen größter
1275 2927 2372 3005 Genuß im Zurückschicken abgelagerter Manuskripte bestehe:
1273 2966 2366 3038 mehr als je seien vielmehr die Verleger auf der Suche nach
1282 3003 2380 3078 ugendfrischen Talenten, und glücklich, solche zu finden. Die
1269 3044 2379 3115 Schule solle Abhilfe gegen drei besondere Mißstände schaffen,
1265 3081 2376 3151 die fast allen Einsendungen eigen sei: Stilmangel, Länge
1274 3117 2376 3194 und mangelndes Verständnis für die Richtung des jeweiligen
1275 3156 2362 3230 Blattes. Der Leiter der Schule ist Max Pemberton,
1274 3196 2369 3270 der erfolgreiche Autor zahlreicher phantastischer Romane; er¬
1267 3233 2364 3309 stellte fest, daß die Schule über fünfhundert Schüler, darunter
1265 3280 2364 3346 zweihundert weibliche, habe. Neben vielen jungen
1260 3318 2360 3386 Lernbeflissenen des Zeitungswesens seien fünf Abgeordnete
1267 3352 2369 3425 seine Schüler. Diese allerdings vorwiegend mit dem Hinter¬
1270 3397 2359 3459 gedanken, hinterher den maßgebenden Zeitungen Bosheiten
1264 3433 2361 3500 in geeigneter Form ins Gesicht schleudern zu können. Der
1267 3467 2359 3537 hoffnungsloseste Fall sei ein Gelehrter gewesen, der ihm
1268 3516 2375 3594 ils Prüfungsarbeit einen Aufsatz über „Die Diät der Wür¬
1268 3549 1653 3615 ner“ vorgelegt habe.
1617 3588 1713 3645 —
1276 3593 1320 3641 —
