3392 4352
301 124 414 196 11
993 120 1412 203 box 17/3
483 136 805 227 igen
685 947 1458 1046 Dr. Max Goldschmidt
787 1054 1370 1134 „  Bureau für
818 1128 1300 1203 Zeitungsausschnitte
579 1206 1544 1259 verbunden mit direktem Nachrichtendienst durch
813 1245 1294 1311 eigene Korrespondenten.
1114 1298 1482 1372 Telephon: III, 3051.
626 1301 952 1379 Berlin N. 24.
559 1361 1543 1410 —
863 1420 1264 1492 Ausschnitt aus
974 1679 1381 1759 Berüne Zeituing
1175 1924 1447 1995 —8.11.03
655 2116 1458 2192 Arthur Schnitzlers „Reigen“ sollte, Wie
596 2161 1450 2231 üngst berichtet murdein Wien von Hermann
607 2214 1453 2262 Bahr vorgelesen werden, doch würde die Vor¬
610 2249 1454 2296 lesung. von der Polizei verboten. Bahr hat
602 2289 1440 2333 gegen das Verbot bei der Statthalterei re¬
604 2327 1452 2387 kurriert, und außerdem in der Angelegenheit
611 2372 1457 2420 auch beim Ministerpräsidenten Dr. v. Körber
607 2403 1456 2446 vorgesprochen. Bahr wies, wie die Zeit be¬
602 2444 1452 2487 richtet, darauf hin, daß der „Reigen“ in Mün¬
608 2480 1446 2536 chen dramatisch aufgeführt worden sei, wäh¬
599 2515 1453 2563 rend in Wien nur eine Vorlesung geplant ge¬
603 2549 1453 2608 wesen sei. Das Buch sei bereits in 10000
600 2593 1448 2643 Exemplaren verbreitet, so daß man kaum an¬
610 2630 1458 2676 nehmen könne, es ginge jemand in die Vor¬
606 2668 1450 2721 lesung, der über das, was seiner dort harre,
601 2705 1205 2759 noch nicht unterrichtet wäre.
1209 2709 1444 2766 Endlich legte
607 2746 1453 2801 Bahr dem Ministerpräsidenten auch dar, duß
601 2787 1455 2842 die Behörde erotischen Werken nichtliterarischen
614 2820 1440 2876 Tharakters viel wohlwollender gegenüherstehe,
596 2856 1438 2909 als solchen literarischen Chärakters. Darauf
602 2904 1449 2960 erwiderte der Ministerpräsident, daß allerdings
603 2941 1454 2994 in letzter Zeit die literarische Pro¬
595 2979 1446 3032 duktion vielleicht manchmal in eroti¬
597 3015 1450 3073 schen Dingen weiter gegangen sei,
593 3056 1443 3107 als es die Behörde dulden könne. Was Mün¬
606 3094 1444 3141 chen betreffe, müsse man dagegen bedenken,
603 3131 1445 3189 daß manches literarische Werk wieder in
595 3169 1448 3232 München freigegeben werde, das draußen im
614 3207 1452 3272 lrich verboten sei Eine Bemerkung Bah
596 3242 1446 3302 daß die Regierung vielleicht Skandale der
602 3286 1439 3343 Antisemiten für den Fall der Vorlesung des
617 3323 1441 3382 Reigens“ fürchte, überging der Minister mit
589 3371 1452 3423 Stillschweigen. Zum Schluß erklärte er: „Bei
599 3399 1447 3455 aller meiner Sympathie für das literarische
579 3431 1472 3508 WIYKm SEimit Larß KAHn Ich
579 3478 1484 3571 nen nur sehr garinge Hoßf-
566 3535 1310 3614 nung mn machan, dass Ihr
566 3578 1495 3669 Rekürs von dirgandwelcher Vir
565 3647 1048 3727 kün sein wirdn
2142 918 2909 1020 Dr. Max Goldschmidt
2243 1011 2822 1096 . Bureau für
2275 1087 2758 1166 Zeitungsausschnitte
2047 1164 3012 1214 verbunden mit direktem Nachrichtendienst durch
2288 1208 2757 1269 eigens Korrespondenten.
2589 1255 2939 1327 Telephon: III, 3051.
2099 1263 2414 1334 Berlin N. 24.
2113 1326 2837 1381 —
2327 1372 2717 1456 Ausschnitt aus
2280 1621 2903 1734 Hamburger Fremdenblatt
2617 1821 2928 1937 8· N0N 100
2635 1984 2936 2050 7
2121 2035 2986 2113 Arthur Scmic#ers==Reigen“ sollte, wie
2041 2096 2990 2145 jüngst berichtek wurde, in Wien von Hermann
2042 2132 2985 2178 Bahr vorgelesen werden, doch wurde die Verlesung
2043 2166 2975 2223 von der Polizei verboten. Bahr hat gegen das
2043 2207 2978 2259 Verbot bei der Statthalterei rekurriert und außerdem
2041 2242 2988 2304 in der Angelegenheit auch beim Ministerpräsidenten
2048 2283 2981 2335 Dr. v. Körber vorgesprochen. Bahr wies, wie die
2065 2323 2990 2365 Zeit" berichtet, darauf hin, daß der „Reigen“ in
2050 2346 2981 2416 München dramatisch aufgeführt worden sei, während
2043 2402 2981 2444 in Wien nur eine Vorlesung geplant gewesen sei.
2044 2440 2975 2494 Das Buch sei bereits in 10000 Exemplaren verbreiter,
2045 2480 2979 2530 so daß man kaum annehmen könne, es ginge jemand
2040 2519 2971 2568 in die Vorlesung, der über das, was seiner dort
2038 2557 2982 2611 harre, noch nicht unterrichtet wäre. Endlich legte
2032 2595 2986 2643 Bahr dem Ministerpräsidenten auch dar, daß die Be¬
2034 2636 2977 2687 hörde erotischen Werken nichtliterarischen Charakters
2038 2676 2976 2720 viel wohlwollender gegenüberstehe als solchen literarischen!
2042 2713 2983 2771 Charakters. Darauf ewiderte der Ministerpräsident,
2046 2753 2976 2791 daß allerdings in letzter Zeit die literarische
2038 2786 2985 2845 Produktion vielleicht manchmal in erotischen
2040 2829 2978 2878 Dingen weiter gegangen sei, als es die Be¬
2030 2869 2974 2911 hörde dulden könne. Was München betreffe, müsse
2034 2913 2982 2963 man dagegen bedenken, daß manches literarische Werk
2028 2947 2960 2996 wieder bei uns freigegeben werde, das draußen im
2032 2983 2962 3032 Reiche verboten sei. Eine Bemerkung Bahrs, daß die
2022 3024 2963 3075 Regierung vielleicht Skandale der Antisemiten für
2034 3061 2966 3108 den Fall der Vorlesung des „Reigens“ fürchte, über¬
2027 3103 2964 3152 ging der Minister mit Stillschweigen. Zum Schluß
2028 3149 2971 3199 erklärte er: „Bei aller meiner Sympathie für das
2021 3176 2959 3229 literarische Wrlen Schnitzlers kann ich Ihnen nur
2027 3216 2960 3287 sehrgeringe Hoffnungen machen, das Ihr Rekurs
2026 3261 2628 3323 voll # welcher Wirlung sein w
