3392 4352
289 88 798 195 11. Reigen
996 89 1405 179 box 17/3
1952 26 2962 144 Werke haben kamne wie immer gearteie
1944 100 2961 197 politische oder sittliche Zollschranke zu passiren, wenn
1963 153 2963 231 sie in die Oeffentlichkeit treten, und wenn schon in
1965 202 2958 285 der Vergangenheit ab und zu eine behördliche Inter¬
1935 250 2948 348 vention erfolgte, geschah dies immer nachträglich,
1949 306 2960 394 wenn bereits an der Hand verflossener Aufführungen
1961 348 2954 439 die Nothwendigkeit behördlicher Verfügungen sich
1956 405 2947 486 zeigte. Unsere Behörde ist sowohl im Hinblick auf
1953 446 2956 523 die politische Tendenz der aufgeführten Stücke als
1951 501 2954 588 auf deren sittlichen oder besser gesagt, unsittlichen
1967 539 2956 635 Gehalt von weitestgehendem Liberalismus. Unseres
1949 583 2945 693 Erinnerns sind Theaterstücke wegen ihrer politischen
1945 631 2938 730 Tendenz in den allerseltensten Fällen beanstandet wor¬
1945 689 2936 781 den, und auch in sittlicher Beziehung mußten schwer¬
1949 740 2940 834 wiegende Bedenken aufgetaucht sein, wenn schon die
1947 781 2941 888 Behörpe zu einem Einschreiten sich veranlaßt sah. Dieser
1940 829 2930 928 Fall lag nun vor, als die Polizei heute die Auf¬
1950 885 2953 981 führung eines Stückes in einem sich literarisch nen¬
1937 937 2934 1016 nenden, in Wahrheit jedoch ziemlich obskuren Theater
1936 982 2928 1082 der Vorstadt verbot. In der Dembiußkygasse existirk
1939 1029 2937 1124 seit dem vorigen Jahre eine kleine Bühne, die sich den
1940 1079 2929 1177 Namen „Uj Szinpad“ beigelegt hatte. Sie war früher
1928 1122 2924 1229 die Hausbühne der Arbeiterschaft und befindet sich in
1928 1180 2935 1269 dem sogenannten „Sozialistenhaus“ an der Ecke der
1930 1226 2921 1323 Dembiußkygasse und der Arenastraße. Die erste Direk¬
1919 1270 2926 1373 tion ging schon kurz nach der Eröffnung mangels an
1921 1325 2923 1420 Zuspruch zugrunde und in dieser Saison wurde das
1930 1378 2920 1467 Theater von dem ehemaligen Provinzdirektor Albert
1920 1426 2916 1515 Kövessy übernommen, unter dem früheren Titel, der
1920 1470 2912 1555 schon nach einigen Tagen in „Kövessy-Szinhäz“
1918 1532 2924 1620 umgeändert wurde. Ende der vorigen Woche gelangte
1924 1577 2909 1678 dort Arthur Schnitzler's „Reigen“ zur Auffüh¬
1921 1622 2919 1716 rung, und Jeder, der diese Novellenflucht des her¬
1910 1678 2916 1760 vorragenden. Dichters kannte, war befremdet über die
1910 1718 2904 1813 Unverfrorenheit, mit der man sich an die Aufführung
1905 1768 2901 1862 dieses Werkes machte, das das sexuelle Grundmotiv durch
1909 1813 2912 1898 eine Kette von Vertretern verschiedener Gesellschafts¬
1904 1862 2904 1966 klassen führt und zu einer Kreislinie schließt. Schnitz¬
1903 1918 2897 2007 ler's „Reigen“ ist ein Buch, das dem literarischen
1912 1964 2910 2075 Gourmet manche Feinheit des Sinnenlebens ver¬
1909 2009 2904 2109 schiedener Gesellschaftstypen vermittelt, aber für die
1904 2067 2890 2153 Neugierigen und Sensationslüsternen doch nur eine
1903 2111 2900 2202 Schrift, von der man sich die angenehmen Schauer
1903 2174 2896 2262 verspricht, die die feinere Pornographie zu erzeugen
1905 2208 2893 2308 als ihren Zweck bekennt. Nur durch den eleganten
1898 2256 2891 2345 und vornehmen Vortrag Schnitzler's konnte dieses
1912 2322 2890 2394 Werk ein literarisches Air bewahren, und die Distre¬
1911 2378 2897 2461 ion des Dichters ging so weit, als das bei dem ver¬
1904 2422 2893 2503 änglichen Thema blos möglich war. An eine Ver¬
1907 2471 2897 2533 innlichung dieser feinen Erotik auf dem Theater konnte
1899 2533 2893 2593 der Dichter gar nicht denken und vürfte sich auch über die
1897 2576 2887 2649 Maßen wundern, wenn er erfährt daß seine Geschichten,
1891 2623 2885 2686 die er in das Dunkel der Nac in das diskrete Licht
1894 2673 2887 2746 der Alkoven, der Schlafzimmer und der chambres
1891 2723 2872 2793 particulieres hinein gedichtet, nun durch ein, Lite
1898 2774 2876 2834 ratur heuchelndes, in Wahrheit aber von geschäftlichen
1897 2817 2888 2887 Absichten geleitetes Unternehmen in das rücksichts¬
1888 2865 2890 2935 lose Licht der Theaterrampe gezerrt wurde. Die
1897 2916 2880 2986 Bühne, die zur rohen That schreiten mußte, wo der
1887 2957 2889 3036 Dichter in seinem Buche es blos bei leisen Andeu¬
1887 3008 2881 3084 tungen bewenden ließ, entkleidete denn auch das
1886 3064 2877 3115 Werk seines literarischen Charakters und machte aus
1889 3106 2884 3173 dem „Reigen“ eine Flucht von gemeinen Tableaux,
1882 3153 2877 3238 die das Unstatthafte bis an die äußerste Grenze
1879 3200 2882 3284 übertrieb. Das Stück wurde unter dem Titel „Körbe¬
1884 3252 2880 3330 Körbe“ seit ungefähr einer Woche als die einzige
1896 3305 2874 3368 Piece im Ensuite=Repertoires des Kövessy=Theater
1887 3357 2875 3428 gespielt, mußte jedoch heute in Folge Einschreitens
1894 3405 2876 3481 er Polizei abgesetzt werden. Es ist nicht nach un¬
1894 3456 2871 3522 erem Sinne, wenn die Polizei sich allzu intensiv
1889 3502 2872 3562 für Literatur und Publizistik interessirt, aber in die¬
1889 3558 2879 3618 em Falle, da ein bischen skurrile Literatur zu roher
1876 3600 2895 3657 Schaustellung entwürdigt wurde, kann man nicht
1882 3656 2887 3720 anders, als das Vorgehen der Behörde billigen, die
1875 3688 2884 3765 dem kleinen Winkeltheater einen drastischen Finger¬
1882 3748 2891 3840 zeig gab, wo es seine angeblichen literarischen Ziel
1877 3792 2221 3865 nicht zu suchen hat.
