3532 4224
312 122 453 200 11.
500 140 823 232 —igen
1012 126 1427 222 box 18/3
856 1215 1949 1313 Schnitzler hätte seinem „Reigen“ vielleicht cinen Ewig.
782 1268 1941 1344 eitszug auf den Weg geben können, wenn er die Idee der
784 1307 1952 1392 togrehiven Infektion, an die ei ursprünglich gewitt gedacht
784 1349 1945 1427 at, in die Szenenfolge verwoben hätle. Dann ware dans Werk
791 1387 1941 1468 n Totentanz geworden, ein Menetekel, webei sich ders sittliche
771 1425 1946 1505 Bedanke, der jetzt unter den ironisch sattriichen Lichtelrn nicht
763 1478 1943 1547 deutich genug und nicht für alle fühlbar wird, volle H.lung
764 1535 1045 1600 derschafft hätte.
859 1537 1950 1627 Schnitzler hat den „Reigen“ 1900 als Buch erstheinen
777 1591 1938 1667 lassen. Es war damars Jahressensation und hat ohne Veh chal¬
772 1627 1940 1704 den des Dichters bei unreifer Jugend oft de Rolle Galkonos
772 1667 1948 1750 gespielt. An eine Aufführung dachie damals weder der Dechter
772 1711 1943 1781 noch der gerissenste Theaterdirektor. Inzwischen ist! die
774 1750 1938 1827 Zen ur weitherziger gewueden. Wenn man nun auch nchirge¬
770 1789 1928 1868 rade behaupten wird, daß die Bühnenwiedergabe des „Reigens
782 1816 1946 1905 ein sittliches Bedürfnis befried ge, so wird man aber auch
782 1863 1938 1945 nicht sagen können, daß reise Menschen — und nur solche kom¬
777 1910 1947 1978 men als Besucher in Betracht — an ihrer Moral Schaden
781 1948 1940 2020 leiden werden: Man verhülle sein Amtlitz nicht heuchlerisch vor
774 1986 1940 2057 natürlichen Gegeberheiten. Schnitzler bringt in keinem Satz
784 2020 1947 2096 Lüsternheit, Perversitäten, er zolet nicht, er konstatiert ein¬
773 2057 1947 2144 soch lächelnd Menichlichkeiten. Wie turmhoch siehl der „Regen“
786 2110 1566 2196 über Lavedans Szenenreihe „Das Beit“
878 2137 1958 2215 Die Juszenierung Dr. Veers hob die Szenen durch ge¬
787 2199 1959 2254 schmackvolle Ablönung auf ein Kulturn vrau, das jeder Porno¬
789 2220 1956 2293 kratie den Boden entzeeht. Nur in der Mille durch eine län¬
786 2258 1956 2336 gere Pauie unzerbrochen, rollen die zehn Dialege flüssig ab.
783 2300 1963 2375 Ein äußerst witziger Einfall der Eselleitung ist es, in die an
787 2343 1955 2410 Stelle der beruchtigten Gedankenstriche eingesetzten Verdunke¬
788 2384 1961 2450 lungen des Schaupsatzes die Arie: „Hab' ich nur keine Liebe,
782 2413 1963 2487 die Treue brauch' ich nicht“, in allen möglichen Instrumental¬
790 2455 1962 2531 nüancen spielen und einmal durch Herrn Dr. Riedinger
782 2506 1969 2579 auch singen zu lassen. Dadurch wurde ### löstliche Ironisie¬
794 2536 1967 2608 rung des ganzen erzielt. Die zchn Gestalten sanden in ihrer
796 2566 1966 2647 Mehrzahl eine vorzügliche Verkörperung, Fräukein oblé gab
799 2619 1960 2687 der Dirue scharsen Realismus Fräulein Witzmarn war als
804 2665 1955 2726 üsternes, zartliches Stubenmädchen von allerliebster Natür¬
803 2696 1967 2761 ich keit, Fraulein Karoly ausgezeichnet in den verhaltenen
803 2736 1966 2806 Lüsten der jungen Frau, meisterlich in der niederträchtigen,
800 2778 1972 2842 spitzen Bosheit gegenüber dem nervösen Versager und in der
796 2815 1972 2911 Ainterhinnigrn Anschn#glomlell an den Palten. T#s jüße
1998 1234 3165 1299 Mädchen Fräulein Geris Krahlte in erfrischender, draller
1994 1280 3152 1339 Blontheit, sie war naive Verderb heit in Winkultur und dem
1998 1317 3166 1380 Fräulen Meller (gerlei die kemperamentl. Ue Schaf pielerin
1999 1367 3165 1410 in der Anlage gans glücklich, weniger in der Einzelgestattung da
1996 1396 3156 1461 ihr das ungebrochene Naturell einer starken Perhönlechkeit
1994 1440 3160 1500 mangelt. Herr Andersen erwies sich überraschend boden¬
1996 1476 3152 1547 sländig als Teutchmeister, wogegen dem Ritlmeister des Herrn
1985 1520 3161 1571 Schönhof die dekadente, aristotratische Linie nicht lag Hrr
1990 1558 3155 1622 Götz ist für den jungen Herrn“ geradezu prädestiniert und
1994 1597 3157 1658 ebenso sind Chemänner vom Schlage des gleißner'schen Ceiten¬
1987 1631 3160 1694 springers eine Spezialilät des Herrn Zeizl. Herr Wail
1991 1682 3146 1733 als Dihler in dr Schn tzlermaske vermochte den Stimmungs¬
1993 1715 3156 1772 gankler nicht völlig überzeugend nachzuzeichnen. — Strafse
1985 1758 3148 1811 Bühnenwirkung erzielten bloß daz vierte, sechste und achte Bild.
1984 1794 3146 1859 die anderen wirken beim Leien stärker. Das ausverkanfte
1991 1833 3145 1893 Haus verhelt sich zunächst ziemlch veerviert, erst am Schluß
1990 1880 3157 1950 erscholl verschämter Beifall für den Die Mizwirleuden im
1983 1903 2655 1981 siruvollen Reigenverbande daukten.
