3532 4256
1117 163 1546 246 box 18/3
421 156 949 267 11. Reigen
826 664 881 744 1
933 561 1953 768 „V. und Mittag
1193 872 2891 1085 # dne Kamluatl
1301 1102 1647 1186 Mrtusensctnseahcnensentse
2466 1111 3162 1199 Mastchanstenenenenententcenenensesehese chele
1134 1175 1623 1262 Gedankenstrichtheater.
2064 1183 3184 1254 Zehn Variationen über das Thema: Omne animal tiste post
1990 1235 3179 1287 coitum. Der es abwandelt, guckt der Natur stillvergnügt und mit
814 1243 1949 1307 Schüitzlers „Reigen“ in den Kammerspielen.
1997 1279 3174 1333 einer Frechheit, die jeden Kenner entzückt, ihre intimsten Geschäfts¬
845 1285 1973 1347 In dem Gesinnungstheaterchen am Besenbinderhof ist man jetzt
1994 1316 3189 1371 kniffe ab. Merkt man es? Nicht der „Reigen“ ist der eigentliche,
776 1332 1967 1378 beim „Reigen“ angelangt. Die Filiale des Gesinnungstheaterchens
1998 1354 3179 1411 bei allen Veränderungen der harmonischen Struktur melodische
783 1376 1968 1417 das „Komödienhaus“ (der launige Titel ist der einzige Regieeinfall,
2001 1394 3177 1450 Auftrieb dieser Veränderungen, sondern die spöttische, konsequent
777 1412 1974 1457 den man dort zu sehen bekam), hat „Zwangseinquartierung"; leider
1984 1432 3175 1478 durchgeführte Beobachtung, daß bei der körperlichen Geschlechts¬
777 1456 1974 1507 nicht die Zwangseinquartierung, die von Rechts wegen hineingehört.
1995 1472 3179 1518 liebe das Weibchen vorher Königin und nachher Sklabin, das Männ¬
777 1491 1972 1547 Auch das Theaterleben ist eine Rutschbahn. Auf den Ankündigungen
1987 1514 3178 1567 chen umgekehrt zuerst würdeloser Sklave und, sobald die Natur
768 1533 1976 1576 der „Reigen"=Vorstellungen heißt es, daß Jugendlichen unter
2001 1556 3185 1611 ihren Zweck erreicht hat, brutaler Pascha ist. Irgendwie spekulativ
783 1571 1967 1618 20 Jahren der Zutritt verboten ist. Den Portokassenkavalieren wird
1992 1592 3177 1650 ist diese Novelle in Dialogform nicht. Wohl aber kann man sagen,
778 1614 1965 1670 es dabei heiß über den Rücken laufen. Der Reigen wird zum Kuh¬
1996 1633 3179 1682 daß die Absicht, diese Zwiegespräche mit verteilten Rollen und im
782 1655 1967 1701 reigen, und der Wunsch, in diesen Kuhreigen hineingetreten zu sein,
1992 1671 3183 1717 Kostüm öffentlich vortragen zu lassen, eine Spekulation bedeutet.
771 1692 1969 1743 wird in gewissen Kreisen durch das raffinierte Scheinverbot wahr¬
2000 1711 3176 1760 Nichts stilwidriger und von jedem künstlerischen Gesichtspunkt aus
772 1730 1969 1774 scheinlich ebenso stark sein wie die Sehnsucht der Schweizer Söld¬
1996 1752 3178 1807 unnötiger, als eine Aufführung dieser kurzatmigen Szenen, in der
777 1768 1966 1821 ner, wenn sie die verführerischen Tonfolgen jener Melodie ver¬
1989 1793 3173 1837 ganz im Gegensatz zur Unterhaltung mit dem Buche die Unwägbar¬
770 1800 1969 1855 nahmen. Ein Teil der Damenwelt dürfte allerdings in einen
1998 1832 3179 1882 keiten erbarmungslos überdeutlicht werden oder unter die Rampe
779 1839 1886 1896 Konflikt zwischen dem Bedürfnis nach sexualpsychologischem
1896 1851 1969 1895 An¬
2003 1871 3179 1919 fallen, das Unausgesprochene zur Zote, der Zwischenakt zur Haupt¬
776 1887 1868 1933 schauungsunterricht und der natürlichen Abneigung gegen
1894 1887 1976 1937 jede
1991 1911 3176 1956 sache wird. Nichts stilloser und nichts langweiliger. Denn
777 1926 1875 1973 Deutlichkeit in der Altersfrage geraten, dessen Ausgang
1899 1933 1970 1979 dem
1988 1952 3170 1999 auf der Bühne, wo das Stoffliche unangenehm und undelikat betont,
770 1967 1879 2015 Kassenrapport fatal werden könnte. Aber noch ist nicht alles
1889 1968 1970 2019 ver¬
1989 1987 3175 2036 in den Vordergrund gestellt erscheint, wird die Einförmigkeit der
782 1999 1968 2052 loren, und bei schlechtem Geschäftsgang kann ja die Altersgrenze
1987 2027 3174 2068 Dialoge, ihr Mangel an dramatischer Entwicklung, die bei der
778 2035 1135 2104 herabgesetzt werden.
1993 2065 3186 2119 Lektüre keine Unzulänglichkeit bedeuten, zum peinlichen Mangel.
1347 2061 1393 2127 +
1992 2094 3185 2158 Vollends bei einer Auführung, die von allen Geistern der Grazie,
851 2107 1964 2184 Über diese Dialoge, deren Handlung und Höhepunkt bekanntlich
1992 2140 3182 2191 vom allen wienerischen Imponderabilien so verlassen ist wie die der
761 2166 1968 2221 in der zehnmaligen Wiederkehr von Gedankenstrichen besteht, ist
1993 2181 2249 2246 Kammerspiele.
3012 2185 3145 2244 otrein.
778 2205 1961 2260 anläßlich des Berliner Aufführungsverbots genug geredet worden
773 2251 1974 2287 Sich darüber ausführlicher zu verbreiten, einerlei ob im zustimmen¬
769 2285 1966 2339 den oder ablehnenden Sinne, hieße nur die Geschäfte der Theater¬
2256 2284 2915 2353 Wildgans Burgtheaterdiretlor.
770 2325 1977 2369 direktoren besorgen, die den Ehrgeiz haben, ihre Darsteller auf den
2128 2333 3029 2418 (Drahtmeldung der H. N. am Mittaß.)
771 2369 1975 2422 Gedankenstrich zu kommandieren. Der Berliner Staatsanwalt hat
2663 2389 3146 2463 * Wien, den 9. Januar.
776 2405 1976 2460 das auf seine Weise getan, indem er den „Reigen“ für „objektiv
779 2452 1962 2498 unzüchtig“ erklärte. Was er darunter versteht, mögen die Götter
2068 2431 3181 2500 Den Blättern zufolge steht die Ernennung des Dichters Anton
778 2486 1960 2528 wissen. Scham ist im wesentlichen ein Gegenstand der Verein¬
2000 2486 3178 2535 Wildgans zum Direktor des Burgtheaters bevor. Der bisherige
771 2524 1970 2564 barung, der Erziehung, und es gibt ja kaum etwas, was ver¬
2000 2530 3180 2570 Direktor, Albert Heine, bleibt dem Burgtheater als Darsteller und
779 2557 1974 2612 schiedener auslegbar ist, weniger feststeht, als gerade der Begriff
1997 2570 3174 2633 Regisseur erhalten. Er hat das Burgtheater seit Juli 1918, also
770 2604 1974 2658 der Scham. Stendhal erzählt, daß die Frauen auf Madagaskar
1990 2603 2338 2666 2½ Jahre geleitet.
772 2630 1959 2690 ohne Bedenken das sehen lassen, was man hierzulande am meisten
769 2682 1962 2724 vergirgt, aber vor Schande sterben, ehe sie ihren Arm zeigen. Wer
2201 2677 2952 2746 Eine „Akademie der Arbeit“.
775 2718 1976 2769 das Straßenleben in romanischen Ländern kennt, weiß, daß dort
2109 2732 3063 2804 (Eigene Meldung der H. N. am Mittag.)
775 2760 1964 2810 Verrichtungen ohne Heimlichkeit erfolgen, deren Zurschaustellung
770 2800 1970 2850 bei uns ohne Zweifel verboten wäre. Man braucht aber gar nicht
2455 2797 3141 2846 D. Frankfurt a. M. den 10. Januar.
786 2836 1971 2882 so weit zu gehen. Es bedarf keiner besonderen Beobachtungsgabe,
2063 2829 3177 2889 Sonnabend fand unter dem Vorsitz des Oberbürgermeisters
1999 2864 3177 2922 Voigi eine Sitzung in der Universität über die Gründung
781 2881 1956 2925 daß die Dinge beispielsweise auf dem Lande anders bewertet und
1989 2911 3165 2957 der Akademie der Arbeit statt, an der der preußische
774 2918 1963 2965 empfunden werden als in der Stadt, in den sozial höheren
1993 2939 3165 2985 Finanzminister, der Kultusminister, Vertreter des Reichsarbeits¬
770 2957 1965 3008 Gesellschaftskreisen anders als in den niederen Volksschichten.
1999 2980 3164 3022 ministeriums, der Universität und der Gewerkschaften teilnahmen.
786 2995 1968 3038 Die literarische Darstellung der körperlichen Liebe ist an und für
1995 3012 3167 3057 Grundsätzlich wurde von der Regierung der Standpunkt vertreten,
784 3031 1958 3076 sich kein Verstoß gegen das Schamgefühl. Wer das so empfindet
1989 3042 3167 3085 daß die besondere Aufgabe der Akademie eine Ausbildungs¬
784 3072 1968 3113 ist nicht zuständig, weil er über das Stoffliche hinaus kein Organ
1996 3077 3168 3125 zeit von vier Semestern verlange. Der Vertreter des
1990 3115 3167 3156 Allgemeinen Deutschen Gewerkschaftsbundes Graßmann er¬
775 3112 1964 3161 hat. Entscheidend ist, was hinter den Sinnenfälligkeiten steht,
1996 3147 3166 3184 klärte, daß er unter Vorbehalt der Zustimmung des Vorstandes
783 3154 1961 3194 nämlich Gesinnung und Form. Und daß diese bei einem Dichter von
2002 3175 3172 3224 eines Bundes höchstens für eine Ausbildungszeit von drei
783 3186 1963 3234 so betontem Taktgefühl, von so entwickelter Formzucht wie Schnitzler
2004 3204 3165 3257 Semestern eintteten könne. Es müßten auch die hauptsächlichsten
783 3233 1970 3293 künstlerisch hochwertig sind, bedarf keines besonderen Plaidoyers.
1986 3249 3165 3292 Weltanschauungen auf dem Gebiete der Wirtschaftslehre durch be¬
779 3267 1961 3311 Damit wird der Streit um den Charakter des „Reigen“ aber der
2000 3280 3163 3329 sondere Vertreter zu Worte kommen, was der Kultusminister zu¬
782 3308 1968 3354 Kompetenz bürgerlicher Moralbegriffe überhaupt entzogen, und wer
1997 3314 3171 3359 sagte. Die weiteren Verhandlungen sollen in Berlin direkt zwischen
785 3346 1970 3394 solchen literarischen Grenzfällen gegenüber nicht die nötige Distanz
1997 3352 3162 3398 dem Kultusministerium und den Vertretern der beteiligten Ge¬
1989 3379 2979 3433 werkschaften geführt und möglichst beschleunigt werden.
778 3393 1963 3434 aufbringt, soll die Hände von dem Buch lassen oder meinetwegen
782 3424 1969 3481 von ihm ferngehalten werden. Nur soll. man den Dichter nicht
786 3460 1945 3505 mit diesem Nebenwerk verwechseln. Er hat die im „Reigen
2336 3444 2817 3526 Die lieben Fin.sterne.
783 3503 1969 3550 behandelten Dinge, und den spielerischen Skeptizismus, die blasierte
2117 3502 3054 3570 (Eigene Meldung der H. N. am Mittag.)
781 3543 1964 3591 psychologische Neugierde, zu denen er sich damals bekannte, vielleicht
2592 3556 3095 3611 X Berlin, den 10. Januar.
777 3583 1960 3635 unter dem Einfluß französischer Vorbilder, vor fünfundzwanzig
2062 3583 3166 3650 Bei der Ufa vollzseht sich, wie der Tag meldet, eine restlose
773 3620 1968 3664 Jahren einmal passiert und seither u. a. den „Jungen Medardus“,
2721 3645 3165 3690 Lubitsch und Pola
1987 3640 2723 3690 künstlerische Umgliederung.
783 3658 1974 3707 den „Einsamen Weg“ und den „Weg ins Freie“ geschrieben. Dn
1995 3671 3159 3719 Negri haben bekanntlich Kontrakte mit einer amerikanischen Ge¬
785 3695 1966 3743 „Reigen“ in den Vordergrund zu stellen, wie das von reklame¬
1998 3714 3166 3752 sellschaft abgeschlossen und Jannings geht zum Wörnerkonzern.
784 3734 1969 3783 bedürftigen Geschäftsleuten jetzt geschieht, ist dasselbe, als wenn
1995 3745 3159 3783 Jetzt verläßt auch Henny Porten die Stätte, an der sie von
779 3776 1970 3830 man Goethe als den Dichter des „Tagebuches“ oder Brahms als
2001 3774 3156 3818 Beginn ihrer Tätigkeit an gewirkt hat. Sie scheidet von der
1998 3812 3161 3860 Meßter=Union und gründet im Anschluß an „die Gloria eine
776 3814 1962 3862 den Komponisten der „Ungarischen Tänze“ charakterisieren wollte.
1993 3847 2792 3897 Henny=Porten=Filmgesellschaft.
787 3854 1972 3896 Charakteristisch ist das nämlich nur für diejenigen, die sich kein
786 3893 1773 3949 Gewissen daraus machen, die Dinge so zu verschieben.
3190 3749 3228 3787 ir
3176 3780 3217 3827 st
3161 3947 3224 4004 1 91
