3392 4256
1030 174 1453 249 box 18/1
329 177 845 266 11. Reigen
353 929 1169 1014 Riöse & Geidel
369 1015 1143 1085 Bureau für Zeitungsausschnitte
372 1081 1154 1161 Berlin NO. 43, Georgenkirchplatz 21
341 1311 539 1392 Zeitung:
359 1423 460 1495 Ort:
355 1532 567 1609 Datum: —
817 1523 1135 1650 VEL. 920
394 1690 1252 1778 Der Tanz um den „Reigen“.—
383 1763 1328 1840 Unser Blegliner Schauspielreferent schreibt:
425 1836 1327 1886 Einen Täg vor Weihnachten wurde der Frie¬
392 1869 1318 1922 den auf Erden erschüttert, aber in den Feier¬
1229 1911 1321 1968 So
385 1914 1221 1966 tagen ist die „Affaire“ sanft verflossen.
394 1950 1316 2018 könnte man die Geschichte den Berliner Wochen¬
396 1994 1327 2041 chronikeuren zu munterem Nachruf überlassen.
401 2032 1317 2080 Doch etwas mahnt aus diesem Erlebnis heraus,
400 2076 1325 2131 vor den verschworenen finsteren Geisterchen auf
401 2118 1326 2163 der Hut zu sein, die durch Mauerritzen und
411 2154 1324 2215 Schlüssellöcher in die Freistatt der Kunst schlüp¬
392 2194 474 2254 fen.
442 2225 1334 2285 Statt allgemeiner Betrachtungen soll hier
395 2274 1318 2322 gleich der Fall selbst gegeben werden! Nur ein
401 2316 1319 2370 Wort voraus, Mißverständnissen vorzubeugen:
400 2354 1320 2404 Selbstverständlich wird die Freiheit von der
401 2392 1328 2441 Frechheit mißbraucht. Das war immer so und
409 2437 1319 2486 ogar in Zeiten, in denen Freiheit nur in klei¬
408 2480 1324 2520 nen Näpfchen verabreicht wurde. Nicht etwa
402 2520 1329 2568 bloß auf sogenannt geistigem Boden geschieht's:
401 2545 1335 2604 auf dem ist aber sehr häufig nur das Fleisch
407 2596 1335 2661 stark. Sollen der Frechen wegen die Freien
404 2633 545 2690 büßen?
443 2671 1330 2740 Die Film=Industrie — sie stellt an den
400 2726 1314 2762 Geist von vornherein bescheidene Ansprüche! —
403 2760 1334 2812 bot besondere, üppig benutzte Gelegenheit, Po¬
407 2803 1334 2851 lizei und Sittlichkeit zu verwechseln, sintemalen
403 2844 1329 2898 die Ausbeuter der Geschlechtlichkeit nicht im
409 2887 1335 2934 Zweifel ließen, daß für sie mit den Fesseln der
411 2927 1337 2975 Zensur die Schranken von Anständigkeit und
403 2967 1332 3015 Geschmack niedergebrochen waren. Wozu — ja,
411 3009 1332 3051 man muß vorsichtig unterscheiden! — zu bemer¬
404 3053 1338 3105 ken ist, daß ein höherer, ein künstlerischer Ge¬
414 3089 1323 3136 chmack um seiner selbst willen immer anstän¬
416 3128 1324 3170 dig ist, auch dann, wenn die Prüderie sich be¬
404 3173 1337 3216 kreuzt. Aber die von Geist und Anmut verlas¬
408 3208 1322 3263 sene Spekulation aufgelüpfte Battisthemdchen?
416 3248 1330 3296 Item! Wer, wie Schreiber dieser Zeilen das
404 3286 1330 3331 Unglück hat, dem Film=Zensur=Beirat anzuge¬
405 3329 1327 3377 hören, der lernte bald aus Erfahrung, daß auch
418 3367 1335 3419 ein „demokratisches“ Zensurgesetz im Grunde
409 3413 1337 3458 nur einen anderen Namen hat als ein könig¬
409 3449 1338 3501 liches oder großherzogliches. Der Teufel nennt
1384 1668 2309 1718 sich jetzt Beelzebub. Man lernte es am bärtigen
1387 1716 2296 1768 Eifer mancher Volkspädagogen, die, als Tugend¬
1386 1760 2295 1801 wächter ins Kollegium entsandt, sinnenfrohe
1383 1792 2297 1843 Lichtbilder mit längst geläufigen Missionsreden
1380 1832 2301 1878 begleiten und viel schöne Kinder mit ihrem
1381 1878 2296 1927 Wortbad verschütten. Man fühlt's noch grimmi¬
1385 1914 2311 1963 ger an manchem Zwiespalt in der eigenen
1382 1952 2311 2004 Brust. Denn selbstverständlich möchte man von
1388 1994 2314 2047 Herzen gern manchen Kitsch vertilgen — gleich¬
1380 2034 2288 2087 viel, ob er tüchtig oder halb bekleidet ist! —
1386 2080 2299 2120 aber selbst in scharfen Fällen warnt eine innere
1394 2114 2299 2163 Stimme vor dem Präjudiz. Was heute dem
1388 2156 2297 2209 Brüstchen irgendeiner Lulu geschieht, wird es
1391 2202 2305 2252 nicht morgen mit gleichem „Recht“ Aspasiens
1383 2239 2302 2291 enthüllter Göttlichkeit widerfahren? Paß' auf
1378 2280 2311 2333 Nachtwächter! Die Tugendbündler gehen um
1389 2317 2313 2366 mit Einbrecherwerkzeug! Die innere Stimme
1385 2359 2300 2405 ist vernünftig. Denn wirklich: etwa mit einer
1387 2403 2302 2450 besonderen Schutzvorrichtung gegen die Wißbe¬
1389 2441 2305 2489 gierde der Jugendlichen versehen, reichen
1386 2479 2309 2525 die bürgerlichen Gesetze gegen den roheren Un¬
1394 2523 2319 2569 ug gerade aus. Man soll dem Teufel nicht den
1384 2568 2310 2614 kleinen Finger einer verschämten Zensur bie¬
1394 2605 2310 2652 ten; Beelzebub packt unverschämt die ganze
1392 2639 1504 2705 Hand!
1823 2672 1863 2737 *
1423 2743 2308 2794 Aber die ernste Angelegenheit beginnt erst
1393 2787 2315 2841 jenseits des Films. Bei der Theater=Zensur.
1385 2823 2308 2882 Beginnt? Da hat sie doch zu sein Rechtens auf¬
1389 2872 2319 2915 gehört! Wir haben in Deutschland nach dem
1393 2907 2317 2954 Willen der Verfassung eine Theaterzensur nicht
1388 2952 2312 2995 mehr. Sie ist, nach einem jahrhundertelangem
1391 2985 2308 3033 Ringen des geistigen Deutschlands mit dem Au¬
1395 3024 2311 3073 toritätsstaat, des Geistes von Weimar mit dem
1399 3059 2313 3112 Geiste von Potsdam, den alten Hoheitsrechten
1399 3105 2310 3160 n die Gruft gefolgt. Sie ist begraben. Soll ich
1402 3145 2315 3194 ier gleich gewissen Literarhistorikern einen To¬
1402 3188 2320 3241 en ausgraben, um ihn mit aller Kunst der Kri¬
1390 3233 1912 3290 tik noch einmal zu henken?
1435 3265 2317 3335 Aber — ist die Theaterzensur auch wirklich be¬
1388 3308 1544 3371 graben?
1429 3352 2311 3410 Am Tag vor Weihnachten hat sich in Berlin
1396 3402 2311 3465 ereignet, was hier den Akten der Zeitgeschichte
1400 3443 1680 3501 übergeben sei:
2390 1647 3294 1708 Im „Kleinen Schauspielhaus“ — Di¬
2360 1697 3288 1750 rektion Gertrud Eysoldt und Maximilian Sla¬
2534 1746 3291 1791 war die Uraufführung von Arthur
2360 1749 2511 1792 dek —
2372 1786 3288 1839 Schnitzlers „Reigen“ für den 23. Dezember
2357 1832 3286 1875 angekündigt. Wer nicht fremd ist in der Litera¬
2364 1867 3285 1915 tur der letzten 30 Jahre, ist vertraut mit dem
3210 1903 3289 1954 dem
2371 1905 3189 1952 seinnervigen und skeptischen Wiener —
2371 1952 3288 2001 Europäer. Weiß auch, daß Schnitzler, der me¬
2373 1978 3290 2042 ancholische Philosoph der Erotik, mit seinen
2363 2025 3286 2079 zarten Fingern letzte Schleier von der Tragi¬
2360 2069 3299 2119 komödie der Geschlechter hebt, anmutig und doch
2372 2114 3288 2160 chonungslos, lächelnd und ernst. Die Grazien
2364 2148 3288 2198 und der Weltgeist machten ihn zum österreichi¬
2371 2189 3297 2239 schen Bruder (nicht etwa zum Nachkommen!)
2367 2234 3294 2284 Maupassants, des Franzosen. Jener Sünder
2368 2273 3288 2316 oder Tor, der Schnitzler — in einseitiger bedenk¬
2370 2308 3286 2357 licher Genußfähigkeit oder in zelotischer Blind¬
2548 2354 3295 2401 einen Pornographen schilt, er muß
2453 2353 2535 2398 —
2364 2355 2434 2401 heit
2370 2395 3297 2440 Shakespeare, den schlechten Kerl, für die Meu¬
2364 2431 3289 2479 chelmorde Richards III. verantwortlich machen!
2369 2474 3289 2529 Auch den „Reigen“, die zehn erotischen Szenen,
2375 2516 3289 2562 kennt man seit länger als 20 Jahren ... In
2370 2553 3302 2601 der alten Welt (vor 1918) war nicht nur die Auf¬
2375 2591 3299 2643 führung, nein, zeit= und ortsweilig auch das
2362 2635 3292 2683 Buch verboten. Um so heftiger fand es Verbrei¬
2373 2670 3299 2724 tung. Kam selbstverständlich auch in die Hände
2370 2721 3298 2765 vieler, die dem Besinner der Natur (siehe Scho¬
2364 2760 3289 2805 penhauer über den tückischen Knalleffekt der
2376 2796 3296 2848 Natur!) nicht nachzusinnen, ihm nur Sinnlichkeit
2368 2839 3302 2883 abzuschmeicheln imstande waren. Was will es
2384 2880 3295 2930 agen? Manches Blatt in Goethes Werken
2373 2917 3300 2965 erhitzt menschliche Kaninchen! Nicht so borniert,
2372 2954 3302 3001 wie es auf den ersten Blick scheinen will, waren
2370 2991 3295 3043 die Religionslehrer, die den Urtext der Bibel
2372 3033 3296 3084 breiten Volkskreisen vorenthielten. Aber in
2373 3079 3302 3123 der Kunst geht es nicht mit dem Verbergen.
2372 3120 3298 3164 Kämen um der Anfälligen und Kranken willen
2369 3157 3296 3213 die Gesunden zu Schaden. Müßten um der Ar¬
2371 3191 3297 3246 men im Geiste willen alle glücklichen Geister ins
2367 3245 3303 3289 geistige Armenhaus. Vom Theater forderte der
2370 3281 3296 3327 alte Lessing, wahrhaftig ein Erzieher des Men¬
2376 3321 3298 3369 schengeschlechts, daß es allwöchentlich Aufführün¬
2373 3352 3297 3413 gen nur für reife Männer veranstalte; damit
2376 3406 3300 3452 nicht durch Prüderie und Verlogenheit die dra¬
2383 3440 3294 3499 matische Kunst auf den Hund komme. Rücksicht
