3436 4256
335 184 835 295 11. Reigen
1036 189 1435 272 box 18/2
1311 1638 2160 1716 Der Kampf um den Reigen.
1106 1711 2442 1769 Der Reigenprozeß, dessen sechstägige Verhandlung jetzt auf beinahe halb¬
1018 1754 2448 1821 tausend Seiten wortwörtlich fixiert vorliegt (Verlag Ernst Rowohit,
1032 1804 2435 1850 Berlin), wird fortleben in der deutschen Kulturgeschichte als ein großes, weit¬
1025 1836 2448 1896 hin sichtbares. Duell zwischen der Kuns“ und dem Banausentum. Gegenstand
1029 1883 2439 1932 dieses Kampfeswar „dabei nicht sg sehr die Aufführung des Schnitzlerschen
1031 1921 2438 1966 Reigens, als Fielmehr das Pyfazig der Freheit jeglicher Kunstübung gegen¬
1024 1956 2437 2014 über wuc’ierisclert-paktéirefigföser ader par eipolitischer Vergewaltigung. Es
1028 2005 2429 2053 rechtfertigt sich deshalb das Unternehmen, diesen Kampf in allen seinen Pha¬
1024 2051 2433 2091 sen der Nachwelt zu überliefern, zumal seine vorbildlich unparteiische Leitung
1025 2082 2377 2133 und sein Ausgang der deutschen Justiz ein ehrenvolles Zeugnis ausstellen.
1103 2105 2447 2169 Für denjenigen, der den Prozeß miterlebt hat, ist es von hohem Reize, diese
1032 2158 2438 2211 vielstimmige Komödie im Buche noch einmal auf sich wirken zu lassen und
1029 2192 2446 2244 etwa nachzulesen, wie Don Quichote-Brunner, von Prof. Wittkowski über
1024 2235 2439 2292 Kant examiniert, glänzend durchfiel und wie sein hochtrabendes Sittlichkeits¬
1030 2276 2436 2326 geschwätz unter die ernsthaften Ausführungen erster Autoritäten eine heitere
1031 2316 2432 2367 Nuance trug. Der danze Prozeß war ja überreich an lustspielhaften Episoden,
1026 2354 2434 2397 und man sah Akteure in ihm sich produzieren, die unmittelbar auf die Bühne
1029 2393 2428 2441 hätten gebracht werden können, um dann ein homerisches Gelächter auszu
1030 2431 2442 2486 lösen —— so jener Zeuge, dem es die fixe Idee vom Bettstellenkarussel anger
1035 2473 2436 2527 tan hatte und der den klassischen Ausspruch tat: „Was einer für Unsinn hält,
1025 2512 2432 2554 hält ein anderer für große Kunst. Der eine hält die Form eines zusammen¬
1030 2552 2425 2605 gelaufenen Käses für eine große Kunstschöpfung, der andere für droßen Blöd.
1020 2591 2439 2633 sinn.“ Es will also scheinen, als habe dieser Zeuge einen zusamengelaufenen
1031 2630 2440 2685 Käse geredet. Weniger heiter, vielmehr das Peinliche streifend, war das Auf¬
1021 2668 2433 2713 treten mancher Belastungszeugen, die sich in augenfälligster Weise unter
1026 2706 2439 2764 ihren Eide selbst widersprachen. Ein Beispiel: der cand. med. Hochradel,
1028 2748 2440 2802 der weit mehr Selbstbewußtsein als Geistesklarhei# ur Schau trug, äußerte
1021 2781 2442 2834 zunächst, als unzüchtig habe er das Ordnen der le der durch den Soldaten
1022 2824 2432 2870 im ersten Bilde empfunden, er könne sich noch #eslimmt erinnern. Zwei
1026 2864 2439 2922 Seiten darauf sicht sich dieser Zeuge gezwungen, einzugestehen, der Eindruck
1030 2909 2427 2962 „könne in einem gewissen Grade auf Kombination beruhen.“ Es gibt der¬
1026 2944 2424 2992 gleichen „Ungenauigkeiten“ mehr auf den 4½ hundert Seiten zu finden, Sie
1020 2987 2424 3034 charakterisieren die Geistes- und Gemütsverfassung derjenigen, die sich als
1020 3019 2361 3073 Hüter des wahren Deutschtums und der Sittlichkeit allzugerne aufspielen.
1095 3048 2439 3115 Seinen besonderen Wert empfängt das Buch vom Reigenprozeß dadurch
1015 3093 2436 3144 daß hier Vertreter des geistigen Deutschlands zu Worte gekommen sind, die
1019 3143 2433 3189 sich in solcher Zahl selten vor einem Forum zusammenfinden dürften. Darum
1028 3177 2423 3224 ist diese Publikation gerade auch für den, der nicht Zuhörer war, von bleiben
1019 3221 2423 3287 dem Interesse. Sie bildet ein klassisches Dokument des Kulturkampfes für
1028 3255 1627 3313 jeden vorurteilslosen Deutschen.
2166 3260 2356 3327 SUBULK.
