3392 4416
2934 170 3331 221 e e
370 170 1409 240 Se eeeeee hen e Srece eenhen ien Sochen
2668 208 3330 251 für die aschechossorate, 15 tschechostowikische
1674 200 1988 268 Für Kärnten:
328 213 1433 275 Inseratenaufnahme in der Verwaltung in Graz, Mariengasse Nr. 16, 1. Stock,
2211 225 3332 285 Kroneg monatlich. — Füe Teutschlaund 36 Kronen monalich, Für dat üörge
327 240 1439 322 in den Provinzorten durch die Bevollmächtigten der Verwoltung sowie durch
2213 252 2672 318 Aus and 52 Kronen monatich.
1520 233 2126 318 Klagenfurt, Vismarckring Nr. 7.
2688 266 3327 332 Für die Bochenausgabe allein vierneljährlich
713 275 1063 338 alle Inseratenbureaus.
2683 290 2857 338 13 Kroter.
1502 293 2142 364 Manustripie werden nicht ret#urniert, anonyme
538 293 1004 365 ###krarkeselontt Nr. 31097. —
998 304 1244 370 Postfach Nr. 90.
2212 312 3334 393 Der Bezugspreis ist im vorhinein zu ezahlen. — Erhöhung der Bezugspreise
1611 325 2046 382 Zusahrinen nicht bechtsichtigt.
2682 355 2866 401 vorbehalten.
862 362 2771 458 Einzelprie für drage An donn und eiern en 1 Kuone 10 Geler: Iionagletr 69 Hier, an der dör gen De enagen : Krune.
450 402 3202 520 Einzelpreis ff. die Provinz: an Sonn= und Frieklagen sowie jeden Diens ag, in parnten Deuner##g nd in Steermark Freitaf 1 K##ne 50 Heuer: an den Abrigen Wochestagen 1 Krone.
393 478 665 572 Nr. 43.
1146 497 2529 603 Graz, Sonntag den 13. Februar 1921.
2774 517 3278 624 32. Jahrgang.
1336 671 2325 771 gen Verhältnisse verursacht werden, in arge Ver¬
555 644 1080 793 Parteigenessen!
2350 694 3343 777 fallend, daß aber eine Regierung so schamlos ist,
1334 734 1694 801 wirrung gerieten.
2350 756 3349 823 den Weg des Verfassungsbruches zu beschreiten, das
370 768 1326 860 Väter und Mütter, erscheinet alle heute Sonntag
1395 783 2327 861 Wir wollen natürlich nicht bestreiten, daß die
2340 798 3346 859 ist eine solche Unerhörtheit deren Zurückweisung
1331 808 2334 913 desperate Lage der Arbeiter und der Angestellten
2339 852 3341 920 nicht nur ein Gebot der Pflicht aller wäre, die auf
300 823 1319 925 den 13. Februar um 10 Uhr vormittags in den
1338 878 2330 966 mitunter Streiks hervorruft, die besser unterbleiben
2342 890 3345 953 dem Boden von Gesetz und Recht jiehen, sondern
292 901 762 990 Juliensälen, wo
2338 934 3351 1004 vornehmlich der bürgerlichen Presse, die alle ihre
1323 942 2329 1008 würden. Ja, es ist sogar schon vorgekommen, daß
2347 978 3340 1050 Entrüstung zur Zurückweisung schon des geringsten
1331 987 2211 1053 Streiks mutwillig heraufbeschwvoren wurden.
2240 1002 2324 1057 Als
2348 1023 3347 1091 Versuches zum Verfassungsbruch auswenden müßte.
1319 1033 2321 1121 Musterbeispiel möchten wir den bekannten Versuch der
424 957 1244 1117 Genosse Otto Glöckel
2342 1061 3341 1123 Ist das in Wien, wenn auch recht lendenlahm, der
1325 1087 2229 1168 deutschnationalen Eisenbahnbeamten anführen,
2216 1099 2325 1160 die
2343 1098 3339 1181 Fall, so bildet Graz eine Ausnahme. Nicht nur daß
719 1097 920 1192 über die
1318 1133 2314 1208 im Vereine mit den Kommunisten vor einigen Mo¬
2353 1146 3346 1226 sie den Kampf der Sozialdemokraten gegen eine
1324 1191 2317 1252 naten den gesamten Eisenbahnbetrieb lahmlegen
2343 1191 3338 1262 infolge des Versassungsbruches meineidig gewordene
291 1176 1318 1285 Pflichten der Republik gegenüber unserer
1326 1231 2322 1307 wollten. Bekanntlich waren es gerade die „gänzlich
2338 1244 3347 1311 Regieruna mit aller Gehässigkeit und Verleumdung
708 1253 913 1336 Jugend
1326 1283 2329 1359 urteilslosen Massen“, die im Vereine mit ihren
2346 1296 3342 1351 zu hemmen sucht, versucht sie, mit widerlicher Ver¬
293 1300 603 1403 sprechen wird.
2336 1333 3335 1388 drehung des wahren Sachverhaltes die Sozialdemo¬
1332 1337 2324 1408 „gewissenlosen Führern“ diesen Versuch mit Erfolg
2340 1379 3339 1450 kraten als Beschützer der lüsternen Bedürfnisse des
1312 1383 2322 1459 vereitelten, wobei es ihnen gar nicht eihfiel, die
722 1373 1280 1469 Die Landesparteivertretung.
2336 1425 3342 1496 Prasser= und Schieberpublikums hinzustellen. Und
1315 1430 2314 1506 Hilse der Herren Arzte in Anspruch zu nehmen.
2334 1467 3330 1533 gerade jene Zeitung übernimmt dabei die Führung,
1316 1483 2328 1548 Wir glauben übrigens, mit Recht annehmen zu
2337 1497 3329 1577 deren Artikel und Inserate de Schieberpack gera¬
1327 1536 2322 1606 dürfen, daß ihnen diese Hilfe versagt worden wäre,
316 1484 1288 1613 Die Arzteorganisation Steier¬
2336 1557 3334 1617 dezu züchten, deren Kuppelecke eine Kulturschande ist,
1315 1581 2324 1646 da die Veranstalter dieses mutwilligen Streiks der
2341 1600 3353 1657 wobei as wohl gar keinen Zweifel gibt, daß die
343 1606 1282 1715 marks auf dem Kriegspfade.
1326 1631 2315 1704 gleichen Gesinnung hus # wie die von Herrn
2339 1628 3345 1706 Existen; der Straßendirne sittlicher erscheint als
1319 1682 2321 1748 Polland geführten Ar. Der Unmut der Herren
2336 1688 3335 1753 die Existenz eines Papiers, das täglich als Gelegen¬
363 1696 1308 1773 Herr Professor Polland sendet uns ine von der
2350 1734 3346 1791 heitsmacherin auftritt, ohne daran gehindert zu wer¬
1328 1731 2320 1807 richtet sich nämlich geg####wisse Schichten der
298 1743 1301 1828 „Landesorganisation der Arzte für S##ermark“ un¬
2347 1770 3339 1835 den. Für die Sozialdemokraten steht die Frage nicht
1318 1777 2327 1839 Bevölkerung“, die „im rücksichtslosesten Klassen¬
301 1798 1307 1869 terfertigte „Kundgebung“, die sich weseine Kriegs¬
2340 1811 3336 1879 zur Entscheidung, ob der Herr Piffl und der Herr
1313 1825 2316 1902 kampfe das Ideal eines demokratischen Staats¬
295 1832 1305 1920 erklärung liest. Der Krieg wird nich #wg der En¬
2339 1867 3338 1927 Funder und die „Tagespost“ durch „Reigen“=Auf¬
1313 1875 2329 1955 wesens zu erblicken scheinen". Diesen „gewissen
290 1893 1303 1979 tente, auch nicht den Schiebern und Schleichhändlern
2350 1899 3338 1967 führungen in ihrem „sittlichen Empfinden“ gestört
1329 1923 2318 1997 Schichten“ gilt die Kampfansage; ihnen soll zu Ge¬
296 1944 1302 2020 erklärt, sondern der — Arbeiterschaft. [Diese besteht
2345 1947 3340 2009 werden (bei der „Tagespost“ zumindest bestreiten wir
1317 1984 2327 2042 müte geführt werden, „daß sie und ihre Angehörigen
2334 2000 2420 2050 das
2404 1981 3338 2056 ganz entschieden.), für sie handelt es
291 1995 1307 2071 nämlich nach der Überzeugung der Herrn Arzte aus
1323 2034 2318 2100 in Zukunft von denselben Gefahren bedroht sein
2348 2042 3340 2096 sich ausschließlich darum, der Verfassung Achtung zu
299 2046 1294 2126 „angeblich politisch reifen, in Wahrheit aber gänz¬
1317 2065 2316 2144 werden wie bisher die unschuldigen Opfer der Ar¬
2336 2074 3338 2149 verschaffen, auch vor dem Herrn Mayr und seinem
301 2077 1301 2174 lich urteilslosen Massen“, die sich immer wieder
1325 2116 1645 2196 beitseinstellung“.
2334 2130 3340 2191 Glanz und in diesem Bestreben werden und können
293 2125 1301 2214 durch „entweder beschränkte oder aber gewissenlose
2344 2180 3342 2229 sie sich nicht beirren lassen, auch wenn journalistische
1382 2153 2321 2246 Herr Polland will also die Arzte gegen die Ar¬
290 2192 1306 2270 Führer aufreizen lassen". Diesen „urteilslosen Mas¬
2339 2225 3113 2297 Buben sie noch so sehr mit Kot bewerfen.
1323 2224 2319 2306 beiterschaft mobilisieren. Sie sollen das erzwinger.
298 2236 1308 2321 sen“, gleichwie deren „gewissenlosen Führern“, soll
1316 2275 2319 2347 was unsere christlichsoziale Regierung nicht erzwin¬
2388 2265 3333 2360 Wie freht die Rechtsfrage? Das Schwi#lersche,
299 2269 1312 2360 nun das Handwerk gelegt werden, und zwar mit
2341 2316 3275 2391 Theaterstück wurde, nachdem
1323 2331 2308 2402 gen kann, weil die ehemals monarchistischen Macht¬
289 2325 1306 2413 Hilfe nachstehender Entschließung: „Im Falle eines
2343 2369 3230 2427 passierte und gegen die Aufführung keine E¬
1325 2379 2321 2440 mittel nicht mehr zur Verfügung stehen. Das ist der
301 2396 1300 2464 neuerlichen, offensichtlich ohne wirklich unabweis¬
2339 2420 3337 2474 dung erhoben wurde, einigemal ohne Anstand ge¬
1323 2427 2316 2499 eigentliche Kern der ärztlichen Kundgebung. Alles
292 2439 1298 2511 bare Gründe herbeigeführten, mutwilligen Streiks
2335 2468 3326 2519 spielt, bis es den Piffl-Funder gefiel, dagegen zu de¬
1323 2483 2316 2545 andere ist moralisierender Aufputz, dessen Unaufrich¬
297 2491 1299 2566 im Bereiche solcher Einrichtungen und in einem
2343 2511 3331 2569 monstrieren. Die Regierung des Mayr, die ja die
1318 2528 2310 2594 tigkeit nur peinlich wirkt. Wer soll an das Mitleid
301 2542 1297 2619 solchen Umfange, daß dadurch wichtige Interessen
2336 2557 3325 2610 Befehle der Piffl=Funder vollziehen zu müssen glaubt,
1318 2578 2310 2647 des Herrn Polland mit- den „Opfern der Arbeits¬
294 2593 1296 2664 einer breiten Allgemeinheit schwer getroffen wer¬
2333 2603 3324 2655 wandte sich an den Wiener Landeshauptmann,
1311 2625 2310 2699 einstellung“ glauben? Hat es noch keinen Arztestreik
2337 2646 3332 2698 dem nach dem Gesetze die Theateraufführungen un¬
289 2636 1298 2714 den, wie zum Beispiel im Verkehrs= und Nachrichten¬
1317 2681 2306 2739 gegeben? Und hat man je gehört, daß Herr Polland
3184 2686 3322 2746 ver¬
2328 2688 3201 2740 terstehen, er möge die Aufführungen
289 2694 1292 2760 wesen, oder in der Kohlen=, Licht= und Lebensmittel¬
2330 2728 3328 2785 bieten. Der Landeshaupimann tat das nicht, weil er
1318 2720 2317 2801 Einspruch gegen einen solchen Streik erhob, obwohl
281 2739 1294 2819 versorgung, werden sämtliche Arzte ohne
2332 2773 3327 2827 es nicht unt konnte, da doch Polizei, Zensurbeirat
1317 2776 2309 2850 die Opfer eines solchen Streiks gewiß nach jeder
297 2788 1303 2861 Ausnahme ihre Tätigkeit gegenüber
2326 2817 3188 2881 und Landesregierung erst die Erlaubnis
1310 2823 2302 2903 Nichtung hin „unschuldig“ sind? Die „Kundgebung“
284 2837 1294 2911 den Streikenden und allen ihren An¬
2331 2863 3319 2916 hatten. Auf Geheiß der Piffl=Funder ließ die Re¬
1307 2875 2306 2950 der Herren Arzte wird voraussichtlich keinen einzi¬
288 2892 1303 2970 gehörigen vollkommen und in allen
2329 2891 3315 2963 gierung jedoch nicht locker und schickte dem Landes¬
1317 2926 2317 3000 gen Streik verhindern, weder einen „mutwilligen“
287 2928 862 3007 Belangen einstellen.“
2326 2935 3324 3009 hauptmann einen Erlaß des Ministers des Innern,
1313 2965 2313 3043 noch einen berechtigten. Leute, die mutwillige Streiks
2327 2994 3329 3046 in dem mitgeteilt wird, daß auf Grund des § 5 der
355 2967 1293 3065 Wir möchten gerne vermeiden, daß etwa die ge¬
1309 3022 2301 3087 hervorrufen, werden sich von den Drohungen der
2332 3034 3324 3096 Theaterordnung vou Jahre 1850 die weiteren Auf¬
282 3024 1288 3113 samte Arzteschaft Steiermarks für das verantwortlich
1306 3074 2309 3147 Arzte gewiß nicht imponieren lassen. Das Urteil, ob
2332 3085 3317 3136 führungen von Schnitzlers „Reigen“ in den Kam¬
287 3091 1289 3149 gemacht wird, was Herr Polland und seine engeren
1308 3108 2308 3198 ein Streik berechtigt ist, wird man ebensowenig von
290 3143 1300 3207 Gesinnungsgenossen ausgeheckt haben. Deshalb wol¬
2325 3082 3327 3224 krheschen der Denischen Zeisihenters ven Fut.
1315 3174 2301 3245 Herrn Polland einholen. Herr Polland und seines¬
291 3187 1290 3255 len wir ausdrücklich fesistellen, daß die abgedruckte
2327 3185 3319 3270 hat in feiner Antwort darauf verwiesen, daß dieser
1314 3230 2307 3302 gleichen haben daher mit irer Kundgebung weit##
292 3234 1298 3310 Entschließung nach den Versicherungen des Herrn
2318 3260 3320 3317 Erlaß den Bestimmungen der bezogenen Verord¬
1306 3283 2305 3347 nichts erreicht, als daß sie der=Mitwelt den Beweis
289 3285 1292 3365 Polland in der Vollversammlung der Arzteorganisa¬
2322 3306 3314 3363 nung und der einschlägigen gesetzlichen Bestimmun¬
1303 3324 2310 3394 lieferten, wie mane lüchtiger Arzt und troßdem
291 3340 1293 3402 tion einstimmig angenommen wurde. Gerade
2326 3354 3332 3417 gen nicht entspreche und daher nicht von ihm zur
1310 3373 2309 3460 ein engstixniger Klopffechter einer arbeiterfeindlichen
2322 3381 3022 3460 Kenninis genommen werden könne.
284 3388 1287 3458 diese Einstimmigkeit scheint uns schlüssig zu bewei¬
1312 3411 1665 3493 Politik sein kann.
291 3432 1287 3502 sen, daß die Vollversammlung bloß von einem Häuf¬
2387 3422 3318 3504 Was besagt nun dieser § 5 der Theaterordnung,
2323 3467 3325 3545 auf den sich der Herr Glanz bezieht? Er besagt ein¬
287 3483 1290 3552 lein von Leuten besucht war, die ihre politische
2321 3523 3322 3578 fach: „Die erteilte Aufführungsbewilligung kann aus
278 3537 1288 3603 Überzeugung an den Biertischen rabiat gewordener
2324 3569 3323 3634 Beweggründen der öffentlichen Ordnung jederzeit
1305 3518 2302 3668 Die Solidarität mit dem Ver¬
290 3581 1286 3653 Spießbürger sich bilden, denn es ist wohl ausge¬
2321 3602 3310 3685 zurückgenommen werden.“ Es ist kein Zweifel, daß,
291 3631 1294 3702 schlossen, daß es unter den steirischen Arzten niemand
1584 3624 2041 3739 fassungsbruch.
2318 3666 3307 3725 da die Landesregierung allein die Aufführungsbewis¬
280 3681 1289 3740 gibt, der den kindischen Schwadestreich unwiderspro¬
2315 3708 3311 3758 ligung eines Theaterstückes erteilt, auch nur sie
282 3727 1287 3793 chen ließe. Er stellt den Versuch von Leuten dar,
1361 3696 2307 3799 Daß der Bischof von Wien, der Herr Pist. und
2314 3754 3316 3806 allein die Bewilligung zurückziehen könnte. Das
1302 3773 2305 3847 der Funder der „Reichspost“ den Befehl 4 Fihre
289 3778 1285 3848 die zeigen wollen, daß es noch Menschen gibt, die sich
2320 3795 3306 3853 geht schon daraus hervor, daß ein späterer Paragraph
1305 3814 2301 3906 Regierung erteilt haben, die weiteren Aus##hi#ngen
279 3829 1298 3902 einen klaren Verstand bewahrt haben. In Wirklichkeit
2320 3835 3312 3889 der Theaterordnung genau festiegt, daß wegen
1301 3848 2225 3924 des Schnitzlerschen Theaterstückes „Reia##
2208 3882 2303 3940 und
2327 3879 3316 3938 Nichtbewilligung einer Theateraufführung durch
282 3879 1290 3950 zeigen sie jedoch nur, wie sehr ihre Gehirne durch
1307 3909 2292 3969 wenn nicht anders, auch auf dem Wege des Ver¬
2314 3923 3323 3984 die Landesregierung ein Rekurs beim Minister des
277 3934 1304 4007 die sozialen Erscheinungen, die durch unsere trauri¬
1316 3954 2297 4040 fassungsbruches zu verbieten, ist nicht weitt auf¬
2311 3970 3323 4042 Innern statthaft wäre. Da die Anziehung des § 5
323 3999 1193 4085 Nr. 43, Sonntag, 13. Februar, 12 Seiten.
