3484 4352
2404 348 3074 442 Montag, den 8. Mai 1922
462 373 2094 471 Benage zal Vonswach.
159 567 551 658 besten Krästen mit.
1889 586 3068 656 erscheinung naturgemäß eine sittliche und geistige Verrohung zur
662 613 1836 683 gerade bei seinen Anhängern finden, denen er weis machen
1892 632 3058 696 Folge. Die Zeit der Schieber und Wucherer hat Gewissen und
673 665 1842 713 wollte, daß die „Juden“ sie besäßen. Daß in dem Vortrage wüste
173 656 330 736 enliebe
1897 682 3063 733 Verantwortungsgefühl des Einzelnen stark geschwächt und die
670 695 1846 752 Beschimpfungen von Sozialdemokratie und Regierung nicht
1896 720 3064 774 Zahl der Schuldigen ist heute zu groß, als daß jedes Vergehen
172 701 623 782 Quatsch, den die „Schle¬
666 730 1840 793 fehlten und auch der ermordete Erzberger als Objekt für faule
1894 762 3078 817 seine Bestrafung jände. Viele Vergehen bleiben so ungejuhnt,
180 761 614 815 sat eine Dame von der
682 777 1835 826 Witze herhalten mußte, nimmt bei dem Kusturniveau dieser
1894 797 2691 857 viele kommen garnicht an die Oeffentlichkeit.
188 800 618 859 wollen, um eine Kranke
668 808 1840 865 Sekte nicht Wunder. Schön war es freilich, daß auch die „Schle¬
210 836 618 887 Kaiser=Wilhelm=Straße
1988 834 3055 895 Das T. T.=Programm bringt wieder zwei Eheprobleme. In
676 846 1846 912 sische Zeitung“ die Hohenzollern, die Geistlichkeit und überhaupt
180 877 619 926 B über das Odertor und
1894 883 3062 936 dem Lustspiel Lcos Eheroman wird dies Problem von der
673 886 1849 947 auch seine eigene Gefolgschaft von dem Redner starke Grobheiten
178 915 620 970 rum nach der Herdain¬
1891 917 3057 975 komischen Seite angefaßt. Nach kurzer Ehe wird diese geschieden,
672 929 1842 989 gesagt bekamen, und was er über Alkohol= und Tabakgenuß der
175 952 630 1013 spätung zu der Kranken
1895 955 3073 1013 aber nach einem Jahr wieder neu geschlossen. So etwas soll ja
673 961 1845 1020 Männer und die Modefexerei der Frauen, über das Saufhelden¬
1890 1004 2387 1071 im Leben auch vorkommen.
679 1004 1848 1057 tum der Studentischen Korporationen sagte, war das einzig Ver¬
215 1018 621 1081 der vielen Ordner zu
674 1041 1840 1103 nünftige an dem ganzen Vortrag, der sonst nichts anderes bewies,
2001 1019 3062 1100 „Im Wahn und Wirren“ ist eine Ehetragödie,
187 1075 617 1116 andere Straßenseite ge¬
674 1085 1850 1133 als die Tatsache, selbst mit dem Mäntelchen rassengeschichtlicher
1898 1084 3063 1140 der Roman einer unglücklichen Frau, die von ihrem Mann in
187 1101 627 1161 d Lücken gewesen, durch
671 1122 1845 1174 Wissenschaft nicht den geringsten Beweis für die Berechtigung des
2005 1118 3072 1183 fraglichen Situation mit dem Freunde ihres Mannes über¬
1897 1133 2007 1180 einer
213 1138 625 1200 gefahren sind. Neulich
678 1162 1846 1217 Hakenkreuzlertums erbringen zu können. Den sehr einseitig ver¬
2023 1157 3064 1210 wird, einer Situation, in die sie unverschuldet geraten ist.
1911 1161 2018 1221 rascht
205 1179 625 1243 „Tagespost“, wie schwer
680 1195 1848 1249 anlagten, fast durchweg mit dem schmalen Schädel des wirk¬
2010 1197 3077 1251 ihrem Mann verstoßen, sinkt sie von Stufe zu Stufe und
440 1220 630 1270 eine Lücke
212 1226 425 1275 hat, bis —
675 1229 1847 1294 lichkeitsfremden Theoretikers behafteten Jüngern dieser Bewe¬
2020 1238 3073 1301 als alte Frau durch Selbstmord. Der Film spielt in London
1909 1249 2006 1300 endet
222 1259 628 1312 fortzusetzen. Vielleicht
676 1271 1843 1339 gung wird freilich mangels genügender Kritikfähigkeit diese Tat¬
1992 1287 2557 1333 Paris und bringt schöne Bilder.
1901 1290 1979 1345 und
187 1299 635 1353 alten, wie ehemals beim
2002 1298 3075 1366 Dazu das übliche Beiprogramm; dieses Mal u. a. die Aus¬
681 1318 1215 1380 sache sobald nicht einleuchten.
190 1333 632 1383 u zu schildern weiß, ob¬
776 1325 1857 1409 Der Vortrag klang aus in Säbelgerassel, schwarzweißrote
2007 1347 2671 1408 der Minensucher aus Wilhelmshaven.
1894 1336 2005 1424 fahrt
198 1371 632 1429 lnd weil sie dann eine
1595 1389 1849 1442 undheldentum,
1465 1400 1598 1438 *  „ „
681 1389 1462 1448 Fahnenschwärmerei und blutrünstiges M
1993 1382 3084 1450 Auch in den Ah=Lichtspielen wird in dem großen Sittenfilm
198 1411 638 1479 Sozialdemokraten daran
682 1428 1581 1486 ein passender Abschluß dieses verlorenen Abends.
1907 1430 3081 1499 „Die schwarze Lu“, das Schicksal eines durch eine Verkettung von
1916 1484 3074 1531 widrigen Umständen unverschuldet in Not geratenen Menschen
1914 1517 3076 1568 geschildert, der ein Hochstaplerdasein führt; aber hier nimmt das
1002 1508 1535 1594 Theater und Film.
1917 1555 3079 1607 Stück einen weniger tragischen Ausgang. Mit Hilfe eines Be¬
181 1561 635 1630 Leser über eine kürzlich
1158 1582 1347 1648 „Reigen“.
1907 1592 3087 1653 kannten, den er einst vor dem Selbstmord bewahrt, wird es ihm
180 1609 633 1677 7. stattgefundene deutsch¬
1907 1637 2654 1693 ermöglicht, ein neues Leben zu beginnen.
1064 1628 1480 1698 Von A. Schnitzler.
1998 1656 3081 1739 „Die Ehe der Charlotte von Brenken“ ist von
178 1673 578 1739 nur für den intim
779 1675 1853 1741 Konnte man bei der im vorigen Jahre hier gezeigten Auf¬
1915 1724 3081 1770 kurzer Dauer; ihr Mann, den sie geheiratet, um den Vater von
172 1725 528 1780 rag des „Sprach
700 1713 1858 1784 führung des „Reigen“, die immerhin am Primitiven litt, als
1916 1758 3073 1811 dem Ruin zu retten. stirbt nach der Trauung. Nach Ablauf des
201 1735 566 1817 schie über „Die
698 1763 1863 1816 normal auffassender Mensch nicht zu der Auffassung kommen, daß
1913 1799 3085 1850 Trauerjahres kehrt sie zu ihrem Geliebten wieder, der sie aber
200 1788 650 1849 trotz meines Einspru##s
692 1800 1856 1860 man es mit einem unsittlichen Werke, mit einem Appell an die
1917 1832 3085 1885 erst wieder annimmt, nachdem sie auf die reiche Erbschaft ihres
193 1841 579 1899 d Physiognomiker in
691 1846 1854 1894 niederen Instinkte der Menge zu tun habe, so führt die, im Augen¬
1917 1870 3090 1935 Mannes verzichtet und sie den Beweis erbringt, daß sie diesen
202 1876 586 1932 ging ich hin. Anwe
692 1879 1858 1938 blick auf dem Spielplan der Schauburg stehende Aufführung des
202 1912 574 1966 nglinge und Jungfra
1916 1919 2481 1988 nicht aus Eigennutz geheiratet.
690 1915 1854 1976 „Reigen“ noch um ein wesentliches mehr jeden etwa Zweifelnden
202 1939 561 2005 und Herren letztere
699 1954 1857 2008 von dieser Auffassung ab. Die Art der Wiedergabe der zehn
1994 1939 3085 2007 Ufa=Theater. Ein Seemannsstück vom Strand der Bretagne:
200 1984 574 2048 sicht. Die Tische tru
693 1996 1867 2044 Schnitzlerschen Dialoge, womit der Dichter die schalen und falschen
1914 1998 3076 2050 „Die Brandung braust“, erzielt obne Zweifel durch seinen
203 2033 575 2088 rozentigem, oder zu
700 2032 1860 2089 Allgemeinbegriffe unserer Zeit über das Liebesleben aufzeigt,
1912 2036 3088 2080 Inhalt und die ausgezeichnete Darstellung greßen Erfolg. Die
202 2067 566 2129 ng schon vor Eröffr
694 2077 1860 2128 um bessernd und veredelnd zu wirken, die Art der Darstellung also,
1910 2073 3080 2122 Brandung des Lebens schleudert die Schicksale der Menschen zu
193 2104 520 2165 hsicher vor den
690 2110 1856 2160 erfährt durch die Mitwirkenden eine derart dezente Wiedergabe,
1919 2118 3076 2162 den Höben der Liebe und den Tiefen bittersten Leides. Der ver¬
205 2131 561 2206 itzte so schöne Versa
697 2147 1857 2201 daß sich am Stoff selbst nur eben höchstens ein in heimlicher
1914 2148 3085 2201 sohnende Ausklang ist nicht gewaltsam geschaffen, sondern tat¬
218 2186 521 2241 führende reichlich
692 2190 1860 2241 Niedrigkeit weilender und mit krankhafter Phantasie belasteter
2509 2191 3078 2243 — Ein amerikanisches tragi¬
1922 2196 2515 2247 sächlich der wirksamste Abschluß.
198 2218 567 2285 ar im üblichen der
696 2227 1865 2278 Sittenfex zu entrüsten vermag. Gibt ja doch auch ein Auszug aus
1916 2223 3076 2285 komisches Liebesspiel: „Nach dem Gesetz der Sioux“ vervollständigt
208 2255 648 2305 eRosenthal am gleih
696 2267 1870 2320 dem Urteil der 6. Zivilkammer des Landgerichts Berlin III fol¬
1922 2276 2294 2332 das gute Programm.
191 2302 647 2357 den sei“ erschütterte###s
697 2296 1875 2360 gendes wieder: Alles, was frech, schlüpfrig oder zotig wirken
203 2341 635 2393 icke Bier= und Zigen
697 2343 1860 2394 könnte, wird vermieden. Die Wirkung der Aufführung gipfelt in
197 2376 647 2434 klang in das weine##
695 2373 1865 2431 der Erzielung eines sittlichen Ekels vor dem Tiefstand der Hal¬
2190 2369 2819 2460 Vereinskalender.
200 2410 650 2474 he Schutz= und Tru###u#d
709 2428 1862 2471 tung weitester Bevölkerungsschichten auf dem Gebiete des Ge¬
1923 2434 3089 2504 Achtung, Hausmeister! Die Mitgliederversammlung findet Mon¬
201 2454 653 2502 n könne und müs,
697 2449 1873 2514 schlechtslebens. Dieser Erfolg wird bei jedem reifen, gebildeten
209 2493 601 2547 der Stadt dazu hergel
1959 2501 3086 2544 tag, den 8. Mai, nicht statt, sondern erst Donnerstag,
694 2497 1865 2556 Zuschauer auch erzielt. Vor allem aber beruht diese Wirkung auf der
1954 2536 3085 2579 den 11. Mai, abends 8 Uhr, Zimmer 7/8 des Gewerkschafts¬
205 2528 580 2595 bieten. Nun trat
699 2527 1865 2586 ernsten Hingabe der Direktion an ihre Aufgabe und auf ihrer
1954 2565 3085 2624 hauses. Sehr wichtige Tagesordnung, darum pünktlich und voll¬
697 2570 1810 2633 überlegenen Kenntnis der Wirkung der szenischen Darstellung.
1960 2606 2250 2661 zählig erscheinen
799 2587 1865 2665 Durchweg vorzügliche, darstellerische Kräfte sind bei der Auf¬
206 2600 566 2670 der! Ich bedauere,
1912 2633 3087 2702 Deutscher Textilarbeiterverband, Bezirksfiliale Breslau. Diens¬
706 2648 1872 2714 führung tätig. Allseitig ist Wort und Geste peinlich abgewogen,
200 2652 652 2714 gann mit diesen Wo##
1960 2689 3087 2737 tag, den 9. Mai, nachmittags 5 Uhr, im Zimmer 7/8 des Ge¬
714 2689 1866 2745 so daß dem kritischen Auge nichts bleibt, als den Darstellenden
617 2697 658 2738 är
203 2692 553 2754 semitische Hetzrede,
1956 2716 3098 2771 werkschaftshauses: Branchen=Versammlung für chemische Fär¬
699 2722 1869 2786 gutzuschreiben, daß sie sogar teilweise auf künstlerische Wirkungen
206 2724 657 2792 die wirklich zum wisten¬
1954 2763 2458 2821 bereien und Waschanstalten.
703 2765 1879 2817 verzichten, wenn es sich darum handelt, zur Erhaltung dezenten
231 2768 611 2829 dafür kehrten die A#
712 2794 1870 2858 Eindrucks, zwischen dieser und strenger Einfachheit der Darstellung
1912 2795 3089 2858 Deutscher Bararbeiterverband, Maurer=Sektion. Mittwoch, abends
241 2806 629 2861 häufig mit den da
1949 2854 3091 2903 7 Uhr, im kleinen Saale des Gewerkschaftshauses: Versammlung.
218 2841 649 2905 Hinauswerfens wie#
706 2852 906 2906 zu wählen.
803 2861 1876 2931 Und dieser Auffassung waren am Abend der Erstaufführung
557 2885 642 2933 B
1954 2886 3087 2939 Tagesordnung: Lohnbewegung. Kein einziger Kollege darf
222 2889 565 2937 n der Vortrag mit
713 2924 1868 2972 die überwiegende Mehrzahl jener Besucher, denen die Fähigkeit.
2686 2919 3059 2986 Die Sektionsleitung.
216 2928 581 2983 e“ Text anscheinend
1954 2930 2073 2987 fehlen.
707 2949 1871 3018 objektiv zu denken, ein eigenes gesundes Urteil ermöglicht. Gewiß
213 2963 621 3017 ollte. Besonders bei d
1923 2956 3087 3040 Achtung, Baudelegierte! Dienstag, den 9. Mai, abends 7 Uhr, im
713 2994 1671 3062 aber hörte man auch Stimmen brunnerschen Geistes.
218 3003 621 3053 zen des Redners ergab
1961 3011 3088 3061 Zimmer 3 des Gewerkschaftshauses: Wichtige Delegierten=Ver¬
808 3009 1878 3092 Warum sollten die Brunners in Breslau fehlen? Sie gehen
210 3040 618 3093 hi erheiternde Momen
2679 3052 3068 3102 Die Ortsverwaltung.
1960 3052 2146 3109 sammlung.
710 3072 1874 3147 in den „Reigen“, um sich — zu entrüsten. Wenigstens äußerlich.
210 3080 623 3131 ezeichneten germanisch
1929 3088 3096 3143 Deutscher Holzarbeiterverband, Verwaltungsstelle Breslau. Diens¬
1786 3105 1842 3163 3.
216 3116 624 3171 ise durch das Publikur
1962 3138 3095 3180 tag, den 9. Mai, abends 7 Uhr, im großen Saale des Gewerk¬
222 3151 619 3211 isich peinlich blamien
1968 3168 3104 3230 schaftshauses: Außerordentliche Mitgliederversammlung. Näheres
224 3197 591 3253 Redner den Irrtum
1960 3212 2213 3264 siehe Inserat.
803 3207 1879 3278 Wenn man die Films der heutigen Zeit betrachtet, kann
230 3232 597 3284 die abfällige (aber
1925 3246 2091 3317 Se
720 3244 1880 3312 man, gerade auch bei den guten Filmstücken vielfach die Be¬
219 3263 663 3323 und des vorspringenden
715 3289 1885 3346 obachtung machen, daß der alte Satz: „alle Schuld rächt sich auf
217 3308 643 3366 ner der „fremden Rasse
2263 3298 2765 3367 Aus der Geschäftswelt.
714 3325 1882 3386 Erden“, heute seine Bedeutung verloren hat. Nicht der wirkliche
221 3348 665 3399 esonders auch der mehr¬
2017 3355 3106 3418 Das bekannte Modehaus A. Bielschowsky verlegt seinen
719 3372 1893 3428 Schudige wird immer bestraft, sondern gerade der Unschuldige
232 3382 670 3429 diesen Merkmalen nicht
1936 3391 3099 3458 Sitz von Kattowitz nach Breslau und eröffnet sein Geschäft am
714 3408 1888 3465 wird oft vom harten unerbittlichen Schicksal verfolgt. Es ist dies
219 3427 671 3470 lte Formenunschönheiten
1929 3439 2678 3503 Dienstag, den 9. Mai, Schmiedebrücke 29.
717 3456 1881 3511 wohl auch ein Zeichen der Zeit. Kriege haben als Folge¬
211 3462 661 3532 Onnte man in Reinkultur
