3532 4352
345 129 502 207 11.
1029 115 1457 210 box 18/3
530 138 841 225 Reigen
1294 948 1384 1028 —
755 1079 1290 1178 Shamnitzer Tageniat
959 1155 1160 1232 tehnitg
950 1321 1267 1398 A 4
847 1450 1249 1568 A F AUG.
626 1602 1494 1694 Aus dem Dresdner Theaterleben wird uns
548 1656 1490 1719 von unserem Theatermitarbeiter geschrieben:
550 1695 1482 1768 Etwas verspätet kommt Schni##Rei¬
560 1740 1486 1801 gen“ nach Drésden. D Grund hierzu mag
558 1772 1491 1841 sein, daß kein Thsater das Stück in den Spiel¬
555 1814 1493 1882 plan aufnehmen wollte, weil die Dresdner Presse
561 1857 1482 1918 von vornherein mnergisch gegen das Werk ge¬
563 1893 1493 1958 schrieben hatte. Nachdem die Fehde über das
557 1938 1484 1991 Stück ins Berlins ausgefochten ist, wagte das
558 1968 1491 2035 Residenztheaßer die Berliner Direktion
556 2012 1489 2072 Hubert Reusch mit ihren Künstlern zu einem
571 2056 1500 2115 einmonatigen Gastspiel einzuladen. Am Freitag
565 2096 1501 2155 fand die erste Aufführung statt. Sie verriet eine
558 2130 1500 2194 sorgfältige, wohlabgeschliffene Inszenierung. Die
563 2174 1495 2233 Künstlerschar zeigte Routine. Der Eindruck auf
563 2210 1507 2269 das Publikum war geteilt. Zu einer Entrüstung
558 2252 1493 2326 kam es allerdings nicht. Das übervolle Haus
575 2293 1502 2349 verhielt sich am Schlusse schweigend. Zuschauer,
564 2325 1494 2391 die durch Lachen ihr Unverständnis oder durch
571 2370 1494 2429 Zischen ihre Ablehnung bekundeten, wurden zur
565 2419 853 2482 Ruhe gebracht.
642 2425 1505 2496 Ganz im Gegensatz dazu bewegt sich in völlig
570 2480 1503 2546 erotiklosem Bahnen das neue und für die dies¬
579 2519 1496 2586 jährige Sommerspielzeit letzte Lustspiel des
1301 2563 1504 2625 Muster¬
1102 2570 1222 2623 „Der
567 2577 1029 2629 Centraltheaters:
567 2602 1501 2673 gatte“ von Hogwood und Togsen, das am
579 2642 1502 2706 gleichen Abend seine Erstaufführung erlebte. Es
579 2681 1504 2748 stellt einen völlig harmlosen Stoff mit ein wenig
582 2719 1509 2782 moralisierendem Untergrund dar. Ein überaus
578 2763 1508 2823 solider Ehemann langweilt seine Frau dermaßen
579 2798 1506 2862 durch seine unproblematische Natur, daß sie mit
578 2842 1514 2900 Scheidung droht. In seiner Verzweiflung wen¬
581 2876 1510 2941 det sich der unschuldig Schuldige an einen lebe¬
577 2919 1502 2983 männischen Freund. Mit Hilfe von dessen ebenso
587 2956 1509 3018 naiver, engelgleicher Gattin wird ein nächtliches
1368 2995 1515 3048 Prompt
589 3002 1358 3062 Rendezvous mit Gelage inszeniert.
581 3035 1513 3100 werden sie erwischt. Bitten, Erklärungen, neue
593 3072 1509 3141 Mißverständnisse, kurzum eine Reihe zwerchfell¬
580 3109 1521 3181 erschütternder Situationen. Schließlichwendet
579 3229 1510 3295 sich doch noch alles zum besten. Man vereint sich
572 3276 1509 3331 wieder, nachdem man die Lehre bekommen hat,
577 3312 1507 3370 daß zur Erhaltung der Liebe ein gegenseitiges
578 3352 1505 3411 Rätselstellen und =raten gut tut. Unter Otmar
574 3392 1508 3452 Langs Regie wurde flott und vornehm gespielt.
574 3428 1508 3492 Dank ihm und der ausgezeichneten Künstlerschar
583 3468 1513 3534 an deren Spitze Arthur Klaproth in der Haupt¬
571 3513 1522 3563 rolle glänzte, kam ein außerordentlicher Erfolg
1367 3543 1484 3605 G. J.
575 3561 745 3631 zustande.
2147 501 2738 623 Gir SCHUSTERNAN
2001 623 2790 754 ZEITUNGS - AUSSCHNITTE
2007 690 2803 786 BERLIN SO16, RUNGESTRASSE 22-24
2019 738 2791 834 GRöSSTES DEUTSCHES ZEITUNGS-AUSSCHNITT-BORo
1977 887 2891 1031 Weser=Zeitung Bremen
1972 975 2875 1081 Das führende Blatt Nordwestdeutschlands
2236 1045 2641 1117 mit täglich 3 Ausgaben
2579 1075 2865 1147 Perte
2281 1116 2389 1158 Morgen¬
2286 1134 2583 1196 Mittag= Ausgabe Nr.
2008 1133 2268 1225 Ausschnitt aus der
2268 1179 2376 1229 Abend¬
2488 1201 2871 1311 12 Allglasz.
2011 1223 2091 1293 vom
1955 1289 3009 1393 Dresden. Schnitzlers „Reigen“. Dr. Schreiber hatte
1869 1341 3004 1436 im Residenztheater mit der künstlerisch gemilderten, abge¬
1877 1366 3022 1482 klärten, Aufführung des vielumstrittenen „Reigens“ einen
1883 1425 3012 1535 schönen Erforg Am Tage der Ankündigung der Auffüh¬
1886 1462 3018 1570 rung war das Theater schon ausverkauft. Ein starkes
1877 1505 3020 1618 Polizeiaufgebot in Uniform und mehr noch in Zivil. Per¬
1890 1549 3029 1664 sonen unter 20 Jahren hatten zum Kunsttempel keinen
1883 1588 3023 1704 Zutritt. Handzettel wurden verteilt, worauf die Direktion
1896 1630 3034 1753 den Kartenkäufer verpflichtete, weder Zeichen des Beifalls
1886 1681 3045 1794 noch des Mißfallens zu äußern. Und so geschah es! Man
1876 1834 3007 1905 stand im Banne der künstlerischen Leistung des Berliner
1871 1878 3013 1944 Gesamtgastspiels, das die gekürzte Dichtung zu einem Kunst¬
1871 1924 3010 1989 werk erstehen ließ, das nirgends verletzte. Die grobsinn¬
1874 1962 3016 2029 lichen Operetten und französischen Schwänke, die hier in
1879 2023 3010 2082 Dresden die Zensur freigab, sind in ihrem unkünstlerischen,
1882 2049 3006 2118 undeutschen Wesen im Vergleich mit dem geschmähten Kunst¬
1873 2095 3017 2165 werk „Reigen“ wahre Ausgeburten sittlicher Entgleisungen,
2470 2136 2999 2206 Johannes Reichelt.
2955 2634 3078 2722 7 8
2191 2745 2909 2844 Heisiseh-Wostfalisene Zeit
2901 2742 3005 2847 650
2277 2824 2829 2924 Eanen a. Ruhr.
2600 2980 3011 3112 12AUG. 1822
2697 3155 2849 3232 st
3082 3217 3182 3304 WS
3089 3286 3164 3337 Dr.
2036 3281 3088 3334 linser Dresdner Kunstberichterstatter schreibt uns:
1998 3336 3163 3379 Schreiber hatte im Residenztheater mit der gemilderten Auf¬
2013 3363 3154 3432 ührung des vielumstrittenen Nengams einen Erfolg. Am Tage
2009 3412 3159 3460 der Ankündigung war desThenlek schönk ansverkauft. Ein starkes
2000 3451 3157 3509 Polizeiaüfgebot =inUniform und mehr noch in Ziil. Personen
2001 3477 3179 3545 unter 20 Ichren hatten keinen Zutritt. Handzettel wurden, wie
2010 3521 3207 3591 anderswo auch, verteilt, worauf die Direktion den Kartenkäufer
2005 3573 3181 3623 verpflichete, weder Zeichen des Beifalls noch des Mißfallens zu¬
1999 3599 3156 3668 äußern. Die grobsinnlichen Operetten und franzötischen Schwänke
