3336 4352
99 85 875 147 thiebeweisen für den Gast, d ssen ur¬
115 125 867 192 sches Programm, das des Sozialis¬
121 165 869 243 großen Dienste für den französischen
122 228 872 295 jetrußland zurückgetreten ist. Herr
133 274 853 330 jetzt auf dieser Linie geblieben und
113 318 863 391 hau eine Art Militirkonven ion mit,
109 373 866 420 n formellen Vertrag basiert und nur
115 421 867 486 iplomalischen N#te feststell:, daß die
98 459 854 530 n in der gemeinsamen Sorge für
112 514 864 585 Frieden und in der Gemeinsamkeit
104 564 852 623 darin übereinkommen, für die Ver¬
112 613 862 677 nteressen in engerer Fühlung mit¬
102 670 857 727 . Von einer handelspoli ischen Unter¬
107 714 857 781 der von einem Handelsvertrag ist in
115 757 851 838 Rede. Es wäre aber doch nötig ge¬
99 808 849 875 Frage mehr Gewicht zu legen. Die
124 857 856 917 bfiedet sich nach sichs K iegsjahren
100 899 853 974 lsten Zerrüßtung, das polnische Agrar¬
120 965 848 1019 imsta de, die En hrung des S aats¬
114 1006 846 1074 llen Wir haben gestern mi get ilt,
99 1050 847 1121 eOeffentlichkeit mit der Lage Polens
94 1105 856 1169 gt und die Aufmerksamkeit auf den
110 1160 862 1223 er richtet der die breihen Massen des
151 1192 843 1265 intnerpt. Die Gründe, aus denen
145 1255 851 1315 gesade jetzt Notrufe aus Warschau¬
109 1301 848 1365 cherlich den Untergrund des mensch¬
110 1357 842 1417 us. Zweifellos aber schwingen auch
97 1401 840 1467 nit und es soll darauf aufmerksam
97 1442 849 1528 ß Polen willenlos und mit offenen
93 1500 850 1555 Auen Krieg hineingetrieben wird, der
101 1537 840 1617 hanzielle Kraft tiesst erschüttern kann.
99 1585 843 1659 echungen des Marschalls Pilsul fki
106 1640 842 1708 leitenen Außenministers Sapieha
95 1705 840 1760 chen Ministern haben die äußeren
111 1759 851 1816 en breitesten Raum eingenommen.
115 1795 849 1862 he Zeitung, die für gewöhn¬
111 1837 835 1908 tete „Chicago Tribune“, teilt mit,
110 1893 839 1969 eine militärische Unterstützung nur
99 1934 836 2015 hes deutschen oder russischen An¬
88 1975 837 2071 n zugesagt. Dagegen würde es
105 2041 843 2114 hechisch=polnischen Konflikt neutral
123 2095 841 2166 würde hervorgehen, daß Polen mit
130 2146 842 2214 seinen Grenzen rechnet. Wenn ein
111 2187 830 2255 ge gerät. dann ist gewöhnlich seine
117 2245 837 2314 t frei von Schuld. Es liegt weder
122 2287 834 2365 Tschecho=Slowakei noch in jenem
93 2343 832 2407 olen Krieg zu beginnen. Die Tschecho¬
95 2398 841 2467 leden halten, weil ihre geographische
128 2439 836 2518 ist und weil ihre inneren Verhält¬
99 2486 831 2557 s Krieges nicht vertragen würden.
99 2543 837 2611 t seine Existenz. Woher rührt also
99 2582 675 2660 r derartigen Bebrohungen?
114 2633 828 2706 Inne#n genug zu tun, um geordnese
112 2687 830 2757 ffen. Der Warschauer Zentralismus
91 2739 825 2802 chsetzen und kämpft ununterbrochen
109 2787 825 2860 ebest ebuigen Posens und Galizi ns.
114 2837 827 2906 gleiten kommt noch die große und
126 2892 834 2961 Ukraine mit ihrer für Ostgalisien
98 2937 827 3002 en peinlichen Anziebungskraft. Das
107 2988 828 3052 nur mit äußerster Vorsicht und nur
128 3033 832 3106 geheilt werden können. Der ewige
111 3082 835 3157 Polen heute die Rolle der französi¬
128 3141 820 3201 zuweist, verhindert es, daß das un¬
109 3175 833 3254 Ruhe kommt und sich der Ordnung
109 3231 832 3301 uwenden kann. Der Krieg gegen
97 3288 820 3351 lär und es würde wahrscheinlich
141 3333 827 3395 schwer fallen, den eventneslen Ab¬
106 3375 825 3446 Perhandlungen patriotisch zu um¬
95 3434 818 3489 Vaterland für bedroht zu erklären.
141 3487 822 3547 ob selbst der siegreiche Ausgang
109 3525 816 3600 dzuges Polens eine Milderung seiner
101 3575 815 3647 eiten bringen könnte. Sicher aber
91 3633 818 3681 re Situation nicht en spannen kann
100 3683 825 3741 stische Ueberhitzung der allgemeinen
90 3723 820 3792 tlich für Polen Eineußen bringt, die
101 3773 824 3852 tgemacht werden könnten. Polen
931 86 1681 186 Polizei schützt das Gesetz.
1755 108 3187 171 Lärm und Ohrfeigen im Parlament. — Tumult
1797 146 2304 242 im Gemeinderat.
994 199 2025 299 Den öffentlichen Aufführungen des „Reigen“ war,
2062 218 3179 295 die Freizügigkeitserlässe des Herrn Sever gegen die
920 246 2007 345 wie gemeldet, eine Probe für die Zensur vorausgegangen.
2071 286 3178 344 Flüchtlinge) für das bedrohte Gesetz aufzutreten. Sie
915 319 2020 397 Da sich hiebei kein Grund ergoben hatte, die Vorstellung
2064 336 3187 410 schlugen also im Parlament Lärm, die Cyristlichsozialen
920 381 2017 443 zu verbieten, hatte Bürgermeister Reumann in
2064 393 3181 454 replizierten mit „Jud! Judl Jud!“, Herr Sever er¬
923 426 2007 489 seiner Eigenschaft als Landeshaaptmann den „Reigen“
2064 434 3180 504 hielt eine Ohrfeige, man trommelte mit Pultdeckeln,
912 471 2004 541 für die Kammerspiele freigegeben. Einer Vorstellung
2070 476 3181 538 Fänsten, Aktenstößen. Im Gemeinderat dasselbe Schau¬
909 520 2016 589 wohnte nun eine christlichsoziole Bräfin bei. Sie nahm
2071 538 3187 600 spiel. Und am Abend stand die Polizei vor und im
919 578 2015 636 das ihrer Weltanschauungentspiechende Aergernis und
2063 585 3184 645 Theater und schützte das Gesetz. Allen ist geholfen. Der
910 617 2004 686 bearbeitete die gesinnungsverwandte Presse so lange. bis
2068 630 3186 704 Theaterdirektor hat eine prachtvolle Reklame, die ihn
904 662 2018 740 die „Reichspost“ offen mit Ruhestörungen drohte. Ein
2060 678 3172 742 keinen Heller kostet, bis Montag sind alle Karten ver¬
911 723 2010 773 paar junge Mitglieder der Orel=Partei fühlten sich ver¬
2060 740 3173 796 griffen, Christlichsoziale und Sozialdemokraten steyen
909 774 2010 829 anlaßt, die Moral zu retten. Sie hatten, wie sie selbst
2064 780 3192 865 vor ihrer Wählerschaft als verfluchte Kerle da. So ist
909 811 2002 889 bei der Polizei angaben, das Stück nicht gesehen, nicht
2063 823 2505 911 der Reigen geschlossen.
903 867 2003 927 gelesen, aber da es die Partei so wollte, versuchten sie
905 917 2010 979 im Theater Lärm zu machen, wurden aber verhaftet.
2162 905 3180 989 Unsere Ansicht über die Bühnenaufführung des
992 960 2005 1039 Jetzt war für die Christlichsozialen der Moment
2066 958 3173 1035 Reigen“ haben wir bereits nach der Premiere in den
903 1007 2000 1086 gegeben, offiziell, parteiamtlich aufzutreten und aus der
2055 1027 3169 1081 Kammerspielen unzweideutig zum Ausdruck gebracht.
905 1065 2010 1135 Geschichte so viel Kapital zu schlagen als nur möglich.
2057 1072 3180 1150 Schnitzler bat diese Dialogreihe nicht für die Bühne ge¬
908 1118 2001 1192 Sie haben ja in der letzten Zeit viel Pech gehabt. West¬
2064 1128 3173 1185 schrieben, hat sich durch lange Jahre gegen die In¬
906 1166 2007 1241 ungarn kriegen sie von Horthy nicht, mit dem Anschluß
2062 1164 3178 1240 szenesetzung des „Reigen“ gewehrt, ja, eine im Juhre
909 1212 1998 1284 kann man nichts machen, in Paris hat ihre glorreiche
2065 1221 3177 1285 1919 veranstaltete Aufführung im letzten Augenblick
895 1260 2000 1331 Regierung keinen Erfolg gehabe Rise he#i den
2048 1257 3166 1334 inhibiert. Wir haben mit Bedauern jengestellt, daß der
905 1304 2001 1379 Juden! Das hat noch immer genützt. Die Regierung
2063 1311 3175 1391 Dichter sich selbst untreu geworden ist, wenn er jetzt
896 1358 1996 1422 fürchtete sich zuerst. grob aufzutreten, und der Min ister
2049 1365 3175 1416 die Bühnenaufführung kuldet, und halten die von
898 1402 2008 1467 Glanz schrieb an den Polizeipräsidenten Schöber einen
2055 1416 3160 1479 Schnitzter so lange Zeit geäußerte und bewiesene Ueber¬
906 1452 2005 1523 Brief, er möge doch so gut sein und den „Reigen“ ein¬
2054 1468 3162 1530 zeugung aufrcht, daß die Inszenierung dieser Dialoge
911 1507 2008 1571 stellen. Herr Schober wollte nicht, denn das Gesetz
2054 1514 3169 1582 unkünstlerisch, ja geschmacklos ist. Auch die Art, wie der
900 1555 1995 1627 spricht da zu deutlich. Also mußte der Kabinettsrat da
2060 1563 3166 1629 „Reigen“=Rummel begann, war uns nicht gerade som¬
902 1604 2000 1667 die „Reichspost“ und die übrigen Blättlein, die das
2055 1615 3162 1678 pathisch. Für eine Sensationsmache mit Tausendkronen¬
899 1663 2001 1718 „Fensterln“ auf dem flachen Land als gemütstiese
2046 1660 3167 1740 sitzen haben wir nichts übrig. Auch für das Publikum
891 1698 1993 1774 Aeußerung rustikalen Wesens lieben und den Operetten¬
2053 1719 3079 1778 nicht, das sich lüstern um die teuren Plätze balgte.
902 1747 1995 1821 schund als höchste Blüte „weanerischen Hamurs“ ver¬
2140 1747 3162 1829 Deshalb ist aber der christlichsoziale Feldzug gegen
894 1805 1994 1877 ehren, eine Sitzung halten und den Reigen“ ver¬
2045 1808 3153 1870 den „Reigen“ nicht minder verlogen und lächerlich. Die¬
895 1848 1998 1921 dammen. Wenn man schon kein Geld hat und der
2041 1854 3156 1917 selben Herren, welche gegen die Verderbung des Wiener
895 1898 1989 1972 Finanzminister von einem 42=Milliorden=Defizit erzählt,
2043 1905 3155 1974 Kunstgeschmacks durch die Operettenseuche nichts einzu¬
894 1950 1999 2010 dann will man doch wenigstens die Sittlichkeit retten.
2053 1957 3159 2013 wenden hatten, laufen jetzt gegen eine Aufführung
896 2001 1995 2071 Es erging das Verbot. Der Oeffentlichkeit, die wahrlich
2046 1998 3162 2073 Sturm, in welcher doch ein wirkliches Kunstwerk ver¬
892 2051 1995 2129 anderes zu bedenken hat, teilte man durch die „Staats¬
2041 2057 3139 2130 mittelt wird. Und das Manöver, aus der „Reigen“
886 2100 1489 2167 korrespondenz“ folgendes mit:
2039 2105 3146 2192 Affäre ein Politikum zu machen, ist doch zu durch¬
2045 2145 2425 2231 sichtig und schäbig.
1053 2153 1978 2211 „Bereits vor Zulassung der Aufführung des „Reigen
943 2193 1987 2261 durch den Magistrat Wien al politische Landsbehörde
945 2235 1986 2295 hat der Polizeipräsident den Bürgermeister von Wien auf
2126 2237 3164 2323 Die gestrige Vorstellung vollzog sich hinter einem
957 2280 1986 2332 die schweren Bedenken aufmerksam gemacht, die der Auf¬
2041 2292 3155 2372 grandiosen Polizeiaufgebot. Alle Zugänge zum Theater
952 2316 1983 2375 führung des Stückes entgegenstehen. Der Magistrat er¬
2048 2352 3158 2415 in der Rotenturmstraße waren durch Polizei besetzt, nur
954 2354 1909 2412 teilte jedoch nach Anhörung des Zensurbeirates mit
1925 2361 1985 2414 Be¬
946 2394 1912 2457 scheid vom 12. Jänner die Aufführungsbewilligung
2038 2401 3154 2463 Kartenbesitzer erhielten Zutritt. Auch im Theaterraum
950 2441 1985 2493 nun erfolaten Aufführungen des Stückes gaben zu leb¬
2040 2442 3161 2518 befanden sich Detektivs. Das Publikum zeigte zum
942 2470 1980 2522 haften Erörterungen in der Oeffentlichkeit Anlaß. Hieber
2048 2500 3150 2560 Unterschied von den Schauspielern starke Nervosität und
958 2511 1979 2578 prach sich die weitans überwiegende Mehrzahl der öffent¬
2047 2543 3152 2614 geriet in Unruhe, so oft ein Programmzettel raschelte.
947 2555 1983 2609 lichen Stimmen dabin aus, daß die Aufführung nach
947 2592 1992 2643 ihrem Gesamteindruck eine arge Verletung der Sittlichkeit
2041 2599 3148 2668 Die Rufführung selbst ging ungestört und unter starkem
950 2630 1981 2679 bedeute. Kundaebungen aus der Bevölkerung und zahl¬
2044 2643 3147 2727 Beifall des Anditoriums, das sich Mut klatschte, vor sich.
949 2674 1986 2729 reiche Artikel der Presse verschiedener Richtung ließen er¬
946 2711 1980 2769 kennen, daß diese Vorführung mit dem sittlichen Empfin¬
2114 2705 3078 2817 Die „Reigen“=Affäre im Wiener
942 2749 1985 2808 den weiter Kreise der Miener Bevölker##g in scharfem
945 2788 1980 2847 Gegensatz steht. Der Bundesminister für Inneres und
2449 2779 2724 2870 Landtag.
950 2829 1977 2895 Unterricht richtete daler an den zunächst zur Beurteilung
2436 2847 2746 2918 Wüste Szenen.
946 2867 1976 2915 des Falles berufenen Bürgermeister von Wien die Ein¬
952 2909 1986 2969 adung, zu der durch die öffentlichen Aufführunger ge¬
2123 2899 3155 2967 Es war vorauszusehen, daß das „Reigen"=Verbok
940 2947 1985 2991 gebenen Eachlage Stellung zu nehmen. Der Bürger¬
2032 2956 3139 3025 ebenso wie in der Nationalversammlung auch in der gestri¬
945 2989 1985 3042 meister erklärte jedoch, daß er nicht in der Lage sei, seine
2032 3003 3155 3071 gen Sitzung des Wiener Landtages starken Widerhall finden
941 3025 1975 3089 erste Entscheidung abzuändern. Aus Rücksichten der
2038 3055 3143 3122 werde. Und in der Tat kam es anläßlich eines von Sozjal¬
937 3060 1974 3122 öffentlichen Sittlichkeit sah sich nun die Bundes¬
935 3098 1975 3147 regierung veranlaßt, die weiteren Aufführun¬
2030 3100 3142 3165 demokraten gestellten Dringlichkeitsantrages, in welchem dor
945 3146 1973 3198 gen des „Reigen“ zu untersagen. Sie glaubt, sich
2037 3149 3151 3222 Landeshauptmann als Bürgermeister von Wien aufgefordert
944 3179 1977 3230 hiebei mit der öffentlichen Meinung, abgesehen von einem
2027 3198 3145 3274 wird, die Autonomie und Freiheit Wiens aufs energischeste
937 3218 1978 3269 kleinen, für das Wiener Volksempfinden wohl nicht maß¬
2033 3249 2726 3315 zu wahren, zu wüsten Tumultszenen.
937 3257 1970 3337 gebenden Zuhörerkreis, in voller Uebereinstimmung zu
942 3295 1106 3355 befinden.“
2122 3283 3152 3365 Von den Gemeinderäten Speiser und Genossen lag
954 3333 1971 3401 Nun ergibt sich folgende hübsche Sithation: Das
2032 3343 3137 3419 folgender Antrag vor: Dem Vernehmen nach hat der Bun¬
877 3384 1969 3456 Stück ist auf Grund des Verfassungsgesetzes gestattet,
2029 3399 3142 3465 desminister für Inneres und Unterricht die weitere Auf¬
885 3445 1971 3505 aber von der Regierung auf Grund einer kaiserlichen
2029 3444 3134 3516 führung des Theaterstückes von Schnitzler „Reigen“ ver¬
883 3491 1976 3563 Verordnung aus dem Jahre 1850 untersagt. Die Polizei
2024 3504 3138 3563 boten. Nach der Theaterverordnung vom 14. November 1850
882 3536 1971 3619 steht auf dem Standnunkt, daß für sie die Verfassung
2031 3548 3129 3612 bedarf jede Bühnenproduktion vor ihrer ersten Darstellung
879 3599 1975 3663 maßgebender sei als eine verschimmelte Verordnung, und
2031 3598 3127 3654 der Aufführungsbewilligung von seiten des Statthalters.
882 3633 1971 3708 Präsident Schober erklärte dem Thaterdirektor: „Das
2031 3647 3127 3708 Nach § 5 kann die erteilte Bewilligung aus Beweggründen
868 3687 1978 3755 Stück ist freigegeben. Ich war dagegen.
2032 3696 3133 3753 der öffentlichen Ordnung jederzeit zurückgenommen werden.
872 3734 1970 3803 Jetzt schütze ich das Stück!“ Das ist nun die
2022 3744 3123 3810 Zuständig zur Erteilung einer Aufführungsbewilligung und
880 3788 1971 3858 wundervollste Gelegenheit für die Sozialdemokraten die
2018 3804 3125 3853 zur Zurücknahme der Bewilligung ist somit der Statthalter.
868 3831 1973 3902 sonst auf Verfassung und ähnliche Dinge pleifen (siebe
2020 3846 3129 3924 Nach dem neuen Bundesverfassungsgesetz ist an Stelle des
