3336 4416
536 426 720 511 Seite 2
1190 442 1487 520 Wien, Freitag
1915 451 2559 534 Neue Freie Presse.
511 529 1672 596 des Landes Wien dar, da zur Ausübung der Theaterzensur in:
1746 535 2793 609 Inzwischen hatte der Abg. Volker schristlichsozial) das
510 574 1576 640 Wien ausschließlich der Landeshauptmann von Wien befugt
1579 590 1643 646 ist.
1642 600 2800 666 Wort ergriffen, um den Standvunkt seiner Partei, welche das
513 616 1556 674 Das Verbot beweist, daß der Regierung das Diktat
1586 634 1634 676 der
1668 640 2802 702 Vorgehen des Ministers gutheiße, zu vertreten. Es herrscht aber
500 660 1572 721 Klerikalen höher steht als die Bestimmungen der Verfassung.
1660 693 2802 737 noch immer ein solcher Lärm, daß das Wort Volkers im
511 699 1552 754 wird die Frage gestellt, ob der Bundesminister für Inneres
1578 714 1638 762 den
1681 732 2808 793 Saale fast unverständlich blieb. Der Lärm legte sich erst, als der
497 744 1625 807 verfassungswidrigen Erlaß über das Verbot der Aufführung der
1666 766 2802 832 letzte Redner in dieser Debatte, Abg. Sein, das Wort ergriff.
492 786 1331 833 „Reigen sofort zuruckziehen wolle.
1744 816 2794 869 Abg. Seitz erklärt, das heutige Vorkommnis sei eine Folge
585 824 1640 893 Bei Veresung des Dringlichkeitsantrages Leuthner zeigte
1671 858 2793 914 des mangelnden Mutes der Christlichsozialen, die
496 867 1628 937 sich bereits im Saale große Unruhe. Die Abgeorneten der
1666 900 2805 948 Ministerposten durch Parteimänner zu ersetzen. So habe man
498 913 1634 985 beiden großen Partelen sammelten sich in dem Halbrund vor
1663 939 2796 984 einen strebsamen jungen Mann, der in den Präsidailbureaux ge¬
497 954 1623 1015 der Ministerbank. Unter ziemlicher Unruhe begann Abgeord
1664 983 2798 1028 dient hat, aber die Eignung zum Minister nicht besitzt, auf diesen
501 1006 1620 1055 neler Leuthner seinen Dringlichkeit intrag zu begründen. Er
1677 1021 2794 1074 Posten gestellt, und dieser müsse nun alles tun, wofür sie die
501 1048 1628 1113 erklärte, daß er sich nicht in eine Crorierung über ästhelische
1677 1062 2803 1115 Verantwortung nicht übernehmen wollen. Es handle sich hier nicht
498 1086 1621 1145 oder eihische Fragen einlasse und gar nicht fragen wolle, was
1666 1110 2786 1149 um den „Reigen“, sondern um die Tatsache, daß der Landes¬
509 1136 1638 1195 der „Reigen“ künstlerisch und ethisch bedeutet. Der Schwerpunkt
1667 1148 2789 1205 hauptmann eine verfassungsmäßige Entscheidung getroffen hat,
504 1174 1631 1237 liegt dari, daß der Minister des Innern einen schweren
1673 1192 2708 1248 ie sich auf das Votum des zuständigen Zensurbeirates stützt.
495 1215 1625 1283 Verfassungsbruch begangen habe, indem er ein Verbot
1754 1225 2788 1278 Gegen diese Entscheidung könnte nur die betreffende Partei
492 1270 1627 1325 erlassen hat, zu dessen Erlassung ausschließlich der Landeshaupt¬
1674 1272 2787 1326 den Rekurs an das Ministerium des Innern ergreifen. Das
495 1311 1627 1373 mann von Wien berufen ist. Abgeordneter Leuthner sprach in
1675 1313 2791 1369 Ministerium des Innern hat aber kein Recht, einzu¬
497 1351 1629 1428 sehr temperamentvoller Weise, was zahlreiche Zwischenrufe von
1674 1359 2791 1416 greifen. Wenn es sich auf die Verordnung vom Jahre 1850
490 1397 1174 1462 christlichsozialer Seite zur Folge hatte.
1676 1399 2792 1454 tützt, die ein solches Einschreiten ermöglichen würde, so hätt, sie
1670 1444 2786 1499 auf keinen Fall direkt mit einer Unterbehörde
560 1439 1622 1506 Die Bewegung dauerte an, als auch unmittelbar nach ihm
1664 1486 2794 1538 zu verkehren gehabt. Die Sache habe eine viel weiter¬
495 1461 1619 1541 der Minister des Innern Dr. Glanz sich erhob, um auf die
1665 1521 2793 1577 gehende politische Bedeutung. Die christlichsoziale Regierung
485 1520 1616 1579 Anfrage zu antworten. Die Ausführungen des Dr. Glanz decken
1668 1560 2795 1616 wolle diesen nebensächlichen Anlaß benützen, um in die
490 1567 1617 1622 sich im wesentlichen mit dem amtlichen Communiqué über die
1662 1604 2798 1667 Machtsphäre des Landeshauptmannes von
477 1615 1620 1682 Gründe des Verbotes. Als Minister Dr. Glanz betonte, daß sich
1660 1644 2786 1700 Wien einzugreifen, damit sie sich später in ernsteren
481 1662 1611 1719 zahlreiche Stimmen gegen die Aufführung
1663 1686 2429 1744 Fällen auf dieses Präjudiz berufen könne.
476 1708 1611 1763 des Stückes „Reigen“ geäußert haben, ertönte der Ruf:
1731 1717 2790 1784 Die Partei des Redners müsse gegen einen solchen Ver¬
492 1747 1585 1799 Welche Stimmen? Wo haben Sie solche Stimmen gelesen?
1665 1771 2587 1824 fassungsbruch den schärfsten Widerstand leisten.
2627 1775 2788 1830 Er wisse
477 1795 1611 1846 Abg. Seiß: „Außer in der „Reichspost“ und in den „Wiener
1667 1803 2785 1861 nicht, wie sich der Landeshauptmann Reumann gegenüber diesem
481 1834 1608 1890 Stimmen“ war nichts zu lesen.“ Minister Dr. Glanz: In ver¬
1660 1854 2780 1900 Verbot verhalten werde. Aber das wisse er, wenn man ein Nicht¬
486 1879 1609 1937 schiedenen Kreisen der Oeffentlichkeit hat sich ein lebhafter Unmut
1662 1898 2785 1945 befolgen des Verbotes mit Gewalt oder gar mit Waffengewalt
475 1929 1614 1980 gegen diese Aufführung geltend gemacht, der sich bis zur Ent¬
1663 1942 2796 1989 durchsetzen wollte, so würde die Arbeiterschaft ihre
480 1974 1603 2015 rüstung gesteigert hat. Abg. Seitz: „Woher wissen Se das?
1658 1978 2791 2030 ganze Kraft aufbieten, um einem solchen Verbot mit
491 2007 1611 2060 Wo haben Sie davon etwas gehört?“ Abg. Mataja: „Der
1659 2019 2791 2071 Gewalt entgegenzutreten. Dem Dr. Glanz lege er nahe, einen
483 2046 1616 2114 Herr Präsident als Krawallmacher.“ M.nister Dr. Glanz fährt in
1664 2065 2780 2118 Posten zu verlassen, für den er durchaus nicht die
477 2098 1605 2167 seinen Ausführungen fort und spricht über die Gründe, welche zu
1652 2102 1930 2163 Eignung besitze.
480 2136 959 2197 dem Verbot geführt haben.
1742 2143 2776 2195 Er müsse sich in schärfster Weise dagegen wenden, daß diese
1663 2164 2779 2237 unge Mann es wage, sein Urteil, das von einer großen Partei
562 2184 1495 2254 Im Saale her schte große Unruhe. Die
1545 2192 1610 2244 ge¬
1656 2232 2777 2284 dieses Hauses als unrichtig erkannt wird, durch Berufung auf
483 2223 1614 2290 ordneten Leuthner, Sever und Widholz riesen wiederholt:
1650 2270 2776 2334 das Urteil aller anständigen Leute zu stützen. Das sei eine grobe
492 2280 1604 2356 Sprechen Sie doch über die Verfassungsftage, I.re An¬
1655 2313 2786 2367 Verletzung nicht nur des parlamentarischen Anstandes, sondern
488 2322 1479 2388 sichten über das Stück interessieren uns nicht.“ Minister
1649 2357 2785 2425 aller Sitten, die ein Minister gegenüber einer Partei des Hauses
1558 2373 1607 2421 an
480 2364 1473 2412 Glanz: „Wenn man Argumeite belämpfen will, mi
1650 2392 1971 2459 zu beobachten hat.
479 2401 1609 2463 sie doch anhören.“ Der Minister sprach weiter über die Ten¬
1740 2442 2787 2504 Präsident Dinghofer erteilte Seitz wegen seiner Aeuße¬
488 2452 1608 2500 denzen des Stückes „Reigen“ und führte aus, daß in #iesem
1650 2482 2779 2553 rungen gegen Minister Glanz den Ordnungsruf. Von
481 2494 1612 2539 Stücke Vorgänge auf die Bühne gebracht werden, die auch bei
1657 2525 2786 2586 sozialdemokratischer Seite ertönen stürmische Rufe: „Warum
479 2539 1527 2587 den kulturell tiefstehenden Völkern gewohnlich mit einer
1545 2540 1602 2604 ge¬
1651 2575 2777 2645 rufen Sie den Glanz nicht zur Ordnung? Er hat die ganze
476 2589 1152 2640 wissen Diskretion behandelt werden.
1150 2583 1595 2642 1 bg. Witternig
1650 2607 2665 2680 Partei beleidigt. Er muß zur Ordnung gerufen werden.“
468 2620 1604 2688 „Nicht mogeln. Das ist eine Rezension für die „Wiener
479 2671 1607 2714 Stimmen“. Abgeordneter Zelenka: „Reden Sie über den
1701 2691 2734 2749 Tie antliche Mitteilung über das Verbot.
465 2708 805 2779 Verfassungsbruch.“
1728 2747 2775 2820 Die „Staatskorrespondenz“ schreibt: Durch eine Ver¬
686 2748 1392 2834 Das drohende Handae enge.
1646 2795 2768 2855 fügung der Regierung wurde die weitere Auf¬
550 2804 1611 2874 Am Schlusse seiner Ausführungen bemerkte der Minister,
1640 2845 2769 2911 führung des Bühnenwerkes „Reigen“
468 2857 1605 2911 daß er getrost die Beurteilung seines Vorgehens allen anständigen
1650 2883 1927 2958 ntersagt.
464 2904 1603 2951 Leuten überlasse. Diese Worte entfesselten einen neuerlichen
1728 2933 2326 3001 Hiezu wird amtlich mitgeteilt:
464 2942 1606 2991 Sturm bei den Sozialdemokraten. Die Abgeord¬
474 2990 1593 3035 neten Zelenka und Witternig drängen zur Minister¬
1725 2975 2759 3054 Bereits vor Zulassung der Aufführung des „Reigen“
465 3026 1604 3082 bank und hauen mit den Fäusten auf den Tisch
1640 3021 2763 3090 durch den Magistrat Wien als politiche Landesbehörde
473 3058 1596 3123 des Dr. Glanz auf. Andere Abgeordnete eilen ebenfalls,
1640 3081 2763 3142 hat der Polizeipräsident den Bürgermeister von Wien auf
466 3112 1595 3157 heftig gestikulierend, auf den Platz Dr. Glanz' zu und rufen
1637 3125 2762 3187 die schweren Bedenken aufmerksam gemacht, die der Auf¬
460 3150 1590 3196 stürmisch: „Hinaus-mitichm.das-ist eine Beleidigung, das
1645 3170 2668 3235 führung dieses Bühnenwertes entgegennehen.
2684 3175 2767 3239 Der
465 3191 1601 3245 lassen wir uns nicht gefallen: Man hat den Eindruck, als ob die
1638 3219 2768 3273 Magistrat erteilte jedoch nach Anhörung des
480 3233 1592 3282 ozialdemokratischen Abgeordneten Dr. Glanz mit Gewalt
1633 3261 2771 3331 Zenzurbeirates mit Bescheid vom 12. Januar 1921
466 3274 1595 3335 von seinem Platz wegdrängen wollen, namentlich die
471 3306 1527 3381 Abgeordneten Zelenka und Witternig zeigen sich sehr erregt.
1633 3312 2449 3381 die Aufführungsbewilligung.
566 3350 1600 3420 In diesem Augenblick versuchen die christlichsozialen, die auf
1720 3348 2767 3432 Die nun erfolgten Aufführungen des Stückes gaben
464 3390 1593 3445 der anderen Seite des Saales standen, vorzudringen, um Dr. Glan¬
1629 3374 2768 3471 zu lebhaften Erörterungen in der O ffentlichkeit Anlaß.
464 3436 1584 3498 vor tätlichen Angriffen zu schützen. Es kam in der Mitte des
1629 3452 2755 3509 Hiebei sprach sich die weitaus überwiegende Mehrzahl der
466 3473 1589 3543 Saales zwischen Christlichsozialen und Sozialdemokraten zu
1632 3497 2751 3563 öffentlichen Stimmen dahin aus, daß die Aufführung nach
456 3518 1583 3591 einem Zusammenstoß, indem die Parteien gegeneinander
1632 3549 2767 3620 ihrem Gesamteindrucke eine arge Verletzung der Sittlich¬
457 3556 1588 3623 drängten, wobei die Sozialdemokraten ununterbrochen gegen den
1629 3587 2756 3648 keit bedeute. Kundgedungen aus der Bevölkerung und
458 3598 1252 3666 Minister Glanz riefen: „Hinaus mit ihm!“
1626 3640 2756 3694 zahlreiche Artikel der Presse verschiedener Richtung ließen
547 3641 1595 3716 Plötzlich sah man in dem Drängen, wie die Faust
1626 3695 2769 3753 erleunen, daß diese Vorführung mit dem
457 3682 1582 3767 des Aogeordneten Pischitz den Kopf des
1641 3734 2761 3792 ittlichen Empfinden weiter Kreise
455 3728 1585 3804 Abgeordneten Sever iraf, nicht absichtlich, um
452 3774 1591 3848 ihn zu schlagen, sondern in dem allgemeinen Hii= und Hei¬
1626 3783 2759 3857 der Wiener Bevölkerung in scharfem
1630 3819 2119 3886 Gegensatze steht.
462 3814 1581 3898 stoßen. Sever und einige um ihn steyende Freunde, die an
458 3862 1578 3922 den absichtlichen Schlag glaubten, dränzten
1725 3869 2759 3933 Der Bundesminister für Inneres und
452 3914 1584 3978 nunmehr gegen Pischitz los. In diesem Augenblick gelani es
1632 3914 2748 3986 Unterricht richtete daher an den zunächst zur Beurteilung des
457 3950 1574 4007 en Ordnern, namentlich den Abgeordneten Forstner, Doktor
1635 3962 2754 4023 Falles berufenen Bürgermeister von Wien die Ein¬
450 3990 1520 4062 Waiß und Dr. Dinghofer, sowie den Abgeordneten Fink,
1623 4011 2742 4066 ladung, zu der durch die öffentlichen Aufführungen ge¬
456 4036 1512 4103 zwischen die Streitenden zu drängen und die Gruppen
1623 4064 2745 4115 gebenen Sachlage Stellung zu nehmen. Der
448 4079 1574 4138 trentken. Noch immer dauern aber die Unruhen im
1615 4096 2747 4166 Bürgermeister erklärte jedoch, daß er nicht in der
443 4113 637 4170 Saale an.
1623 4146 2750 4206 Lage sei, seine erste Entscheidung abzu¬
1617 4190 1827 4239 ändern.
447 4201 911 4272 ehrt hat. Er war gls #
1290 4213 1570 4273 AnnniaiRzii
1809 4233 1868 4274 1
2942 463 3294 550 11. Februar 192
2841 554 3277 630 bewilligung berechtigt i
2848 611 3289 675 Aus der Bestimmung
2843 653 3302 727 bewilligung der Kompc
2835 701 3296 771 mußte natürlich gefolge
2843 751 3291 822 unter den gegenwärti
2846 800 3289 868 regierung, allei be
2839 849 3292 914 rcassumieren. Dies un
2841 893 3260 963 ordnung ausdrücklich
2847 942 3291 1020 des Rekurses gegen die
2846 989 3291 1053 den Minister des Inne
2849 1037 3295 1105 führungsverbot beinhalt
2838 1088 3276 1149 Rekurs gegen eine die
2839 1133 3276 1204 ist nirgends die Rede.
3066 1203 3300 1294 Besprecht
2928 1267 3295 1342 Beim Bürgermeister
2830 1311 3282 1387 der die geschäftsführent
2830 1371 3291 1436 Es wurde den Vertretern
2832 1426 3290 1480 macht: „Der Bürgermei
2833 1461 3288 1527 der niederösterreichischei.
2828 1513 3295 1573 ausschließliches Recht, di
2832 1558 3290 1624 zu gestatten oder zu verb
2832 1609 3291 1675 niemandem nehmen lasse
2917 1651 3218 1717 Während der
2827 1692 3289 1769 Schober im Rathause
2827 1742 3293 1812 bürgermeister Emmer
2830 1792 3295 1876 Reumann, bei dem er
2829 1838 2962 1904 weilte.
3040 1915 3303 1991 Die Stelln
2911 1964 3299 2062 Der Polizei ist nach
2833 2023 3281 2088 etenzkreise bis mittag
2823 2079 3304 2140 Verbot durch die Bundes
2829 2117 3299 2186 daher ihrerseits keine Ve
2836 2171 3297 2229 ist deshalb auch kein
2820 2210 3307 2282 die Kammerspiel
2824 2263 3300 2326 regierung ihre Haltung n
2826 2315 3296 2370 nur Vorgänge auf der S
2829 2359 3295 2420 gebend werden für ein ak
2996 2436 3305 2507 Aeußerungen
2907 2485 3293 2553 Direktor Bernau
2812 2523 3188 2601 arbeiter gegenüber:
2906 2584 3298 2648 Ich habe bisher kein
2813 2626 3303 2702 von Artur Schnitzlers „R
2817 2676 3290 2739 nicht um die Nachric
2829 2721 3271 2788 hinter den politischen
2817 2763 3275 2836 maßgebenden Behörde,
2814 2819 3298 2879 Aufführung freigegebenes
2814 2870 3295 2928 einer Generalprobe geprüf
2817 2910 3295 2974 Mittel schützen wird. Meir
2810 2956 3303 3021 Schnitzlerschen Werkes sin
2858 3001 3303 3060 auf eine ausführliche ki
2817 3042 3305 3115 kann ich mich jetzt nicht ei
2814 3100 3304 3154 wvertvolles Kunstwerk. Ma
2812 3141 3292 3207 ich das Werk einzig aus
2800 3184 3296 3260 bringe. Ich kann beweisen,
2810 3235 3305 3296 in denen Cochonerien ent
2801 3273 3291 3344 aber auch wirkungsvolle
2806 3320 3291 3387 weise. Erst kürzlich habe
2796 3375 3308 3429 ausgezeichneten Qualitäten
2815 3419 3307 3479 gierung enthält, nicht zur 2
2805 3470 3305 3524 wird weiter zur Aufführun
2799 3505 3293 3585 versichtlich von der Behör
2786 3666 2860 3724 V
2782 3864 2834 3927 F
2791 3959 2837 4021 V
2785 4016 2832 4060 n
2784 4055 2831 4110 #
2789 4109 2834 4160 hr
