3496 4320
38 901 88 954 Fre
19 946 115 1017 Woll
68 1729 120 1792 ges
15 1828 120 1884 Unterr
18 2068 85 2137 getr
38 2119 116 2176 des
19 2167 116 2226 e Hel
19 2214 118 2277 Diszi
10 2263 117 2323 leichfa
22 2361 114 2422 getrag
15 2408 122 2467 8 Ver
10 2454 122 2521 hebun
45 2503 117 2563 eien
22 2553 115 2618 Ansu
18 2603 119 2659 dar
12 2749 125 2814 Fre
6 2795 112 2852 tuelle
9 2929 113 3016 ist vor
54 3239 120 3330 Sr
45 3336 86 3376 ie
19 3375 116 3435 oder
12 3463 126 3531 riere
34 3571 95 3625 err
14 3962 119 4021 Unhe
18 4009 115 4070 bt es
18 4057 113 4114 obli
14 4110 121 4164 zu hr
424 146 547 229 11
618 154 933 249 Reigen
1124 150 1517 236 box 17/5
1773 441 1883 544 Fr
1428 565 1513 655 #.
1421 572 1890 722 Vosdlsche Zeiens
1271 712 2252 793 Der Kampf um den „Reigen“.
1307 790 2211 895 Arthur Schnitzledüber sein Werk.
1223 878 2343 944 Aus Wien drahtet unser Portseter: Einem Mitarbeiter des
1187 938 2340 996 „Wiener Extrablatt“ erklärte Arthier Schnitzler: „Es gibt Leute,
1186 986 2349 1048 die bei aller Ehrlichkeit den „Reigen für unerlaubt halten, die aus
1187 1037 2345 1098 innerer Ueberzeugung heraus mein Perk ablehnen. Ich achte diese
1193 1088 2346 1153 Ueberzeugung, wie ich jede Ueberzekgung respektiere. Aber ich
1185 1142 2345 1201 glaube nicht, daß die Leute zu den aufrichtigen Menschen gehönen,
1189 1188 2349 1236 die aus einer ästhetisch=dramaturgischen Frage ein Politikum
1198 1230 2353 1280 machen. Nachdem ich mich einmal zur Aufführung entschlossen
1193 1281 2337 1346 habe, wird nichts gestrichen, keine Szene wird weggelassen und
1184 1329 2344 1387 von einer Zurückziehung ist keine Rede. Gegen Regieänderungen
1188 1377 2354 1446 habe ich nichts einzuwenden. Sie möchten noch einiges von der
1186 1422 2355 1486 weiteren Entwicklung der Angelegenheit erfahren? Lesen Sie
1198 1478 2350 1524 meinen „Professor Bernhardi“. „Meinen Sie,“ fragte der Fei¬
1187 1524 2353 1578 tungsvertreter, „weil auch dort aus einer nichtpolitischen Ange¬
1199 1572 2351 1629 legenheit ein Politikum gemacht wird?“ Schnitzler: „Und der
1189 1621 1652 1680 Professor arbeitet weiter!“
1223 1645 2346 1722 Das Verbot des „Reigen“ führte, wie unser Wiener Vertreter
1150 1718 2349 1769 tel meldet, auch in der Gemeinderatssitzung zu bei¬
1196 1754 2341 1819 spiellosen Tumultszenen. Die Sozialdemokraten hatten einen
1198 1797 2352 1846 Antrag eingebracht, worin vom Oberbürgermeister als Ländes¬
1199 1845 2344 1898 hauptmann verlangt wird, daß er die Autonomie des Landes Wien
1199 1883 2338 1947 gegen jeden Eingriff der Bundesregierung wahre. Die Christlich¬
1198 1931 2343 1981 sozialen setzten gleich nach Verlesung dieses Antrages mit tosendem
1185 1978 2353 2028 Lärm ein. Es ertönten Zwischenrufe, wie „Sauspiel“, „Schweine¬
1196 2021 2345 2075 rei“ usw. Eine Viertelstunde lang wurde ununterbrochen „Pfui“
1192 2070 2353 2121 gerufen. Bürgermeister Reumann wendete sich auf das schärfste
1190 2117 2354 2168 gegen den Minister des Innern und erklärte, daß er sich von nie¬
1199 2145 2363 2202 mandem zwingen lassen werde, das Stück zu verbieten. Im wei¬
1201 2191 2361 2246 teren Verlauf der Debatte kam es wiederholt zu überaus heftigen
1200 2231 2356 2290 Zusammenstößen zwischen Sozialdemokraten und Christlichsozialen
1204 2279 2355 2323 Schließlich wurde der Antrag der Sozialdemokraten mit deren
1202 2322 2351 2380 Stimmen angenommen. — Die schwarzgelbe „Reichspost“, die
1205 2359 2357 2420 ihren gestrigen Leitartikel betitelt „Der Reigen um die
1200 2410 2357 2467 Latrine“, teilt mit: Die Bundesregierung werde gegen den
1202 2452 2346 2509 sozialdemokratischen Landeshauptmann und Bürgermeister von
1197 2490 2354 2546 Wien wegen Verfassungbruches beim Verfassungsgerichts¬
1191 2539 2351 2590 hof Anklage erheben. Sie will prinzipiell entscheiden lassen,
1198 2579 2352 2628 daß § 42 der Bundesverfassung die Angelegenheiten der Theater¬
1196 2624 2347 2682 polizei und Theaterzensur als Bundessache bezeichnet, der Artikel
1200 2672 2351 2726 104 den Landeshauptmann an die Weisungen der Bundesregie¬
1193 2716 2357 2756 rung bindet. Die Artikel 10—13 und 15 geben aber wieder dem
1193 2755 2357 2805 Landeshauptmann Reumann recht, und dieser Ansicht scheint
1200 2806 1985 2862 auch der Polizeipräsident von Wien zu sein.
1244 2847 2358 2903 Am Sonnabend abend hatte der Katholische Volks¬
1200 2895 2356 2962 bund 300 Mitglieder entsandt, die vor den Kammerspielen mit
1202 2942 2354 3003 den Rufen „Pfui der Reigen“ und „Nieder mit den Sozialdemo¬
1198 2985 2360 3037 kraten“ demonstrierten und einige Theaterbesucher, die vorfuhren,
1199 3032 2362 3088 so erschreckten, daß sie sogleich wieder umkehren ließen. Herbei¬
1207 3082 2354 3131 ziehende Wachen vertrieben die katholischen Volksbündler, von
1212 3125 2363 3172 denen vier verhaftet wurden, ein Beamter der Stadt Wien, ein
1206 3168 2360 3214 Postunterbeamter, ein Fabrikarbeiter und ein Schneidergehilse.
1204 3213 2359 3270 Die Vorstellung selbst, der Arthur Schnitzler persönlich bei¬
1214 3253 2362 3320 wohnte, verlief ohne Störung bei starkem demonstrativem Beifall.
1200 3301 2359 3355 Dem Direktor Bernau wurden durch ein Mitglied der
1215 3350 2353 3404 christlich=sozialistischen Parteileitung große Demonstrationen auch
1199 3397 2365 3444 innerhalb des Theaters angedroht. Direktor Bernau erwartet,
1204 3441 2360 3494 daß Ruhestörungen innerhalb des Theaters von den Theater¬
1202 3486 2365 3547 besuchern, „die die literarische Bedeutung des Reigen zu würdigen
1214 3530 2359 3579 wissen und politischen Kämpfen abhold sind“ ohne Hilfe der
1205 3576 2368 3630 Polizei zurückgewiesen werden dürften. Direktor Bernau verweist
1198 3619 2360 3672 darauf, daß die in den Kabaretts und Varietés gewährten obszönen
1205 3666 2366 3724 Darbietungen ohne Einspruch der Parteien oder der Behörden
1213 3711 1395 3770 stattfinden.
1252 3752 2360 3813 Als Arthur Schnitzler seine 10 Dialoge schrieb, ahnte er wohl
1206 3793 2366 3864 nicht, zu welchen staatsrechtlichen Verwicklungen sein Werk führen
1204 3849 1340 3911 würde.
