3484 4256
334 174 846 270 11. Reigen
1034 177 1454 269 box 18/3
518 607 1107 770 Klose & Seid
568 719 1159 838 Dareau für Zeitungsausehmine
525 768 1208 911 geria K0. 4, Georgenkischiak 1
517 907 1081 1067 Tellute Landesreit
527 1066 637 1124 Ort:
535 1106 722 1197 Datum:
623 1307 1599 1402 Die „Reigen=Aufführung“ in Frankkurt.
559 1374 1747 1473 Der Menschheit Würde ist in eure Hand gegeben! Diese mora¬
462 1438 1750 1512 lische Verpflichtung hat jetzt auch Frankfurt gewahri durch die szeni¬
472 1474 1744 1569 sche Wiedergabe von Schnitzlers aus künstlerischen wie ästhetischen
474 1522 1743 1609 Gründen unaufführbaren Dialogen im Neuen Theater! Welcher
469 1561 1751 1640 dringende Grund dieses Unternehmen veranlaßte, nachdem die gei¬
473 1607 1748 1694 stige Kuppelwiese einer erotischen Sensation, die so recht dem mon¬
459 1655 1749 1743 dänen Kulturniveau des heutigen Deutschland entspricht, längst von
461 1697 1737 1783 betriebsamer Geschäftstüchtigkeit abgegraft ist, das ist schwer zu sagen,
455 1748 1737 1817 umso schwerer, da selbstverständlich jeder andere Zweck als der reiner
460 1785 1742 1868 Kunst von den höheren Motiven verdrängt wird, welche gebieterisch
466 1828 1736 1914 die Aufführung der Schnitzler=Dialoge gordern! Oder sollte es anders
465 1871 1745 1957 sein? Jedenfalls ist die Sensation bei der Frankfurter Aufführung
466 1920 1736 1995 nicht nur ausgeblieben, der Geist der Langeweile kam sogar über
468 1963 1743 2024 das Publikum, das sich mit erhöhten Eintrittspreisen unter polizei¬
459 2003 1738 2084 licher Sicherung gegen jede störende Protestkundgebung glaubte
465 2050 1730 2135 einen Sinnenkitzel erkauft zu haben, der sich nach der ersten halben
460 2091 1729 2175 Stunde als arger Reinfall erwies. Die Aufführung verlief ohne die
453 2144 1729 2220 gexingste Störung, in eisigem Schweigen verließ das Publikum das
455 2185 1735 2260 allerdings ausverkaufte Haus und in dieser vielleicht niht ganz
460 2232 1735 2304 natürlichen Objektivität mag Manchem nachträglich die kulturelle
455 2270 1729 2348 Blamage, die sittliche Schande zu stärkerem Bewußtsein gekommen
466 2316 1734 2386 ein die darin zu erblicken ist, daß man Dinge, über die die Natur
460 2358 1726 2434 selbst den Schleier des Dunkels und der Scham breitet, mit Vorrede
457 2405 1724 2474 und Nachrede zu literarischen Demonstrationen mißbraucht. Was der
456 2442 1725 2527 Oeffentlichkeit des Buchs erlaubt sein mag, ist niemals der robuste¬
458 2491 1735 2565 ren Oeffentlichkeit des Theaters zulässig; hier aber wird der letzte
448 2527 1720 2607 Rest von etwa im Buch vorhandener Feinheit, der lediglich als per¬
447 2574 1722 2642 sönliche Empfindungssache geltende etwaige Charme einer dichteri¬
445 2619 1725 2694 schen Arbeit in die Massivität grobsinnlicher Einstellung gekleidet
453 2668 1719 2738 und die Bühne, die eine moralische Erziehungsanstalt sein soll,
450 2713 1727 2780 wird ein Schweinestall. Als der Hund des Aubry über den
441 2746 1721 2825 Intendanten Goethe in Weimar triumphierte, da ward die Bühne
446 2800 1710 2866 zum Hundestall. Damals sprachen entrüstete Freunde der Kunst von
445 2838 1713 2914 Prostitution. Was sollen sie heute sagen, wo das Bett nicht nur in
413 2898 1677 2993 den Dialogen Schnitzlers, sondern überhaupt in der dramatischen
418 2938 1676 3037 Literatur eins der unentbehrlichsten Requisiten des Theaters gewor¬
421 2991 1684 3082 den ist und das Schickliche und Sittlich=Erlaubte eine Erweiterung
405 3025 1678 3122 etfahren hat, deren Eindeutigkeit nur noch durch die zehnmalige Ver¬
403 3067 1681 3179 dunkelung der Bühne im „Reigen“ übertroffen wird. Es ist auch
408 3117 1678 3216 erstaunlich, daß sich Künstler finden, die diese Rollen spielen. Zuge¬
397 3165 1671 3257 geben, daß mit möglichster Dezenz in Frankfurt das Szenisch=Uner¬
407 3205 1674 3304 hörte zur Tatsache wurde, so gehört doch eine starke Entäußerung ge¬
392 3247 1669 3340 wisser persönlicher Widerstände dazu, sich zum vermittelnden Träger
399 3293 1671 3381 einer Handlung zu machen, die abseits jeglicher künstlerischer Berech¬
391 3328 629 3394 tigung liegt.
488 3384 1673 3483 Was sonst noch über den „Reigen“ zu sagen ist, ist anläßlich der
390 3400 1672 3510 Münchener und Berliner Kulturereignisse schon gesagt worden. Es
396 3464 1663 3564 bleibt lediglich das Faktum einer traurigen Gewissenlosigkeit in Din¬
380 3504 1659 3602 gen der öffentlichen Kunstpflege zu konstatieren, die in der Herab¬
389 3560 1662 3656 würdigung des guten Geschmacks zu erblicken ist, verübt durch die
388 3595 1663 3695 Schamlosigkeit der Aufführung an sich. Auch das ist eines jener De¬
378 3643 1657 3739 generationszeichen, die typisch für unsere Zeit sind. Im übrigen ist
386 3692 1663 3784 es erfreulich, daß der gesunde Sinn und das erwachte sittliche Gefühl
373 3728 1648 3834 des Frankfurter Publikums doch über den „Reigen“ zur Tagesord
366 3775 989 3861 nung überzugehen gewillt scheint.
1548 3816 1623 3868 w.
2311 160 2880 248 Bureau für Zeitungsausschmitte
2258 214 2938 308 Berlin NO. 43, Georgenkirchplatz 21
2207 373 2886 477 Zeitung: Frankfurter Zeitung
2208 455 2324 523 Ort:
2441 464 2788 556 Frankfurt a. M.
2211 519 2385 595 Datum:
2161 696 3198 778 = Neues Theater und Bühnenvolksbund. Die Direktio
2098 699 3213 811 des Neuen Theaters und der Frankfurter Kammerspiele
2092 773 3227 858 bittet uns um den Abdruck eines Schreibens, das sie an den Rat
2102 811 3216 895 für küchslerische Angelegenheiten gerichtet hat. Wir
2100 845 3212 938 behalten un eine Betrachtung der Angelegenheit vor. Das Schrei¬
2092 888 3213 976 ben lautet; „Mündliche und schriftliche Meinungsäußerungen, die
2097 927 3213 1014 sämtlich das Verhalten des Bühnenvolksbundes gegen das Neue
2081 966 3205 1054 Theater verurteilen, veranlassen uns, beim Rat für künstlerische
2089 1005 3213 1093 Angelegenheiten hiermit gegen den Bühnenvolksbund und seine
2091 1044 3202 1134 Tätigkeit vorstellig zu werden. Wir erheben zunächst Einspruch
2087 1087 3210 1177 gegen die Anwendung wirtschaftlichen Boykotts aus Gründen künst¬
2079 1142 3209 1222 terischer Meinungsverschiedenheit, wie sie anläßlich der „Rei¬
2076 1174 3200 1256 gen Aufführung erfolgte. Wir wenden uns ferner dagegen,
2081 1209 3203 1290 daß der Bühnenvolksbund Teile der Frankfurter Bevölkerung ein¬
2084 1239 3194 1328 fach generell gegen unser Theater in der Weise aufhetzt, daß er den
2067 1281 3194 1373 Besuch nicht nur eines bestimmten Stückes als etwas Verwerfliches
2078 1319 3198 1407 hinstellt. Wir wenden uns drittens gegen seine unaufrichtige
2076 1358 3199 1448 Kampfesweise im erwähnten Fall, denn erstens hat mit dem Neuen
2081 1396 3199 1483 Theater überhaupt keine Geschäftsverbindung bestanden; mit den
2076 1435 3189 1528 Kamme spielen aber war man bisher nur in einem einzigen Fall
2070 1481 3185 1564 zu einem Uebereinkommen gelangt. Der Vorstand des Bühnen¬
2059 1520 3185 1602 volksbundes wußte, wie durch Zeugen festgestellt ist, schon längst um
2076 1556 3184 1645 die Absicht, den „Reigen“ aufzuführen. Er hat trotzdem für die
2067 1593 3182 1678 nächste Spielzeit mit der Direktion unterhandelt und sich erst unter
2070 1636 3185 1714 dem Druck gewisser Kreise, die, nebenbei bemerkt, auch gegen Dietzen¬
2069 1669 3197 1757 schmidts „St. Jakobsfahrt“ und Weismantels „Wächter unter dem
2070 1708 3172 1792 Balgen“ Einspruch erhoben, zu dem Protest gegen den „Reigen“
2063 1751 3188 1839 aufgeschwungen. Wir würdenes begrüßen, wenn der Rat für künst¬
2068 1789 3189 1868 erische Angelegenheiten Maßnahmen dagegen treffen könnte, wie
2059 1829 3183 1930 man der drohenden Tyrannisierung des Frankfurter Theatey
2053 1864 2274 1918 leberé durch
2346 1884 3075 1979 BREMbheTehnn
2775 1970 2869 2053 3
2185 2055 2381 2121 Zeitung:
2179 2124 2291 2188 Ort:
2191 2189 2390 2257 Datum:
2527 2250 2889 2364 001 1921
2596 2319 2721 2380 11
2753 2350 2811 2380 —
2117 2350 2925 2440 mit der „Pfarrhauskomodie verwechselt.
2234 2422 3159 2474 Schnitzlers „Reigen“ in Frankfurt. Nun hat
2121 2445 3145 2512 auch Frankfurt seine „Reigen“=Aufführung erlebt,
2124 2489 3151 2547 und zwar dauf den geschäftsklugen Vorbereitungen
2123 2530 3141 2587 des Direktors Hellmer vom Neuen Theater ganz ohne
2132 2569 3143 2630 Skandal. Herr Hellmer ließ sich einach vor Aus¬
2118 2607 3144 2662 händigung der Eintrittskarte von jedem Besucher
2128 2652 3150 2710 chriftlich bescheinigen: „Mir ist Schnitzlers Reigen
2123 2687 3142 2750 bekannt, und ich nehme an Inhalt und Form keinen
2114 2727 3131 2787 Anstoß. Ferner nehme ich zur Kenntnis, daß eine
2113 2764 3138 2828 Störung der Vorstellung einen Hausfriedensbruch
2117 2807 3145 2863 bedeuten würde.“ Das Frankfurter Westendpublikum
2111 2851 3138 2906 unterschrieb in so großer Zahl, daß mehrere ausver:
2122 2886 3136 2946 kaufte Häuser gesichert wurden. Der Versicherung
2106 2927 3138 2992 der Besucher, daß ihnen Schnitzlers Dichtung bekannt
2122 2965 3130 3027 ei, widersprach die Tatsache, daß in den Pausen, wäh¬
2107 3010 3126 3061 rend denen das Haus verdunkelt blieb, fortwährend
2113 3043 3127 3106 bald im Parkett, hald in den Logen, bald in den Rän¬
2116 3083 3133 3148 gen Streichhölzchen aufflammten, die Wißbegierigen
2107 3131 3128 3187 zum Studium des Theaterzettels dienten. Als ob es
2118 3168 3126 3220 nicht ganz einerlei zum Verständnis dieser Bühnen¬
2109 3206 3126 3264 vorgänge wäre, wie Schnitzler „sie“ oder „ihn“ be¬
2104 3244 3126 3303 nannt hat. Dort, wo das „Handwerk“ des weiblichen
2110 3281 3127 3344 Spielers von Bedeutung ist, wird es ohnedies in
2115 3325 3125 3384 eindentigster Weise zum Ausdruck gebracht. Auf die¬
2109 3361 3121 3423 ses „literarische“ Publikum braucht das Neue Theater
2115 3406 3127 3459 also nicht stolz zu sein. Der Leiter dieser Bühne tat
2112 3443 3127 3504 aber noch ein übriges: er ließ vorher in der Presse
2110 3481 3121 3542 bekannt geben, daß Schutzleute im Theater verteilt
2113 3519 3118 3577 seien, um sofort gegen Ruhestörer einzuschreiten. Da
2110 3560 3112 3620 zudem auch der Herr Polizeipräsident selbst anwesend
2106 3606 3120 3659 war, blieb alles mänschenstill, nicht einmal Beifall
2111 3641 3121 3697 wagte sich heraus, denn man wußte ja garnicht, wie
2103 3679 3117 3739 die Polizei den aufnehmen würde. Einen Protest
2096 3721 3122 3785 gab es aber trotzdem, wenn auch nur einen gedruckten:
2095 3768 2203 3813 steute
2083 3854 3098 3927 der Bühnen=Volksbund, der gegen 10000 Mitglieder
2091 3900 3091 3966 hat, erhob in deutlichster Sprache gegen die Auffüh¬
2092 3944 3090 4007 rung Einspruch und erklärte, mit einem derartigen
2083 3977 3032 4056 Theaterleiter keine Gemeinschat haben zu wollen.
2879 4029 2945 4081 10
2956 4037 3015 4086 2.1
