3336 4320
273 200 782 289 11. Reigen
969 189 1373 276 box 18/1
757 878 1540 946 s. die Zuwiderhandlung auf einem Ver¬
700 934 1026 993 schulden beruht.
763 976 1532 1029 Ueber die erste Voraussetzung wird auf den
701 1027 1528 1075 von der Direktion eingelegten Widerspruch das
705 1065 1535 1116 Gericht zu entscheiden haben. Für die zweite
703 1111 1532 1156 Voraussetzung wird es sich vor allem fragen, ob
708 1150 1537 1205 einem Theaterleiter zugemutet werden kann,
708 1196 1534 1244 ein Stück, das er in wochenlanger Arbeit vorbe¬
704 1252 1536 1295 reitet, für das er besondere künstlerische Kräfte
706 1284 1538 1334 engagiert, große Aufwendungen an Dekorationen
694 1332 1539 1382 und Kostümen gemacht hat, einfach vom Spielplan
705 1378 1542 1423 abzusetzen, das Personal zu entlassen und sich in
704 1415 1542 1464 dem besten Teil der Saison vor leeren Häusern zu
708 1455 1529 1509 sehen, nur weil es der Vermieterin gefällt, ihr
703 1497 1537 1549 drei Stunden vor der Erstauffüh¬
701 1545 1531 1594 rung den Gerichtsvollzieher mit einer einstwei¬
698 1594 1530 1640 ligen Verfügung ins Haus zu schicken. Das Ge¬
706 1635 1537 1686 richt wird zu prüfen haben, weshalb, angesichts
700 1675 1535 1725 der bereits seit Wochen durch die Presse gegan¬
707 1729 1535 1778 genen Notizen über die Aufführung des Reigens,
706 1766 1527 1815 das sittliche Aergernis im Kultusministerium sie
700 1805 1541 1864 erst in den letzten Tagen so verdichtet hatte, daß
710 1853 1534 1902 hm nur noch der Weg der schleunigen einstweili¬
706 1897 1535 1946 egn Verfügung ohne mündliche Verhand¬
696 1939 1542 1995 lung und ohne Anhörung der Gegen¬
703 1979 1038 2041 seite übrig blieb.
1101 2024 1158 2072 *
839 2067 1407 2131 Zurückziehung des Verbots.
752 2127 1536 2190 Wie wir hören, wird die „Hochschule für
691 2184 1542 2248 Musik“, auf deren Antrag die einstweilige Ver¬
699 2232 1542 2298 fügung des Landgerichts III ergangen ist, nach
704 2286 1540 2335 dem Eindruck der gestrigen Erstaufführung ihren
702 2336 1541 2393 Protest gegen die Aufführung von Schnitzlers
696 2387 1544 2439 „Reigen“ zurückziehen. Die angedrohte
702 2431 1536 2488 Haftstrafe wird nicht vollstreckt wer¬
705 2482 1534 2539 den, da ein dahingehender Antrag von der Hoch¬
706 2533 1544 2583 schule für Musik nicht gestellt werden wird und
692 2586 1544 2633 eine Inhaftnahme der Frau Eysoldt und des Di¬
699 2625 1546 2680 rektors Maximilian Sladek nicht erfolgen wird.
761 2670 1535 2724 Rechtsanwalt Dr. Ahlsberg, der Ver¬
690 2712 1541 2775 treter der Hochschule für Musik, erklärte einem
705 2764 1539 2817 unserer Mitarbeiter, daß durch die Art der Auf¬
706 2804 1537 2857 führung im Kleinen Schauspielhause der Cha¬
691 2852 1539 2900 rakter von Schnitzlers „Reigen“ völlig verändert
702 2889 1537 2941 sei. Das gebe seiner Mandantin Anlaß, ihren
704 2933 1538 2990 Standpunkt einer Revision zu unterziehen. Es
704 2977 1537 3028 sei nicht richtig, daß der eigentliche Beweggrund
702 3023 1543 3074 für das Einschreiten gegen die Direktion des
707 3066 1542 3118 Kleinen Schauspielhauses der Wunsch gewesen
712 3108 1543 3163 ei, das Theater aus den Räumen der Hochschule
695 3152 1156 3214 für Musik zu verdrängen.
763 3189 1429 3250 Diese Absicht habe völlig ferngelegen.
1497 3202 1544 3249 Es
707 3243 1550 3303 habe sich für die Hochschule für Musik lediglich
751 3379 1099 3467 Berlner oul
1196 3380 1507 3469 usplelpian.
693 3464 1548 3511 vom Sonntag, 26. Dezbr., bis Montag, 3. Januar.
697 3511 1550 3567 Nachmittagsvorstellungen am 1. und 2. Januar.
770 3547 1491 3605 Erstaufführungen der kommenden Woche:
732 3602 1552 3644 Donnerstag: Neues Volkstheater: Amt Steinplatz 456.
729 3629 1369 3674 Freitag: Schiller: Der ehemalige Leutnant.
1177 3654 1552 3722 Trianon=Theater. Kam¬
736 3668 1119 3723 Staatsoper. 26. Tristan
1143 3696 1271 3742 mermusik.
764 3702 1117 3751 solde. (R. S. 56). 27.
1173 3710 1553 3770 Nachm.: Die Raschhoffs.
926 3734 1047 3781 935).
706 3710 917 3779 Mignon. (Nr.
704 3766 1113 3810 Hänsel u. Gretel. Puppen¬
1170 3763 1545 3810 Th. a. Rollendorf=Platz.
1154 3801 1431 3839 Wenn Liebe erwacht
712 3794 1110 3835 ee. (Nr. 236). 29. Boheme.
722 3832 1106 3873 Nr.237). 30. Waffenschmied.
1174 3821 1551 3881 Nachm.: 1. Eva. 2. Jux¬
998 3858 1108 3897 Barbier.
1156 3865 1234 3901 aron.
711 3856 968 3904 Nr. 238). 31.
723 3892 1103 3933 Nr. 239). 1. Meistersinger
1180 3883 1556 3955 Relson =Theater. Total
997 3920 1113 3959 Carmen.
725 3915 987 3960 R. S. 57). 2.
721 3948 1109 4004 Nr. 1). 3. Amoretten. Ba¬
1184 3965 1557 4018 Wallner=Theater. Tgl.:
704 3979 865 4029 sazzi. (Nr.
879 3975 929 4015 2).
1158 4008 1477 4051 d. Geiger v. Lugano.
749 4009 1020 4049 Schauspielhaus.
1070 4000 1112 4049 W.
1182 4037 1471 4090 Nachm.: Ballnacht.
1073 4042 1116 4077 6.
705 4032 1061 4084 30., 2. Kronprinz. (R.
706 4069 1110 4106 133. Nr. 241, 3). 27., 31.
1185 4083 1550 4135 Berliner. Die spanische
709 4102 1104 4144 Journalisten. (Nr. 239, 242)
1148 4114 1295 4158 Nachtigall.
714 4125 1112 4166 28., 1., 2. König Richard III.
1182 4137 1529 4188 Nachm.: Letzte Walzer.
996 4159 1108 4202 29. Peer
858 4161 976 4201 1, 2).
725 4163 840 4201 Nr. 240
1586 889 2423 940 darum gehandelt, den Vorwurf zu vermeiden,
1586 931 2423 984 daß in ihren Räumen ein Stück zur Aufführung
1601 981 2429 1027 gelange, das nach allgemeiner Auffassung sich
1605 1012 2435 1066 ür eine Aufführung nicht eigne und auf der
1602 1067 2433 1117 Bühne anstößig wirken müsse. Erst nachdem
1587 1110 2430 1153 direkte Verhandlungen zwischen der Hochschale
1596 1148 2428 1201 für Musik und der Direktion des Kleinen Schau¬
1602 1192 2428 1247 pielhaufes gescheitert seien, habe sich die Hoch¬
1590 1236 2432 1292 schule für Musik entschlossen, die Gerichte anzu¬
1590 1287 2433 1335 rufen. Es sei aber der Direktion des Kleinen
1601 1323 2430 1379 Schauspielhauses tatsächlich gelungen, den
1603 1368 2439 1422 Reigen“ in einer Aufführung herauszubringen,
1596 1413 2430 1457 der jede Laszivitöt fernliegt. Unter diesen Um¬
1600 1457 2435 1510 ständen dürfte die Hochschule für Musik ihren
1599 1502 2438 1565 Protest gegen die weiteren Aufführungen ron
1604 1542 1961 1599 Reigen“zurückziehen.
1652 1646 2376 1764 Neues vom Tage.
1629 1751 2406 1823 Millionenschwindel einer „Einkaufs¬
1874 1819 2166 1881 vereinigung“.
1656 1869 2430 1928 „Einkaufsvereinigung für die Beamten und
1594 1918 2438 1968 Arbeiter von Handel und Industrie, J. H. Rück
1596 1961 2426 2015 u. Co., Berlin W 35, Potsdamer Straße 50“
1603 2007 2431 2051 nannte sich eine Schwindelfirma, die von der
1597 2047 2432 2092 Kriminalpolizei jetzt aufgelöst wurde. Ihre In¬
1596 2089 2430 2143 haber waren ein Herr Rück und ein Deutsch¬
1603 2135 2443 2187 amerikaner Welz, die den Betrieb im März
1603 2179 2429 2222 dieses Jahres in einem einzigen Raum eröffne¬
1599 2221 2434 2271 ten. Die Einrichtung dieses Raumes bestand
1610 2265 2434 2319 ediglich aus einem Tisch, einem Stuhl und einer
1605 2308 2438 2355 Schreibmaschine. Um so größer waren dieser
1609 2350 2437 2416 Bescheidenheit gegenüber die Geschäfte der Ein¬
1610 2396 2432 2443 aufsgesellchsaft. Rück und Welz hatten es ver¬
1613 2436 2433 2492 tanden, eine Auskunftei so zu täuschen, daß sie
1600 2490 2430 2536 über ihre Gesellschaft die allerbesten Auskünfte
1603 2524 2431 2585 gab. Die Gesellschaft kaufte vor allem Export¬
1602 2569 2434 2622 waren, Manufakturwaren, Eisen= und Stahl¬
1602 2611 2434 2664 waren usw. Güter wurden gleich nach Ham¬
1598 2654 2437 2707 burg geliefert und dort zur Ausfuhr nach Eng¬
1605 2700 2432 2758 land und Amerika verschifft. Weil die Firma
2357 2749 2439 2796 ge¬
1612 2745 2351 2808 zunächst kleinere Beträge pünktlich zahlte,
1602 2786 2437 2848 wann sie immer mehr Vertrauen. Als dann
1611 2842 2442 2886 aber große Summen fällig wurden, löste sie die
1600 2873 2440 2928 Wechsel nicht mehr ein. Es kam endlich so weit,
1602 2913 2432 2974 daß der Gerichtsvollzieher ein und aus ging
1601 2958 2436 3021 Zu pfänden aber fand er nichts als die Schreib¬
1603 3019 2441 3057 maschine und die anderen geringen Einrichtungs¬
1601 3045 2442 3107 gegenstände. Erst jetzt erfuhren die Gläubiger,
1610 3094 2444 3151 daß das ganze Unternehmen von vornherein auf
1612 3146 2437 3192 einen großen Schwindel angelegt war. Sie
1615 3178 2440 3241 wandten sich an die Kriminalpolizei. Gestern
1610 3220 2449 3285 endlich gelang es, Rück festzunehmen, als er von
1619 3261 2443 3326 einer Londoner Reise zurückkehrte. Welz ist
1605 3308 2449 3365 unterdessen nach Amerika abgefahren, um dort
1608 3361 2442 3409 die erschwindelten Waren zu Geld zu machen.
1603 3390 2448 3451 Nach den bisherigen Ermittlungen betragen die
1607 3433 2449 3488 Schulden, die die „Einkaufsvereinigung“ hinter¬
1615 3479 2445 3547 lassen hat, schon über eine Mill on Mark.
1793 3554 2276 3625 Die neue Weltsprache.
1804 3614 2059 3675 Liebe „B. 8.!“
1661 3658 2452 3716 Ich wollte auf Weihnachtsurlaub von Wien
1615 3710 2448 3761 nach Berlin fahren und hatte mit List und Tücke
1609 3747 2447 3809 vier Schlafwagenplätze erlangt. Da sie in dem¬
1616 3783 2447 3855 selben Abteil lagen, und die vier Reisegefährten
1613 3834 2446 3896 weder nach Geschlecht noch Familie zusammen¬
1613 3880 2449 3943 gehörten, versuchte ich den Schaffner zu einem
1615 3920 2449 3986 Austausch des vierbettigen Abteils gegen zwei
1615 3983 2452 4036 zweibettige zu bewegen. Das sei unmöglich, meinte
1626 4014 2445 4075 r. Und als ich von einer „Anerkennung“ sprach,
1615 4057 2446 4116 sah er mich erst von der Seite an: „In welcher
1609 4104 2072 4166 Valuta reden Sie?“
2490 869 3288 934 nur des Flugverkehrs innerhald Deutf
2487 925 3289 969 lands, sondern darüber hinaus des ints enation
2487 966 3290 1010 len Flugverkehrs zu machen. Es hat sich herau
2485 1005 3283 1053 gestellt, daß die jetzt vorhandenen Berliner Flu
2498 1039 3239 1090 lätze zu weit entfernt liegen, und dadurch
3256 1039 3286 1082 d
2495 1081 3281 1136 Flugverkehr wesentlich verteuern. Deshalb wi
2507 1120 3282 1165 hr ernsthaft der Gedanke erwogen, nach ame
2490 1155 3265 1201 kanischem Muster innerhalb des Weichbildes
2491 1197 3297 1248 Stadt einen großen Umschlageplatz für den Fi##
2484 1234 2876 1301 verkehr zu schaffen.
2605 1295 3222 1356 Von einem Auto überfahren.
2537 1364 3264 1416 Heute vormittag wurde in Pankow an
3248 1415 3288 1461 ze
2491 1405 3227 1464 Ecke der Kreuz= und Schultzestraße, die
2481 1453 3117 1504 Jahre alte Hermine Traeger
2496 1490 3224 1551 Schultzestraße 23, beim Ueberschreiten
2494 1538 3219 1591 Straßendammes von einem Kraftwagen
2489 1590 3273 1636 fahren. Sie wurde nach der Rettungsstelle
2496 1623 3258 1680 gebracht, wo der Arzt nur noch den Tod
2481 1671 2974 1737 Mädchens feststellen konnte.
2614 1743 3229 1813 Der siebzigjährige Steinthal.
2541 1803 3280 1863 In der Wohnung des Geheimen Kommerzi
2495 1849 3294 1904 rats Max Steinthal, des stellvertretend
2493 1894 3284 1947 Vorsitzenden des Aufsichtsrats der Deutse
2504 1945 3282 1991 Bank, der heute seinen 70. Geburtstag feiert,
2489 1981 3294 2040 schien heute früh als erster Gratulant der Gesar
2499 2030 3287 2082 verein der Beamten der Deutschen Bank, um d
2479 2072 3288 2133 Jubilar ein Ständchen zu bringen. Kurz dar
2494 2114 3281 2164 beglückwünschten das gesamte Direktori
2496 2156 3288 2217 der Bank und zahlreiche Mitglieder des Aufsich
2498 2214 3294 2255 rats ihren Kollegen, dem sie als Jubiläumsg
3225 2249 3291 2298 üb
2506 2244 3222 2301 ine Handskizze, die Steinthal darstellt,
2493 2287 3270 2348 reichten. Zahlreiche Glückwunschtelegramme,
2494 2341 3276 2397 unter eine besonders herzlich gehaltene Adre
2496 2383 3256 2431 des Berliner Magsstrats zeugen
2498 2425 3252 2476 der großen Beliebtheit des Siebzigjährigen.
2549 2474 3283 2527 Bankdirektor Geheimrat Steinthal m
2494 2517 3300 2569 nicht nur die Finanzwelt, sondern auch die Sam
2502 2563 3293 2608 ler und Kunstfreunde Berlins als G
2507 2598 3286 2644 tulanten bei sich sehen. Seit Jahrzehnten
2505 2645 3289 2690 das gastfreundliche Haus des ehemaligen Dir
2495 2680 3292 2731 tors der Deutschen Bank auch zugleich das He
2499 2721 3294 2767 eines Kunstfreundes gewesen, der in selbstlo
2495 2758 3291 2804 Weise am Schaffen und an der künstlevisch
2504 2800 2973 2843 Arbeit der Zeit teilnahm.
2559 2839 3296 2896 Die Berliner Museen haben in ihm seit le
2497 2875 3294 2928 gem einen unterstützenden Freund. Sein Ha
2511 2925 3267 2976 nicht eigentlich im Sinne einer Sammlung
2514 2956 3273 3007 olcher geführt, ist mit Kunstschätzen hohen
2501 2995 3295 3043 tes und sorgfältiger Auswahl gefüllt. Rel
2504 3038 3296 3083 wertvollen alten Niederländern begegn
2502 3076 3291 3126 wir Meisterwerken neuerer Kunit, wie Lei
2507 3109 3289 3158 und Segantini, neben Miniaturen all
2512 3145 3293 3195 rsten Ranges, darunter einige ganz bedeute
2499 3190 3289 3234 englische Stücke, treffen wir italienische Bron
2505 3229 3293 3278 gewählter Qualität, Edelmetallarbeiten und
2508 3271 3302 3317 velins. Sowohl die alte Kunst wie die moder
2506 3301 3295 3351 Kunst hat hier immer bereitwillige Fördern
2495 3342 2988 3411 und Unterstützung gefunden.
2722 3413 3139 3489 Die nächste „B 3.“
2560 3480 3303 3528 Die nächste Ausgabe der „B. Z. am Mitte
2510 3526 3295 3580 erscheint der Feiertage wegen erst am komment
2507 3573 2655 3638 Montag.
2569 3605 3300 3669 Die „Berliner Montagspost“ ersche
2513 3662 3294 3710 wie üblich, Montag früh; sie bringot die Fo
2513 3705 3265 3773 etzung über den „Pajok“, die Grundlage
2507 3747 2829 3815 Moskauer Lebens.
2498 3807 3290 3874 Hohe Geldstrafe für einen Platinschieb
2568 3864 3295 3918 Das Schöffengericht Lörrach verurte
2507 3907 3295 3959 den Händler Robert Augsburger aus St. Irm
2507 3943 3297 4000 zu 1½ Millionen Mark Geldstra
2506 3985 3284 4036 weil er 4½ Kilo Platin, das heute einen P
2515 4023 3297 4069 von etwa 600000 Mark darstellt, in die Schu
2514 4064 3295 4118 verschieben wollte. Das Platin wurde beschl
2509 4108 2643 4164 nahmt.
