3336 4416
242 211 382 337 11.
441 230 743 339 Reigen
940 214 1376 333 box 17/6
1798 324 1972 461 Ming
1767 438 2037 560 4FE6 1921
1420 539 1513 622 stag
2085 510 2569 629 Wiener Montags=Presse
3007 528 3241 627 14. Febru¬
1415 619 3247 690 H R ERR
1400 679 1760 770 ingen der
2323 675 3235 784 Sensationelle B
2265 766 3173 850 Ab nächste Woche in der
1406 741 2191 952 n-Serie
2562 833 3232 964 I. „Die Affär
3149 942 3249 1051 iit
1402 937 2901 1042 H
2304 948 3115 1188 tliche Kiule. 2.
1649 1033 2267 1194 Die innerpo
1425 1166 3241 1280 Der Kampf um den. „Reigen“. — Die Stellung des Ministers Dr. Glanz.
1820 1240 2794 1336 111 Peinliche Eindrücke im Auslande.
1448 1231 1758 1358 Mamann
1534 1294 1976 1381 Wien, 14. Februar.
2335 1271 3245 1379 habe, daß jedoch die eigentliche Erschüt¬
2347 1365 3248 1444 terung in der Position des Dr. Glanz durch
1533 1353 2325 1431 In parlamentarischen Kreisen erwar¬
1442 1415 2321 1504 tet man die Entscheidung des Verfas¬
2350 1420 3248 1495 die Gestaltung der Wehrfrage hervor¬
1444 1478 2331 1546 sungsgerichtshofes in der bekannten
2361 1476 3245 1552 gerusen worden sei, und daß selbst die Christ¬
2357 1546 3252 1617 lichsozialen aus verschiedenen Gründen mit
1433 1544 2332 1621 „Reigen“=Angelegenheit für Ende dieser
1435 1596 2332 1667 Woche. Man ist überzeugt — wenigstens
2356 1597 3239 1664 dem Verhalten des Dr. Glanz unzufrieder
1445 1659 2328 1719 in christlichsozialen Kreisen — daß es zum
2371 1648 3245 1741 eien. Die Christlichsozialen stellen dies ir
1433 1715 2328 1797 Verbote der Aufführungen schon deshalb
2364 1719 3242 1787 Abrede, und auch in neutralen Zirkeln zoll
1437 1776 2334 1846 kommen werde, weil Beweise dafür erbracht
2349 1776 3246 1842 man dem ernergischen und konsequenter
1434 1834 2326 1898 werden könnten, wie demoralisierend
2348 1843 3244 1911 Vorgehen Glanz' Anerkennung, der übri¬
1437 1900 2321 1959 die Vorstellungen auf das jugendliche Pu¬
2352 1898 3244 1970 gens in diesen Fragen keineswegs
1434 1955 2321 2035 blikum wirken und welche unsittlichen Sze¬
2350 1945 3244 2020 eigenmächtig gehandelt habe, sondern
2350 2012 3233 2096 in Uebereinstimmung mit der Gesamt¬
1432 2008 2329 2091 nen sie im Zuschauerraume zur Foige
1434 2065 2326 2139 hätten. In sozialdemokratischen Kreisen
2349 2082 3239 2143 regierung. Der erste Funktionär, der
1432 2128 2327 2210 äußert man die gegenteilige Ansicht
2343 2134 3249 2210 gegen die „Reigen“=ufführungen Bedenken
1436 2200 2326 2271 und beruft sich auf den Standpunkt des
2349 2187 3237 2275 erhob, sei der Polizeipräsident gewe¬
2354 2251 3237 2314 sen, und er sowie die Christlichsozialen hät¬
1436 2240 2334 2323 Dichters, der erklärt habe, unter keinen Um¬
2345 2305 3237 2380 ten, noch bevor die Vorstellungen statt¬
1432 2307 2317 2372 ständen das Stück freiwillig zurückzuziehen
1441 2370 2327 2445 Uebrigens haben beide Parteien es aufge¬
2362 2359 3236 2451 anden, vergeblich auf den Bürgermei¬
2354 2418 3237 2486 ster einzuwirken gesucht, um auf friedlichem
1432 2434 2322 2508 geben, den literarischen Deckmantel vorzu¬
1427 2480 2331 2560 täuschen und bekennen offen, deß es sich
2348 2477 3242 2566 Wege die Aufführungen zu verhindern.
1428 2537 2325 2619 nunmehr ausschließlich um das Politi¬
2356 2537 3242 2613 Man bedauere auch, daß gerade der Lan¬
1430 2601 2327 2661 kum handelt. Die Christlichsozialen behaup¬
2347 2599 3235 2679 deshauptmann von Wien, gegen die Re¬
1422 2658 2325 2724 ten direkt, die Sozialdemokraten hätten
2355 2658 3245 2728 gierung Front mache, was für die übrigen
2351 2714 3243 2794 österreichischen Landeshauptleute angesichts
1442 2722 2322 2807 diese Affäre im jetzigen Zeitpunkte derart
2354 2773 3242 2872 ihrer separatistischen Bestrebungen ein
1434 2770 2315 2851 aufgegriffen, um eine Negierungs¬
1422 2831 2337 2911 krise zu provozieren. Die Auffassung der
1434 2882 2329 2960 Kommunisten bleibt nach wie vor be¬
2444 2864 3230 2968 An den maßgebenden ausländis¬
1445 2952 2324 3033 sonders interessant, da sie nunmehr dahin
2363 2956 3239 3038 chen Stellen haben diese Angelegenheiten
1434 3013 2324 3079 lautet, daß es sich nur um ein abgekar¬
2353 3010 3242 3085 und die ihnen in der Presse gewidmeten
1425 3064 2326 3152 tetes Spiel zwischen den in geheimer
2350 3069 3235 3139 spaltenlangen Darstellungen, besonders jine
2347 3127 3234 3211 in den Parteiblättern, peinlichste Ver¬
1431 3130 2318 3206 Koalition stehenden Hauptparteien drehe,
1434 3181 2321 3266 die durch scheinbare heftige Konflikte in
2349 3156 3253 3263 wunderung hervorgerufen. Man ver¬
1424 3245 2321 3334 nebensächlichen Fragen diese Arbeitsgemein¬
2351 3234 3240 3322 steht nicht, daß Oesterreich und namentlich
2341 3309 3233 3380 Wien, in der jetzigen Situation und ange¬
1429 3301 2324 3394 schaft, die eigentlich nur eine Interessen¬
2349 3365 3243 3440 sichts der bevorstehenden schwerwiegenden
1433 3369 2186 3446 gemeinschaft sei, verbergen wollten.
1533 3414 2321 3499 In christlichsozialen Kreisen bestreitet
2347 3421 3239 3491 Entscheidungen aus derartigen Fragen
1421 3479 2315 3544 man, daß Bundesminister Dr. Glanz in¬
2342 3476 3236 3548 Konsequenzen dieser Dimensionen ableite,
2349 3544 3235 3627 was im Auslande unbedingt den Eindruck
1429 3532 2325 3619 folge der „Reigen“=Affäre zurücktreten¬
1422 3601 2325 3668 werde. In sozialdemokratischen Kreisen da¬
2350 3600 3235 3663 erwecken müsse, als ob Oesterreich seine wirk¬
1431 3664 2320 3725 gegen beharrt man dabei, daß die Demis¬
2347 3663 3242 3735 lichen Sorgen übertreibe und den
2354 3716 3249 3790 Ernst seiner Lage nur vortäusche. Man
1426 3718 2323 3784 sion des Dr. Glanz unausweichlich erscheine,
1436 3775 2328 3839 ja, man nennt sogar bereits in der Person
2343 3768 3242 3853 äußert, daß es unter diesen Umständen den
1435 3835 2331 3894 des bekannten Christlichsozialen Vaugoin
2353 3830 3225 3898 Oesterreich wohlwollenden ausländischen
2355 3889 3231 3969 Kreisen natürlich schwer falle, die weritäti¬
1435 3891 2324 3955 seinen Nachfolger. Gleichzeitig wird sozial¬
2347 3943 3223 4045 gen Sympathien für die Oesterreicher her¬
1433 3947 2319 4014 demokratischerseits versichert, daß die „Nei¬
1434 4023 2332 4075 gen“=Affäre den Stein ins Rollen gebracht
