3484 4256
1115 318 1563 393 28 November 1921.
1741 444 1784 481 —
911 497 1783 558 = Aussiger Stadtlhealer. (Szenische Vorlesung
852 542 1770 598 „Reigen“ von Arthur Schnitzler.) Der
851 594 1773 646 „Moralreigen“ so betitelt Dr. Alfred Kerr,
845 614 1774 691 der geistreiche Theaterkritiker, seinen Vortraz, den
849 683 1761 744 er zu gleicher Zeit, wie unsere Reigen-Vorlesung
850 722 1772 775 Sonntag vormittag in Berlin hielt. Eine Parodie
849 772 1764 820 auf den Reigen der Liebe ist der Moralreigen, der
849 810 1766 865 sich in den grotesken Formen allenthalben abspielt
840 863 1773 917 und aus der stillen, stimmungsvollen Szenenreihe
844 902 1771 958 ein lautes Kassastück machte. Das kleine Bändchen,
842 945 1767 1003 das die mit feinen satirischen Strichen gezeichneten
833 996 1769 1043 Bilder des Liebesreigens enthält, hat vor mehr als
846 1038 1758 1087 20 Jahren nicht nur die literarischen Feinschmecker
844 1085 1771 1139 entzückt, sondern wurde auch von keinem der vielen
844 1124 1766 1190 Leser, die es mit stillem Verständnis gelesen, irgend.
839 1179 1766 1228 wie anstößig gefunden. Der Dichter zeigte aller¬
838 1216 1760 1269 dings nur einem ausgewählten Leserkreise Liebes¬
835 1259 1771 1326 szenen, wie sie sich im leichtlebigen Wien alltäglich
838 1309 1758 1357 abspielen: die Dirne und der Soldat unter dem
830 1351 1752 1412 Viadukt, der Soldat und das Stubenmädchen au
833 1395 1759 1447 den Praterauen, das Stubenmädchen und der junge
838 1442 1762 1493 Herr in der Wohnung, der junge Herr und die ver¬
837 1487 1768 1536 heiratete Frau im Absteigquartier, das Ehepaar im
838 1534 1766 1584 Heim, der verheiratete Mann und das süße Mäcel
833 1576 1770 1635 im Kabarett, das süße Mädel und der Dichter in
829 1619 1765 1680 der Vorstadt, der Dichter und die Schauspielerin im
834 1669 1753 1717 Gasthof, die Schauspielerin und der Graf im Mor¬
832 1711 1765 1768 gensalon, der Graf und die Dirne im verrufenen
826 1750 1754 1809 Hause; so schließt die Kette des sich im ewige
835 1801 1751 1865 Kreise drehenden Liebesreigens. In d er An¬
829 1844 1749 1900 einanderreihung der dem Leben mit psychologischer
834 1891 1753 1946 Feinheit abgelauschten zehn Liebesszenen illustriert
835 1941 1764 1998 der Dichter, wie flüchtig der Sinnrausch im leichten
829 1981 1758 2049 Liebesspiel verraucht und einem Gefühle der Ent¬
827 2028 1756 2084 täuschung Platz macht; es kann und soll daher
829 2075 1754 2129 ethisch moralisch wirken, wie das Berliner Gericht
828 2125 1749 2180 nach einem umständlichen Beweisverfahren fest¬
829 2159 1751 2223 stellte. Wenn es noch eines Zeugnisses bedurft hätte.
831 2202 1748 2261 Arthur Schnitzler ist, wie das Gerichtsurteil fest¬
828 2251 1760 2302 stellt und wie auch unser Direktor vor seiner Vor¬
826 2297 1749 2342 lesung feierlichst versicherte, ein wirklicher Dichler.
832 2334 1747 2388 Dieses Urteil wird vereinst in der Literatur¬
821 2379 1757 2440 geschichte seinen würdigen Platz finden. Ueber die
826 2430 1751 2481 Aufführbarkeit des Werkes wird viel gestritten. Der
816 2469 1749 2528 Dichter selbst hat wiederholt versichert, daß er an
818 2521 1742 2587 eine Aufführung des Werkes niemals gedacht habe
819 2568 1751 2620 Die Stimmung des Stückes ist im Falle der Auf¬
825 2606 1755 2665 führung verloren, wenn nicht im Zuschauerraum
827 2656 1759 2710 und auf der Böhne ein stimmungsvolles Eingehen
807 2701 1744 2768 auf die Absichten des Dichters vorhanden ist. Un¬
802 2791 1733 2849 sere Bühnenleitung, die sich die durch den günstig
797 2849 1730 2891 erledigten Prozeß darbietende Gelegenheit des mo¬
806 2891 1732 2943 ralischen und Kassaerfolges nicht entgehen lassen
794 2930 1726 2989 wollte, hat das Probiem geschickt gelöst und eine
803 2974 1740 3028 szenische Vorlesung des Werkes veranstaltet, die den
806 3022 1731 3069 Anforderungen des Inhaltes, als auch der Stim¬
796 3065 1733 3128 mung vollauf gerecht wurde. Herr Direktor A.
801 3113 1741 3170 Huttig ist für die Wienerische Atmosphäre der
800 3155 1740 3203 Schnitzlerschen Liebesgestalten wie geschaffen und
802 3200 1734 3259 es ist staunenswert, wie er selbst beim Lesen die
803 3250 1730 3301 verschiedenen Nuancen der Wiener Männertypen
810 3287 1730 3350 gelungen ausdrückte. Die Vorlesung selbst war von
797 3338 1724 3382 Direktor Huttig so geschickt arrangiert, daß die Zu¬
795 3381 1734 3433 hörer sich ebenso wie der Leser in die Gedankenwelt
795 3428 1723 3475 des Dichters versetzen konnten. In buntem Reigen
802 3473 1733 3522 zogen die weiblichen Darstellerinnen im Kostüm wie
801 3515 1737 3573 lebendige Illustrationen an dem Leser vorüber.
801 3557 1733 3607 Frl. Bertram war hiebei in der Doppelcolle der
801 3604 1724 3652 Dirne und jungen Frau von gleichem charalteristi¬
811 3650 1737 3713 chem Reiz. Frl. Heidl als Stubenmädchen, Frl.
802 3699 1727 3747 Stix als süßes Mädel und Frl. Helwig aus
795 3737 1724 3788 Schauspielirn lasen ihre Rollen mit dramatischer
795 3783 1723 3836 Deutlichkeit. Das bis auf das letzte Plätzchen aus¬
797 3829 1725 3892 verkaufte Haus lauschte still gespannt auf jedes
794 3876 1725 3933 Wort und drückte zum Schluß seine Befriedigung
796 3917 1723 3989 durch lauten Beifall aus. Viele hatten mehr, einige
790 3959 1120 4033 weniger erwartet.
1641 3972 1689 4020 r.
2157 1392 2771 1473 Aussig, 29. November 1921.
2273 1528 2880 1632 Kunst und Wissen.
2124 1605 3109 1669 „Reigen.“ Zehn Dialoge von Arthur Schnitzler.
2053 1639 3098 1715 Das tausendfältige Spiel, das immer nur einen Sinn und
2047 1687 3093 1755 ein Motiv hat — den allgewaltigen Trieb der Geschlechter
2045 1726 3099 1798 zu einander, mit all seinen Variationen, seinen tausendfachen
2047 1765 3097 1837 Künsten, Verlogenheiten, Brutalitäten, die die Früchte unserer
2042 1801 3107 1875 heuchlerischen Gesellschaftsmoral sind, in der die Menschen
2052 1841 3100 1916 ich nicht zur freien Liebe in des Wortes edelster Bedeutung
2048 1879 3096 1955 bekennen dürfen, und wenn sie es dürfen, nicht reif dazu
2046 1916 3094 1993 sind — dieses tausendfältige Spiel hat Schnitzler in einigen
2040 1958 3099 2027 typischen Beispielen festgehalten. So muß denn diese Dich¬
2039 1995 3083 2073 tung, die uns am Sonntag zu Gehör gebracht wurde, auf
2046 2037 3090 2111 vokurteilslose, rein empfndende Menschen wie jede Ent¬
2038 2072 3092 2140 hüllung trauriger Dinge gewirkt haben: erschütternd und er¬
2041 2112 3088 2186 kenntnisbringend. Märe unsere Jugend reif genug, von
2039 2158 3094 2225 allem Beswerk unbeeinflußt, nur die Tragik dieser Dichtung
2033 2192 3096 2264 zu erkennen, man mütte sie zu einer solchen Darbietung
2032 2234 3096 2301 führen, um ihr die ganze Heuchelei, Falschheit und Veedeebt¬
2029 2270 3091 2333 heit unser #ofehenden Liebes= und Ehemoral vor Augen zu
2031 2304 3093 2376 führen. So aber ist dieses Werk nur für gefestigte, reife
2030 2344 3080 2422 Menschen geschaffen, die seinen tiefen Sinn zu erfassen ver¬
2032 2385 3079 2455 mögen. Und diese unter den Zuhörern werden unserer
2033 2418 3081 2492 Theaterleitung dafür Dank wissen, daß sie in der sonntägigen
2028 2455 3088 2534 Vorführung, die vom Direktor Huttig stimmungsvoll in¬
2030 2497 3077 2569 szeniert war, mit diesem vielumstrittenen, angefeindeten und
2031 2547 3078 2614 gelästerten Werke bekannt wurden. Es war eine szenische
2028 2582 3083 2649 Vorlesung, in der Direktor Huttig die männlichen Rollen,
2029 2616 3076 2689 Lo Bertram, Hedi Heidl, Tily Stix und Lisa Helwig die
2026 2662 3069 2732 weiblichen Rollen lasen. Das Ganze, von künstlerischem
2036 2694 3085 2751 Ernst erfüllt, mußte ehrliche Anerkennung wecken, und er¬
2023 2745 3073 2802 reichte seinen Zweck, was der aufrichtige Beifall am Schluß
2021 2774 3080 2848 der Darbietung bewies. Das Haus war, wie zu erwarten
2021 2816 2341 2871 war, ausverkauft.
