3436 4320
312 225 818 335 11. Reigen
1011 236 1432 336 box 18/2
2446 871 2729 961 1. Beibsatt
627 866 1828 1016 Berliner Tageblatt
2167 945 2996 1012 Druck und Verlag von Rudolf Mosse in Berlin.
450 1101 588 1195 es
1169 1144 2484 1236 Märlische Giederftagen.
473 1196 547 1275 n1
1383 1236 2227 1316 Von Rechtsanwalt Dr. Max Tion.
476 1316 572 1368 Ober¬
1819 1311 3004 1386 fassung des Steuerpflichtigen Spekulationsabsicht anzunehmen und
727 1342 1681 1418 Börsenspekulation und Steuer.
1819 1379 2997 1423 die Steuer zu veranlagen. Hiergegen steht dem Steuerpflichtigen
475 1404 573 1455 n. oft
1827 1412 3012 1462 das ordentliche Rechtsmittelverfahren zu, in welchem die Entschei¬
664 1416 1795 1482 Das Börsenfieber, von dem weite Kreise ergriffen sind, hat auch
472 1444 571 1499 ie sich
1832 1455 3007 1506 dungen nach der freien Ueberzeugung des Gerichts ergehen (§ 258
610 1463 1784 1517 steuerliche Wirkungen, die zunächst bei der Veranlagung zur Ein¬
475 1485 570 1544 n. In
1825 1491 3004 1548 AbgO.). Entsprechend der Praxis des Preußischen OBG, wird
608 1506 1782 1551 kommensteuer im Januar des nächsten Jahres sich fühlbar mache
465 1531 577 1585 z der
1826 1534 3004 1603 man anzunehmen haben, daß das Vorliegen der Speku¬
620 1545 1790 1587 werden. Nach § 11 Ziffer 5 des Einkommensteuergesetzes ist der Ge¬
463 1573 573 1630 g und
2668 1574 3009 1641 richtigen Rechts¬
2472 1581 2598 1631 der
622 1586 1789 1643 wvinn aus der Veräußerung eines Gegenstandes steuerpflichtig, wenn
1829 1573 2474 1644 lationsabsicht als Frage
504 1615 580 1664 und
613 1623 1780 1677 sein Erwerb zum Zwecke gewinnbringender Wiederveräußerung er
1824 1614 2999 1692 anwendung auch der Nachprüfung durch den Reichsfinanzhof
463 1656 572 1706 iesolbe
619 1670 1786 1719 folgt ist. Die Absicht beim Erwerb ist also jetzt maßgebend, im
1826 1669 1996 1726 unterliegt.
492 1701 569 1757 bald
619 1708 1787 1753 Gegensotz zum bisherigen Recht, wonach es auf die Spekulations¬
1893 1682 3003 1758 Steuerpflichtiger Gewinn ebenso wie abzugsfähiger Verlust liegt
460 1738 576 1795 #r be¬
608 1749 1796 1792 absicht bei der Beräußerung des Gegenstandes ankam. Wann
1827 1746 3004 1801 im übrigen nur bei wirklich erfolgtem Verkauf von
466 1783 580 1837 vo der
610 1785 1798 1839 wird nun Spekulationszweck anzunehmen sein? Die ordnungsmäßige
2254 1783 3004 1848 nicht schon bei bloßer Kursver¬
1832 1791 2206 1851 Wertpapieren vor
465 1825 570 1878 eutsch¬
2196 1830 2995 1891 Papiere schon vor dem 31. De¬
620 1833 1797 1879 Verwaltung von Kapitalvermögen erfordert seine „Anlegung“, das
2078 1836 2199 1894 Soweit
1827 1839 1997 1892 änderung.
2004 1838 2054 1893 25
483 1865 573 1934 Aus¬
611 1879 1790 1923 heißt seine Ueberlassung an andere als Forderung oder zum Erwerb
1836 1869 3000 1927 zember 1919 erworben waren, muß, wenn dann überhaupt
616 1918 1789 1966 von Gesellschaftsrechten, vor allem durch Einzahlung auf einer Bank
1837 1908 2989 1971 Spekulationsabsicht angenommen werden kann, der Notopferkurs
615 1958 1798 2004 oder Sparkasse, durch Ankauf von Staatspapieren und anderen
1831 1961 2267 2032 zugrunde gelegt werden.
610 2000 1792 2049 öffentlichen Anleihen oder durch Erwerb von dividendentragenden
460 2034 571 2088 ichen
613 2037 1796 2088 Effekten. Früher spielte hierbei neben dem Erfordernis der Sicher¬
1874 2031 2990 2105 Ideelle Werte sind nicht steuerpflichtig. Das preußische
463 2079 581 2130 ältnis¬
623 2086 1792 2133 heit die Rentabilität die Hauptrolle. Daher konnte man vor dem
1832 2089 2996 2139 Oberverwaltungsgericht hat in einer Besitzsteuersache ausgesprochen,
462 2116 583 2173 t und
624 2132 1798 2178 Kriege eine maßgebende Unterscheidung darin finden, ob jemand
1836 2132 2999 2180 daß weder der gute Ruf einer Firma noch ihre Kundschaft zum steuer¬
462 2161 576 2220 rphyr,
1825 2171 2999 2213 pflichtigen Betriebsvermögen gerechnet werden könne, auch wenn da¬
617 2164 1782 2221 einen Gegenstand in der Absicht angeschafft hat, ihn „als Gebrauch¬
1830 2197 3002 2249 durch der Verkaufswert des Geschäfts und seine Rentabilität wesent¬
467 2205 575 2253 in ge¬
614 2210 1791 2261 wert zu behandeln“ oder als „Verkaufswert“, ob er also aus dem
1829 2245 2995 2289 lich erhöht werde und auch wenn solche ideellen Werte entgeltlich er¬
470 2244 580 2298 tsbilde
622 2250 1787 2302 Besitze des Gegenstandes Vorteile ziehen wollte, oder aus seinem
1840 2274 3002 2322 worben seien. (Entscheidung vom 2. Oktober 1920, K. XIII 16/18).
451 2287 574 2342 Wechsel
620 2291 1790 2344 Verkauf, wobei die Vorteile aus dem Besitze wohl ausnahmslos
1827 2313 3001 2360 Hiermit stellt sich das Oberverwaltungsgericht entschieden auf den
444 2332 575 2381 ir zur
626 2333 1796 2385 in dem Ertrage, also den Zinsen oder Dividenden, erblickt wurden.
1833 2356 2992 2401 Standpunkt, der für eine Vermögenssteuer als der allein richtige an¬
449 2371 570 2426 Kräften
612 2379 1790 2427 Mit der Umwälzung aller Verhältnisse haben sich auch die Er¬
1822 2395 2994 2445 erkannt werden kann, allerdings im Gegensatz zu den Entscheidungen
448 2414 574 2471 kungen)
619 2422 1798 2477 wägungen bei der Kapitalanlage verändert. Die Frage der Renta¬
1830 2427 2995 2474 anderer Gerichtshöfe, welche ohne Unterschied zwischen Vermögens¬
442 2460 582 2509 ich ver¬
618 2459 1785 2511 bilität ist gegenwärtig so gut wie völlig in den Hintergrund ge
1833 2462 2999 2514 und Ertragssteuer den entgeltlich erworbenen Wert der Kund¬
432 2498 569 2561 eringer
617 2504 1798 2553 treten gegenüber der Frage der Sicherheit und der Vermeidung von
1842 2501 2999 2550 chaft zum steuerpflichtigen Vermögen rechnen wollen. Das Ober¬
1829 2534 3001 2588 verwaltungsgericht leitet seine Entscheidung auch nicht aus dieser.
436 2541 567 2597 gen au
624 2541 1794 2602 Verlusten durch die andauernde Geldverschlechterung. Die Belassung
1837 2579 2997 2628 eines Erachtens allein zutreffenden Unterscheidung ab, sondern aus
455 2584 569 2634 Berge
616 2592 1786 2638 größerer Geldmittel auf der Bank oder Sparkasse setzt den Eigen
1831 2617 3003 2671 dem Wortlaut des Gesetzes und der Analogie des Ergänzungssteuer¬
445 2621 577 2687 edingen
611 2624 1793 2683 tümer, ganz abgesehen von dem besonders bei Banken verhältnis¬
1831 2655 3001 2711 gesetzes. Der Streit um diese Frage hat damit einen Schritt vor¬
620 2666 1800 2716 mäßig geringen Ertrage vor allem mit Notwendigkeit dem Verluste
1833 2699 2663 2753 wärts gemacht, ist aber noch nicht abgeschlossen.
619 2711 1797 2766 durch Verringerung des Geldwertes aus. Die Anlage in Fonds
435 2689 586 2761 ber nur
1890 2717 3016 2789 Zinsverluste bei der Umsatzsteuer. Bei dem lebhaften Aus¬
617 2749 1791 2804 und sonstigen öffentlichen Anleihen droht, wie nun die Verhält¬
2905 2768 3007 2827 spielt
1837 2775 2909 2822 fuhrhandel, der infolge des niedrigen Markstandes herrscht,
434 2794 584 2856 uf dessen
624 2799 1796 2849 nisse zur Zeit sich leider gestaltet haben, den Besitzer keines¬
1841 2812 3008 2858 der Vergütungsantrag derjenigen Gewerbetreibenden, welche die
624 2834 1800 2889 wegs mehr vor Verlust zu schützen. So wird man, wenigstens vom
1836 2853 3003 2899 Ware unmittelbar in das Ausland verkaufen, nach § 4 Umsatzsteuer¬
623 2876 1785 2932 privatwirtschaftlichen Standpunkt aus, die Erlangung von „Sach
1835 2892 3000 2941 gesetz eine erhebliche Rolle; danach wird einem solchen Ausfuhrhändler
430 2917 581 2970 g. Viele
629 2927 1783 2972 werten“ oder verbrieften Rechten mit realen Unterlagen als ein Er
1833 2928 3000 2970 die Umsatz= und vor allem die Luxussteuer vergütet, die in seinen
434 2951 586 3015 lechanisch
626 2955 1800 3013 ordernis sorgsamer Vermögensverwaltung anzusehen haben, sofern die
1840 2965 2997 3012 eigenen Einkaufspreis eintalkuliert war. Eine Verzinsung der zu
424 3002 577 3053 us ihnen
1829 2999 3012 3044 vergütenden Beträge ist im Gesetz nicht vorgesehen und auch aus
624 2999 1797 3057 Kurshöhe den Realwert nicht bereits übersteigt und allzuheftige Kurs¬
1837 3033 2998 3084 § 132 Reichsabgabenordnung nicht herzuleiten. Derartige Anträge
427 3039 583 3097 erhalten,
632 3039 1793 3097 chwankungen die Eignung der Papiere als Anlagewerte nicht aus¬
1838 3080 2998 3126 erfordern aber bei den größeren Umsatzsteuerämtern infolge ihrer
425 3086 575 3139 getragen
622 3083 1799 3140 schließen. Der Erwerb insbesondere von Aktien, der auch unter den
1843 3105 3015 3159 Arbeitsbelastung erhebliche Zeit, durchschnittlich ein Vierteljahr, oft¬
422 3125 577 3181 vitterung
618 3124 1798 3183 früheren Verhältnissen durchaus nicht etwa ohne weiteres die Speku¬
1835 3154 3004 3197 aber auch fast sechs Monate. Besonders bei der Luxussteuer, ei der
622 3169 1799 3223 lationsvermutung zur Folge hatte, wird dazu gegenwärtig noch weit
1826 3186 3008 3236 es sich um große Beträge handelt, fällt die Versagung der Verzinsung
418 3208 583 3265 lbdachung
621 3205 1796 3266 weniger dienen können. In zweiter Linie erscheint übrigens auch
1839 3221 3006 3271 erhablich ins Gewicht: der Staat ist hier auf Kosten des Steuer¬
419 3248 577 3300 deren sie;
617 3252 1786 3307 die Hoffnung auf gute Erträgnisse bei den hohen Dividenden und
1839 3259 2404 3314 pflichtigen ohne Grund bereichert.
413 3291 573 3346 r Wechsel
618 3288 1798 3351 günstigen Bezugsrechten besser gewahrt, als dies bei festverzins¬
1881 3303 2998 3356 Einwirkung der neuen Steuern auf Tantieme und Ge¬
618 3331 1790 3395 lichen Papieren der Fa#zu sein pflegt. Daß neben diesen Er¬
1829 3340 2999 3386 winnanteile. Die starke Erhöhung der Einkommen= und Körper¬
429 3372 577 3428 der Tal¬
630 3371 1793 3433 wägungen au“ die Absicht bestehen kann, bei sich bietender Ge¬
1840 3382 3010 3434 chaftssteuer macht sich auch bei der Berechnung von Tantiemen und
426 3413 588 3467 ger aber
629 3417 1803 3473 legenheit die Aktien mit Gewinn zu veräußern, genügt für den
1841 3424 2997 3466 onstigen Gewinnbeteiligungen geltend. Bei juristischen Personen
417 3452 583 3509 sto enger
1840 3461 3009 3504 stellt die Körperschaftssteuer einen Teil der Geschäftsunkosten dar;
627 3451 1791 3521 Tatbestand des Gesetzes nicht: denn die Spekulationsabsicht muß,
1839 3493 3014 3535 sie vermindert daher den Betrag, von welchem die Tantieme von
418 3497 587 3551 dies wird
626 3496 1790 3555 wie der Wortlaut des Gesetzes ergibt, die vorherrschende, für den
1836 3533 3006 3576 Vorstandsmitgliedern oder Prokuristen zu berechnen ist. Dabei ist
397 3540 583 3604 irung und
623 3541 1790 3607 Erwerb bestimwende gewesen sein. So hat das Oberverwaltungs¬
1829 3564 3014 3611 die Gesellschaft bilanzrechtlich befugt, ja verpflichtet, als Schuld in
414 3581 581 3646 ausgestal¬
619 3580 1791 3643 gericht ausgeführt, daß die Gewinnabsicht die einzig maßgebende
1839 3610 2999 3652 die Bilanz jedes abgelaufenen Geschäftsjahres den dafür zu ent¬
619 3624 1797 3689 Ursache für den Erwerb gewesen sein müsse; „wenn dagegen die
1834 3646 3004 3688 richtenden Steuerbetrag aufzunehmen. Das Jahr 1920 ist hierdurch
387 3651 575 3719 die Lage¬
621 3665 1791 3730 ernstliche Absicht einer Vermögensanlage, sei es auc
1838 3684 3004 3730 sogar doppelt betroffen, weil die Steuerschuld für das Jahr 1919
400 3705 584 3761 glich hori¬
628 3710 1797 3768 einer vorteilhaften, vorhanden war, wenn etwa auch
1827 3724 3010 3770 erst im Jahre 1920 entstanden ist. Bei Unternehmungen ohne ju¬
391 3749 583 3806 ldende Be¬
630 3738 1791 3813 zugleich an die Möglichkeit oder Wahrscheinlichkeit einer späteren
1837 3760 3011 3810 ristische Persönlichkeit ist die Einkommensteuer regelmäßig von den
390 3790 577 3846 gelöst, zer¬
1838 3798 3006 3844 einzelnen Gesellschaftern als deren persönliche Verpflichtung zu
617 3791 1791 3860 Wertsteigerung gedacht wurde, dann ist selbst im Falle
395 3834 571 3888 die umbil
1830 3837 2997 3879 tragen, dagegen nicht zu den Geschäftsunkosten zu rechnen. In den
620 3841 1796 3895 einer später tatsächlich eingetretenen und reali¬
1840 3872 3010 3922 Fällen aber, in denen früher bei der Tantiemeberechnung auch die
386 3875 581 3931 erschiedener
625 3870 1800 3939 sierten Werterhöhung die Annahmc eines
1837 3911 3011 3965 auf den Geschäftsgewinn enifallende Einkommensteuer abgesetzt
371 3918 587 3972 eine besitzen
629 3920 1790 3981 steuerpflichtigen Spekulationsgewinnes aus¬
1828 3952 3003 3988 wurde, ist nunmehr ebenso wie bei der Körperschaftssteuer zu ver¬
374 3962 587 4015 Jasalt), oder
615 3962 1448 4044 geschlossen.“ (O.=V.=G., Band 10, S. 64.)
1835 3983 3010 4054 fahren, nur daß sich hier die Steuererhöhung noch ganz erheblich
372 4000 579 4066 ie Neigung
671 3985 1796 4070 Man wird hiernach Spekulationsabsicht regelmäßig nur annehmen
1838 4026 2092 4078 mehr auswirkt.
620 4049 1803 4111 können, wenn es sich im Verhältnis zum Vermögen um umfangreiche
1885 4050 3005 4123 Edelsteine, Perlen, Gold= und Silberschmuck ##ren in der
377 4067 576 4148 s allerdings
624 4088 1795 4152 An= und Verkaufsgeschäfte handelt, wenn ferner An= und Verkauf
1838 4097 2995 4152 Steuererklärung zum Reichsnotopfer nach dem amtlichen Formular#
381 4134 582 4191 g die Ober¬
624 4125 1793 4214 eines Papiers verhältnismäßig rasch aufeinanderfolgen. Die Anlage
1829 4148 2102 4214 abweichend vom
2111 4149 3000 4214 Wortlaut des Gesetzes nicht mit ihrem Gesamtwert,
1281 4173 1796 4228 Estenhera Grhnkn
2236 4186 2883 4235 # .schabings H„obn
