3436 4224
521 90 566 140 6
966 75 1372 166 box 17/1
257 78 778 186 11. Kigen
828 962 1242 1049 Telephon 12801.
466 1063 1634 1129 Alex. Weigl’s Unternehmen für Zeitungs-Ausschnitte
1394 1119 1577 1195 Ausschnitt
1188 1143 1377 1247 KD“
715 1140 1189 1270 „OBSERN
1469 1173 1687 1266 Nr. 84
333 1263 1748 1338 L österr. behördl. oono. Bureau für Zeitungsberichte u. Personalnachrichten
610 1320 1494 1409 Wien, I., Concondiaplatz 4.
345 1391 1757 1447 Vertretungen in Berlin, Budapest, Chicago, Genf, London, Newyork, Paris, Rom.
696 1437 1385 1491 Stockholm, Kristiania, St. Petersburg.
347 1556 822 1646 Ausschnitt aus:
1137 1558 1822 1698 Ptchuill =amnatun
342 1714 513 1783 vom:
608 1739 910 1838 1X/710 5
760 2070 982 2139 „Reigen“.
389 2106 1141 2215 Von Arthur Schnitzler ein neues Buch
394 2165 1062 2260 Zu lesen, lohnt wohl den Versuch.
403 2191 1249 2310 Doch gibt es manche im großen und ganzen,
1188 2231 1382 2304 tanzen!
385 2257 1192 2366 Die vor Wut und Neid beginnen zu —
817 2443 1281 2524 Bezugs-Bedingungen:
1425 2497 1475 2553 15.
1323 2500 1386 2559 Kr.
353 2493 1292 2585 Für 50 Zeitungsausschnitte (Artikel oder Notizen)
1558 2516 1711 2574 inclusive
458 2559 519 2605 100
1196 2557 1231 2602 „
941 2566 991 2616 „
1568 2566 1687 2614 Porto.
1421 2585 1486 2631 50.—
447 2597 522 2641 200
1561 2603 1695 2654 Zahlbar
1401 2624 1486 2680 110.—
1085 2644 1122 2681 „
1562 2641 1741 2699 im Voraus.
1407 2664 1486 2710 200.—
435 2674 516 2729 1000
372 2683 440 2749 „
473 2688 1746 2770 Im Gegensatze zu anderen Bureaux für Zeitungsausschnitte ist das
1429 2747 1743 2808 auch steht es den
352 2751 1342 2812 Abonnement durch keine bestimmte Zeitdauer begrenzt;
362 2787 1622 2859 Abonnenten frei die aufgegebenen Themen zu ergänzen oder zu ändern.
472 2861 1751 2932 Der „OBSERVER“ veranstaltet täglich einen Auszug enthaltend die
356 2916 1745 2969 Inhaltsangabe aller wichtigen Mittheilungen der Wiener Morgen¬
364 2950 1745 3016 blätter (Tagesjournale ausser „Neue Freie P’resse“ und „Wiener Zeitung")
362 2997 1746 3044 wodurch eine Uebersicht über das gesammte politische und wirthschaftliche
364 3025 1754 3084 Leben des In- und Auslandes in drastischer Kürze geboten wird. Diese Mit¬
353 3072 1350 3135 theilungen werden in Wien um 9 Uhr Früh verschickt.
689 3150 1426 3230 Prospecte gratis und fnanco.
2321 208 2737 299 Telephon 12801.
1932 308 3100 374 Alex. Weigl’s Unternehmen für Zeitungs-Ausschnitte
2874 371 3065 443 Ausschnitt
2172 373 2773 511 „OBSERVET
2935 424 3159 529 Nr. 77
1800 508 3219 593 I. österr. behördl. conc. Bureau für Zeitungsberichte u. Personalnachrichtes
2074 572 2967 662 Wien, I., Concondiaplatz 4.
1820 642 3216 700 Vertretungen in Berlin, Budapest, Chieago, Genf, London, Newyork, Paris, Rom,
2179 693 2863 752 Stockholm, Kristiania, St. Petersburg.
1807 822 2293 905 Ausschnitt aus:
2328 857 3042 979 Leselzshs Keitu.&, Berlin
1818 966 1980 1049 vom:
2243 1035 2470 1156 %9
2138 1286 2780 1365 Zeitschriften- und Bücherschau.
1952 1356 3022 1405 — Reigen. Von Arthur Schnitzler. Wiener Verlag. Dieses
1891 1393 3017 1440 Buch eines Antors, der unzweifelhaft zu den höchstbegabten
1889 1434 3030 1481 deutschen Schriftstellern unserer Tage gehört, hat in kurzer Zeit
1892 1476 3023 1527 die achte Auflage erlebt. Unseres Erachtens hätte es nicht
2401 1510 3015 1569 Schnitzler durfte, ja mußte viel¬
1886 1507 2391 1571 die erste erleben sollen.
1895 1547 3021 1612 leicht diese Studien schreiben; er hätte sie aber nicht
1892 1579 3025 1639 veröffentlichen sollen. In einer Anzahl von Gesprächen,
1890 1638 3023 1683 die ihre Farben den verschiedensten Gesellschaftssphären entnehmen
1893 1674 3026 1718 und die den Eindruck machen, als wären sie dem Leben abge¬
1892 1708 3017 1753 lauscht, wird der Verkehr zwischen Mann und Weib bis zum ver¬
1906 1748 3021 1793 fänglichsten Punkt geleitet. Dieser Punkt ist die Pointe jedes
1906 1777 3020 1831 Gesprächs. Um der Folge dieser Unterhaltungen, die eigentlich nur
3056 1772 3181 1838 elusive
3049 1825 3143 1872 Porto.
1905 1823 3015 1872 Terte zu unaussprechlicher Mimik sind, eine psochologisch=ironische
3048 1864 3159 1911 ahlbar
1895 1868 3023 1909 Wendung zu geben, die in Geheimnisse des Gesellschaftslebens hinein¬
1900 1901 3017 1948 führt, werden die Liebespaare derart zum Reigen gegliedert, daß
3076 1893 3214 1953 Voraus.
1899 1946 3013 1986 immer derselbe Mann oder dieselbe Frau, die eben in einem Ver
1901 1977 3023 2023 hältnis aufgetreten ist, in ein zweites verschiedenartiges hinüber¬
3051 2001 3207 2062 it es den
1823 2010 3028 2066 Abe tändelt, also eine geschlossene Kette, eine Art Terzinenform der
3052 2048 3097 2108 n.
1898 2059 3022 2106 erotischen Abenteuer. Trotz dieses Kunstgriffs, trotz der feinen
1895 2096 3021 2149 Beobachtung, die das Künstlerange nicht verleugnet, und trotz
3060 2119 3217 2182 lend de
1903 2137 3022 2181 mancher humoristischer Schlaglichter ist das Ganze durchaus
1908 2176 3027 2218 kein Kunstwerk, weder in der Form noch in der Sache, es sind
3062 2173 3216 2223 rgen¬
1825 2176 1891 2235 Inh
1914 2215 3026 2269 aneinandergereihte Studienblätter, die sich nur mit brutalen
3073 2209 3188 2260 eitung
1830 2230 1874 2275 b
3062 2250 3222 2298 haftliche
1825 2267 1906 2309 wod
3059 2288 3216 2349 ese Mit¬
1932 2283 3060 2343 Instinkten beschäftigen und jede seelische Wirkung beiseite lassen.
1818 2304 1909 2351 Lebt
1935 2332 3056 2386 Dem Künstler darf nichts Natürliches fremd sein; sei er Mäler
1939 2384 3056 2431 oder Dichter wird er sich oft gedrungen fühlen in alle Geheim¬
1943 2415 3066 2462 nisse des Menschenlebens hineinzudringen und was er in den
1940 2457 3069 2505 Tiefen der dunkelsten Sinnlichkeit entdeckt, wird dann wie im
1937 2494 3066 2542 Leben selbst durch den ganzen Menschen und sein Schicksal als ein
1936 2529 3060 2575 Teil der Natur, als ein „Erdenrest“ hindurch schimmern. Zu ver¬
1942 2575 3059 2623 schiedenen Zeiten werden den Menschenbildner verschiedene
1937 2609 3056 2659 Elemente beschäftigen und es mag ihn locken, diese oder jene in
1931 2649 3052 2695 einem Zuge an verschiedenen Persönlichkeiten zu beobachten und
1938 2693 3061 2737 zu vergleichen. Aber das sind Werkstattbehelfe, intime Studien,
1945 2727 3064 2775 die einen Kunstgenuß vorbereiten, aber selbst keinen Genuß bieten.
1945 2761 3063 2812 Der Kunstforscher sucht sie vielleicht später einmal aus den Mappen
1946 2811 3058 2856 eines dahingegangenen Meisters heraus, um dessen Entwicklung
1942 2845 3068 2887 und Schaffensweise besser zu verstehen, ergötzt sich und andere viel¬
1943 2886 3059 2933 leicht an der Kraft die sich hier schon in den ersten Entwürfen, in
2620 2914 3062 2966 der tätige Meister selbst
1939 2924 2609 2970 den abgerissenen Studien betätigte —
1936 2964 3062 3008 zieht den Schleier von solchen vorbereitenden Skizzen nicht hinweg.
1949 3002 3062 3047 Es wird ihm nicht einfallen, zehn bis zwanzig Zehen oder Fersen
1941 3038 3056 3088 die er zu irgend einem Zwecke, als Naturstudien auf die Leinwand
1936 3080 3062 3124 geworfen hat, öffentlich auszustellen. Was soll dem Publikum
1937 3108 3062 3165 diese seelenlose Eintsnigkeit, die doch nur insofern einen Wert hat
1942 3158 3065 3207 als sie einem höheren Zwecke dient? Eine solche Ausstellung würde
1940 3190 3058 3235 auch kein Glück machen. Wenn Schnitzler trotzdem mit diesen
1950 3231 3064 3275 Studienblättern, die so und so viele Achillesfersen sinnlicher
1946 3263 3071 3314 Männer und galanter Weiber nachbilden, „Glück macht“ so ist das
1933 3294 3068 3363 eben nur der Fall, weil der Reiz der Verfänglichkeit hinzukommt
1942 3348 3061 3396 und alles auf Schilderungen hinausläuft, die man sonst im Leben
2959 3377 3059 3436 Dieser
1935 3386 2902 3432 verschleiert oder doch nicht einseitig vordrängt.
1941 3423 3009 3469 Reiz, diese Pikanterie kommt dem Eintönigen und Seelenlosen
1948 3462 3011 3507 Hilfe; für einen Erfolg aber, der auf solcher Hilfe beruht,
1948 3498 3061 3544 Schnitzler viel zu gut. Wir wollen uns bemühen, diesen häßlichen
1946 3542 3067 3590 Erfolg Schnitzlexs zu vergessen. Hoffentlich trägt er selbst dazu
1937 3575 3063 3620 bei, indem er durch ein lebendiges Kunstwerk, indem die Studie
1953 3616 3061 3664 als Element untertaucht, diesen verstimmenden Eindruck, diese
1952 3656 3063 3711 Indiskretion, die er gegen sich selbst begangen, vergessen macht. A. K.
