3444 4416
992 211 1434 311 box 17/6
295 215 826 335 11. Reigen
2846 856 2960 956 O
1435 862 1870 978 S S
1151 978 1321 1072 20
1495 1254 1833 1346 der
1197 1252 1478 1362 Ea
2514 1256 3083 1380 Nach
592 1263 1045 1361 Klto
2460 1388 3341 1481 mit der illustrierten Monatssch
660 1408 1843 1498 Anabhängige demokratische Tageszeitung
2328 1482 2843 1560 Fernruf: Verwaltung N#. 761
2875 1477 3332 1557 Die Bezugsgebühr ist #
1465 1485 2005 1561 Feruruf: Schr istleitung Rr.750
348 1489 1402 1566 Manuskripte, auch mit Rückporto, werden nur ohne Gewähr
2878 1545 3326 1606 erhöhungen wird die Liefe
1466 1548 2846 1610 Bezugspreise: Am Platze monatl. in den Abholstellen K 32.—, mit Zustellung
349 1558 1403 1613 übernommen; eine Verpflichtung zur Rücksendung wiro nicht
2879 1587 3335 1656 zahlung eingehalten. Jer
1470 1596 2814 1647 ins Haus K 36.—, Einzelnummer K 1.50. Mit Postzusendung monatl. K 37.—
911 1599 1392 1659 gedruckt von der Wagner¬
348 1602 932 1658 anerkannt. Herausgegeben und
2873 1633 3296 1694 hältnis (Abonnement)
1466 1636 2843 1692 vierteljährl. K 111.—; Deutschland vierteljährl. Mk. 24.—; ins Ausland
351 1634 1402 1715 schen UniversitätsDuchdruckerei R. Kiesel in Innsbruck,
2928 1673 3329 1739 Monats, in dem die
1471 1682 2840 1741 vierteljährl. Mk. 30.—. Mit Postzusendung in das besetzte Gebiet jenseits
713 1676 1059 1746 Erlerstraße Nr. 7.
3050 1719 3323 1770 Postsparkasse
1462 1726 2854 1781 des Brenners (Südttrol) monatl. Lire 3.80, Einzelnummer Lire —.20.
449 1711 1308 1787 Verantwortlicher Schriftleiter I. E. Lestghans.
1591 1813 2722 1903 Dienstag, den 15. Februar 1921
394 1831 853 1917 Nummer, 36
363 1934 3337 2005 Wochenkolender Montag, 14. Valentin. Dienstag, 15. Faustinus. Mittwoch, 16. Juliana. Donnerstag, 17. Konstantia. Freitag, 18. Flavian. Samstag, 19. Konradu#
1535 2026 2751 2096 scheinen alle Kämpen am Kampfplatze und die Rebeschlacht
1545 2072 2728 2133 beginnt; sie endet fast immer in einer grotesken Tragi¬
1544 2130 1721 2190 komöbie.
1093 2123 1266 2203 mmer.
592 2120 1092 2209 Nr „Reigen =Ru
1587 2145 2736 2223 Und das Fazit des „ereignisreichen“ Sitzungstages:
891 2172 1501 2272 Innsbruck, 15. Februar.
1544 2206 2742 2263 Die Wiener Behörden ignorieren das Verbot der
1542 2243 2735 2309 Bundesregierung, die „Reigen“=Aufführungen gehen
363 2232 1535 2313 Als der ehemalige k. u. k. Regimentsarzt Arthur
1539 2297 2733 2355 weiter, Direktor Bernau von den Kammerspielen hat
355 2304 1530 2365 Schnitzler vor etwa 20 Jahren die pikant=lüsterne Ein¬
1543 2335 2729 2394 einen glänzenden Kaffenerfolg und der Autor Tantiemen
333 2345 1537 2405 akterfolge, benannt „Der Keigen“, schrieb, hat er das
1552 2377 2742 2439 in einer Höhe, die er sich nie erhofft hat. Der Verfas¬
334 2379 1542 2453 Werk nicht der Oeffentlicht# übergeben, sondern wollte
1552 2425 2728 2487 sungsgerichtshof soll die Streitfrage entscheiden;
345 2433 1542 2493 es nur einem Kreis intimer FFreunde und gleichgesinnter
1554 2479 2736 2529 vielleicht wird er zuerst den Fall „Reigen“ und anschlie¬
340 2480 1538 2533 Literaten zugänglich machen Es ist dann schließlich in
1555 2511 2737 2578 ßend daun die „Volksabstimmung in Tirol“ zu erledigen
326 2517 1542 2581 Buchform erschienen und bäs in vielen Kreisen Anstoß er¬
1543 2546 2737 2615 haben, vorausgesetzt, daß die Tiroler Abgeordneten an
333 2558 1542 2625 regt. Der Nachkriegszeit mit ihren Exaltiertheiten und
1557 2604 2442 2670 ihrem ursprünglichen Entschluß festhalten.
342 2610 1543 2673 Perversitäten war es vorbehalten, den „Reigen“ auch noch
1580 2652 2744 2708 Für uns, die wir verständnislos und vereckelt diesen
341 2663 1535 2713 auf die deutsche Bühne, die früher einmal als moralische
1549 2686 2746 2745 balkanischen Zuständen gegenüberstehen, mögen die
335 2703 1544 2757 Anstalt gegolten hat, zu britgen. Niemals freilich konnte
1551 2717 2741 2794 Vorfälle eine Lehre sein, die Scheidewand zwischen Tirol
339 2744 1544 2801 der Verfasser des „Reigen“ ahnen, daß sein Werk einmal
1547 2779 2744 2838 und jenem Wien, auf dessen heißen Boden derartige Aus¬
341 2783 1538 2852 den obersten Vertretungskösper der österreichischen Re¬
1560 2824 2746 2883 arlungen gedeihen, noch mehr auszubauen und alle Ver¬
348 2825 1545 2897 publik während einer mehrstündigen Sitzung beschäftigen
1558 2870 2752 2926 schleppungsgefahren dieser Seuche in unser Land zu ban¬
342 2874 1550 2937 werde und daß sich die Gemüter der christlichsozialen und
1552 2910 2745 2970 nen. Auch im Tiroler Landtag hat leider eine kleine Par¬
349 2920 1539 2981 der sozialdemokratischen Nationalräte über die Frage, ob
1553 2957 2735 3017 tei oft tagelang wegen Nichtigkeiten den Fortgang der Ver¬
354 2974 1544 3029 dem Bundesministerium des Innern ein Aufführungs¬
1563 3002 2738 3058 handlungen verzögert, nur aus dem Grunde, weil die
349 3007 1543 3073 verbotsrecht zustehe oder nicht, bis zum Siedepunkt erhit¬
1554 3037 2736 3096 Gefahr vorlag, daß in Wien geschaffene Parteigrundsätze,
340 3063 624 3130 zen werden.
1553 3093 2743 3156 die für das Wohl und Wehe des Tiroler Volkes gänzlich
389 3086 1549 3156 Es ist aber doch so gekommen. Der österreichische Na¬
1566 3138 2429 3193 belanglos sind, verletzt werden könnten.
355 3126 1553 3201 Konalrat hat über diese Angelegenheit drei Stunden lang
1597 3167 2746 3237 Die Autortlät der Wiener Regierung ist durch diese und
350 3170 1544 3248 debattiert; man hat sich fast geprügelt und dem Bundes¬
1560 3208 2750 3275 ähnliche Entgleisungen gänzlich untergraben: es regiert
347 3227 1552 3295 minister des Innern suchtelten sogar die Fäuste einiger
1568 3265 2743 3331 in Wien ein rücksichtsloser Parteiterror. Traurig, wdenn
353 3273 1554 3333 besonders schlagfertiger Abgeordneter ins Gesicht. „Tant
1559 3290 2738 3360 wir in Tirol uns das Wiener Regime widerstandslos ge¬
351 3323 1555 3381 de brutt vour une omelette“ könnte man lächelnd sagen,
1564 3354 1753 3427 fallen lie
355 3369 1548 3423 menn die Sache im Grunde nicht so toternst wäre. Man
1769 3374 2739 3453 solchen Verhältnissen nicht selbstverständlich,
1607 3398 1747 3457 Ist es
344 3392 1553 3469 denke nur, was geschehen ist. Der Minister des Innern
1565 3428 2744 3501 daß ein Arterikaner, der unsere Verhältnisse genau kennt,
353 3444 1554 3515 hat es gewagt, über die „Majestüt“ des Landeshaupt¬
1553 3481 1726 3539 Mister
1752 3486 2747 3537 o#ver, sich dahin äußert, daß er „froh wäre,
350 3489 1551 3560 mannes hinweg, das Stück von Schnitzler zu verbieten,
1557 3522 2754 3578 wenn die Reparationskommission die Regierungsgeschäfte
357 3537 1500 3601 weil er und tausend andere der Ansicht waren, daß es
1575 3570 2754 3619 in Oesterreich übernehmen würde, damit die Oesterrei¬
355 3575 1556 3644 man verzeihe den Ausdruck — eine „Schweinerei“ ist, in
1566 3600 2737 3684 cher selbst sehen, welchen Schaden hre Regierungen an¬
351 3614 1552 3689 einer Zeit, da die Familien vor Hunger dehinsterben, Hun.
1563 3644 1912 3727 gerichtet hätten.“
359 3661 1557 3728 derte und hunderte junger Leute in die Wiener Kammer¬
1598 3681 2751 3755 Hoover steht mit seiner Meinung nicht allein. Auch
359 3706 1553 3779 spiele laufen, nicht um sich an einem Erzeugnis der Kunst
1564 3723 2746 3798 anderwärts gibt es genug Leute, die glauben, daß mit
357 3749 1554 3827 zu erbauen, sondern damit sie sich an obszönen Szenen be¬
1570 3777 2760 3842 dem Wiener „Milieu“ nichts mehr zu machen ist. Der
365 3790 1555 3863 geilen können. Auf Wochen hinaus sind in den Kammer¬
1569 3835 2755 3891 „Reigen“=Rummel war ein Blitzlicht in diese abstoßende
371 3836 1554 3910 spielen, wo „Der Reigen“ gespielt wird, alle Plätze ver¬
1563 3870 2136 3948 Mentalität an der Donau.
367 3903 534 3970 griffen.
409 3916 1565 3998 Dieses Verbot mar für die Wiener Sozialdemokraten
377 3973 1553 4036 ein gefundener Anlaß, die Verfassungsfrage aufzurollen
365 4024 1558 4080 Ihr Redner, der ehemalige Präsident der Nationalver
349 4060 1546 4132 fmnmlung, Seitz, erklärte im Brusttone der Ueberzeu
365 4102 1552 4173 gung, der für solche Fälle immer zur Verfügung steht, da
371 4150 1542 4213 ein Versassungsbruch vorliege, da nur dem Büt
371 4192 1546 4258 germeister von Wien als Landeshauptmann das Rec
1239 4235 1400 4304 Mdehe
770 4222 843 4303 1
