3392 4320
247 155 376 233 11.
951 143 1340 247 box 18/1
429 161 751 255 Reigen
426 828 1200 992 (lose & Seidel
406 977 1176 1076 Bureau für Zeitungsausschnitte
391 1048 1178 1145 Berlin NO. 43, Georgenkirchplatz 21
763 1263 1020 1358 8
372 1270 560 1363 Zeitung:
1079 1335 1125 1420 3
376 1395 496 1471 Ort:
659 1416 946 1509 Bremen
367 1500 566 1575 Datum:
686 1552 1061 1638 2.8HEL197
643 1719 1145 1817 Sexual-Dramatik.
386 1816 1470 1900 Von unserem ständigen Berliner Mitarbeiter wird uns
299 1843 516 1932 geschrieben:
384 1920 1471 1980 Daß das Theater in der Königgrätzerstraße eines Tages
315 1971 1205 2020 Oscar Wildes „Salome“ spielen würde, —
1203 1971 1460 2032 man brauchte
314 2019 1473 2070 veder Jochanaan noch sonst ein Prophet zu sein, um dies
305 2059 1471 2110 orauszusagen. Denn dort lebt man von und für Fräulein
313 2100 1465 2154 Orska. Und daß Maria Orska Spezialistin für deka¬
309 2146 1466 2199 dente Grotik sei, das ist noch viel zu wenig gesagt. Sie oder
306 2186 1456 2247 r ganzer theatralischer Ruf, ihre ganze schauspielerische Er¬
311 2230 1467 2288 cheinung ist überhaupt und ganz und gar nichts anderes.
307 2277 1455 2339 als eine morbide, schmachtend gierige, süchtig trillernde, kätz¬
313 2314 1465 2367 henhaft gereckte Geschlechtlichkeit. Mit deren virtuoser und
302 2359 1464 2406 oöllig ungehemmter Ausarbeitung hat Maria Orska sich und
305 2393 1462 2443 ihrem Theater aus den „neuen Reichen“ ein mächtig zahlen¬
305 2443 1462 2499 des Publikum erobert. Es ist aber nicht leicht, zur Entfaltung
297 2485 1469 2544 ihrer Eigenschaft geeignete Rollen herbeizutreiben. Wedekind
310 2533 1471 2581 und Strindberg, die ja wohl nicht ganz so gemeint, aber
298 2578 1465 2625 immerhin so zu gebrauchen sind, hat sie nachgerade abge¬
297 2624 1467 2683 weidet. Und einmal hat sie sich in der Verzweiflung an Schil¬
301 2667 1473 2723 lers Lady Milford vergriffen. Oscar Wildes „Salome“ ist
302 2713 1456 2768 fa aber schlechthin das klassische Stück ihrer ganzen Richtung.
304 2753 1452 2806 Dies subtile Spiel, das lange, ehe Richard Strauß ein Opfer
298 2804 1457 2859 daraus machte, eine der ersten Erfolge Reinhardts mit Gertrud
310 2848 1459 2915 Eysoldt am „Kleinen Theater“ war, — dies Spiel ist wirklich
303 2893 1458 2952 nichts als eine kostbar schillernde Sumpfblume. Der große
303 2938 1459 3003 irische Artist hat die Welt gottlos verwesender Sinnlichkeit,
302 2983 1457 3037 die in dem mörderischen Liebesbegehren der Prinzessin Sa¬
304 3025 1464 3084 lome nach des Täufers Haupt ausbricht, gestaltet — gestaltet
304 3079 1463 3134 mit feierlich zarten stimmungsvollen Verskünsten, aber aanz
305 3115 1457 3174 ohne eine stellungnahme, geistig distanzierende Kraft, ganz
310 3156 1461 3216 hingegeben an den giftig schönen Rausch dieser sinnlos=sinn¬
300 3204 1467 3258 lichen Welt. Und so kam alles, wie es kommen mußte: Maria
300 3252 1455 3309 Orska flötete, trillerte und schmachtete und gierte die „Salome“
304 3294 1457 3356 und der vielverühmte Conrad Veidt, dessen hektisch schmach¬
305 3344 1463 3397 tende Schlankheit sich schon längst zu einem männlichen Pen¬
300 3390 1465 3469 dant der Orska entwickelt, machte wirklich den Jochanaan
307 3435 417 3509 dazul
1596 1685 2695 1746 Die Gertrud Eysoldt aber, die vor 17 Jahren als Salome
1518 1728 2684 1794 berühmt wurde, zeichnet heute als Direktorin des „Kleinen
1526 1791 2683 1853 Schauspielhauses“, das sich in der Staatlichen Hochschule für
1519 1835 2687 1890 Musik am Steinplatz befindet. (NB. sie zeichnet, aber der
1528 1881 2686 1929 Konzern des Deutschen Theaters liefert Schauspieler und
1520 1926 2689 1981 Regisseure und scheint überhaupt ganz souverän über das
1522 1968 2683 2024 Institut zu verfügen.) Diese Gertrud Eysoldt also kündigte
1518 2017 2680 2074 die Aufführung von Arthur Schnitzlers „Reigen“
1527 2061 2688 2118 an. Es sind dies zehn sexuelle Dialoge, die nur durch Perso¬
1525 2112 2688 2170 nalunion zusammenhängen, in denen jedesmal ein Partner
1520 2157 2676 2215 der ersten Begenung noch in der zweiten mitspielt, bis in der
1520 2194 2682 2255 zehnten der Graf den Kreislauf mit jener Dirne schließt, die
1527 2248 2675 2297 mit dem Soldaten das Spiel begann. So ist das Ganze ein
1519 2294 2668 2346 böser Witz, und die einzelne Szene, in deren Mitte jedesmal
1528 2335 2119 2393 bedeutungsvolle Gedankenstriche
2217 2336 2684 2394 —— jenen Punkt an¬
1523 2379 2675 2443 deuten, der überall, wo Seele und Leidenschaft nich mitspielen,
1521 2428 2682 2475 dann freilich der einzig wesentliche Punkt bleibt — auch die
1516 2475 2678 2532 einzelnen Szenen zeigen oft genug die bekannte, melancholisch¬
1527 2518 2673 2572 ronische Anmut Schnitzlerscher Dialoge. Sie werden besonders
1520 2565 2681 2622 lustig, wenn in der zweiten Hälfte die allgemeine Verlogenheit
1517 2606 2681 2668 der erotischen Phrase durch Fachleute, Schriftsteller und
1521 2658 2682 2705 Schauspielerin, mit phantastischer Energie gehandhabt wird.
1519 2700 2681 2766 Das Buch gibt der Sinnlichkeit der entseelten Welt gewiß
1527 2748 2681 2805 einen mystisch=dämonischen Schimmer, wie der Wildesche Akt,
1520 2795 2675 2847 aber es seziert den gleichen Zustand einer Erotik, der alles
1525 2838 2673 2889 Seelische zur Lüge wird, mit trockenster Ironie und wird da¬
1514 2880 2670 2938 durch in einem kaum vergleichlichen Grade deutlich. Früher
1518 2931 2677 2985 hatte der Zensor sogar das Buch verboten; jetzt gibt es keine
1522 2978 2670 3032 Zensur mehr, aber in diesem speziellen Falle hatte das Kultus¬
1523 3032 2677 3085 ministerium, zu dem die Hochschule für Musik gehört, Rechte
1516 3069 2668 3125 des Hausherrn. Es erklärte die Aufführung eines solchen
1525 3113 2680 3168 Stückes in seinen Räumen für vertragswidrig und erwirkte
1520 3162 2665 3206 wenige Stunden vor der Aufführung eine gerichtliche Ver¬
1517 3202 2669 3267 fügung, die das Spiel bei Haftstrafe der Direktion verbot.
1518 3250 2680 3308 Dennoch ging nach einer emphatischen Ansprache der Frau
1512 3296 2664 3347 Eysoldt die Schnitzlersche Szenenreihe über die Bretter, und
1511 3331 2666 3390 das Premierenpublikum demonstrierte mit heftigem Beifall
1516 3380 1897 3435 für die bedrohte
1902 3375 2399 3442 „Freiheit der Kunst“
2432 3385 2678 3448 Die Auf¬
1510 3431 2680 3512 führung mit sehr hübschen Szenenbildern von Ernst
2746 1687 3279 1755 Stern und manchen hü
2735 1737 3247 1806 leistungen (besonders die
2734 1779 3270 1854 neue Komiker Karl Etlinge
2737 1827 3279 1897 lustig eine einst berühmte H
2726 1871 3216 1939 Dichter Vorbild für seine
2773 1916 3279 1981 diese ganze Aufführungn
2728 1968 3272 2021 Möglichkeit dezent. Trotzden
2738 2013 3262 2075 über diesen tückischen Angrif
2734 2059 3279 2114 Wenn derartige Stücke (und
2738 2094 3261 2164 mehrere hundert Male die
2737 2147 3269 2208 ihren Kassenerfolg machen, so
2730 2190 3271 2257 die in ihnen enthaltenen artis
2734 2239 3276 2305 Unternehmen bleibt das eine
2728 2281 3256 2344 Masseninstinkten, wobei man
2734 2330 3257 2384 nur ewa dem unbegrenzten
2730 2370 3284 2430 allen. Theaterleuten zugute her
2726 2463 3270 2526 zu bekämpfen; daß sie aber
2929 2502 3270 2564 Artistische Stu
2730 2503 2928 2568 allerbings.
2724 2553 3275 2620 mögen ihre technische Quali
2723 2596 3281 2653 teresse haben — als Massen
2727 2644 3265 2694 boten, wirken solche Proben
2736 2691 3280 2743 und sind zweifellos eine Kult
2812 2729 3279 2796 Ich möchte nicht mißverst
2724 2772 3271 2842 auch die kühnste Darstellung
2729 2823 3281 2880 für ihre Darbietung auf eine
2728 2868 3256 2919 nicht, entzückt oder ironisch,
2731 2913 3281 2967 Stoff sind, an dessen Gestalt
2722 2956 3242 3016 geistiger Art auswirkt, die
2727 2994 3289 3055 als sinnlichen Mächte im Mes
2737 3053 3256 3112 ei Slakespeare, bei Kleist,
2724 3092 3250 3152 Erleben des Geschlechtlichen
2729 3137 3272 3194 keineswegs aus einer so anti¬
2724 3186 3265 3235 wie bei Bernard Shaw
2735 3222 3271 3285 eines irischen Landsmannes
2725 3269 3278 3324 in eben diesen Tagen das „S
2722 3318 3276 3377 ter gebracht, das man gerad
2728 3350 3282 3421 könnte: „Cäsar und Cleo
2716 3400 3282 3469 Verherrlichung tödlicher Sinn
2712 3447 3288 3524 endlich überlegener Höhe herc
