3496 4320
3 3758 123 3826 nmädch
0 3801 108 3849 Zwald
1176 112 1960 149 rischen Erfolg Zu erringen, den nichts
1175 149 2175 204 kann, was man auch dem Dichter oder dem Theater
2188 152 2249 207 19##
1205 190 1755 257 ewisser Seite vorwersen mag.
1721 261 2218 395 — 70 Jahre alt.
1227 264 1711 387 C. W. Drescher
1421 366 2031 438 (Mit einer photogrophischen Aufrahme 1
1262 428 1965 497 Bürgermeister Reumann hat in der
1166 469 2036 542 Rathause d siebzigjährigen popnlären Wien
2159 473 2257 545 üiker
1166 521 1783 589 C. W. Dreicher das ihm vom
1804 535 2265 587 Hemeinderate gewidmete
1169 578 2258 627 Auerkennungsdiplom überreicht. Musikdirektor Drescher, den
1372 618 2265 671 er keunt und liebt, war mit seiner Gattin und
1264 661 1451 721 rFamilie
1432 670 2254 725 erschienen. Musikdirektor Drescher ist aus
1242 721 2250 782 guten alten Schule echter Musikkunst hervorgegangen.
1143 3702 2166 3765 Artur Schnitzlers „Reigen“ auf der Büh
268 3752 3277 3801 e und der Soldat (Elisadeth Markus Franz Kammauf). 2. Der Soidat und das Stebrnmädchen (Fronz Kammauf=Nelly Hochwald). — 3. Dar Stubenmädchen und der junge Herr (Relly
256 3786 595 3838 ans Wengraf). —
2819 3795 3269 3843 6. Der Gemant und das füße
583 3785 2781 3832 Der lunge Derr und dit junge Frau (Ha“s Pengraf, Traute Karlsen). 3. Die junge Frau nnd der Samahl (Traute Karlieg=Leopold Zwald).
2925 3805 3290 3887 9. Die Schauspielerin
783 3823 867 3864 Das
254 3805 708 3880 old Zwais Hedwig Keller).
845 3816 2890 3868 ####e Mädel und der Dichter bebwig Keller Hans Ziegler). 8. Der Dichter und die Schausplelerin (Hans Ziegler Margarethe Ollyj.
795 3858 2562 3903 und der Graf (Margarethe Jug Haus Lackner). 10. Der Graf unb die Pient (Hans Lackner Elisabeth Markus).
796 3889 2577 3957 Nach der Aufführung in den Wiener Kammerspielen für die „Wiener Bilder“ ausgenommen vom Ateler Joka, Wien.
