3336 4416
314 176 831 271 11. Reigen
1017 170 1433 254 box 17/6
2172 431 2718 503 Abonnement für das Auslans.
2113 487 2789 529 Fär die Czechc, Slowakel mit täglich einmel.
2115 520 2784 555 Postversendung: Monstl. en. K. 17.—, viertenfhri.
2108 548 2790 574 es. K. 51.—. Mit täglich wveimal. Postversendung
2123 565 2798 600 Monatl. er. K. 18.—, viertalj Ahrl. en. K. 54.—, für
2114 585 2789 622 Ungarn mit tägl. einmal. Postversendung: Moneel.
2110 614 2788 644 Ung. K. 50.—, viartelj. Ung. K. 150.—, mit tägl. zweimel
2115 635 2794 668 Postvorsendung: Monatl. Ung. K. 54.—, vierteljährl.
2125 662 2802 693 Ung. K. 102.—; für Jugoslawien mittägl. einmal.
2116 689 2794 715 Postversendung: Monatl. Dinar 10.—, vierteljährl.
2112 708 2794 745 Dinar 30.—, mit tägl. nweimal. Postvorsendung:
2230 731 2672 784 Diner 11.—, vierteljährl. Diner 33.
2115 772 2792 820 Für Deutschland. Bol uns (Krensbend-Ves¬
2118 805 2800 842 bendung): viortabührl. M. 30.-. Für Polen: Bei
2126 837 2795 864 ans (Kreusband-Versendung): viertelj #hrl. M. 150.—.
2124 850 2783 887 Für Frankreich und Italien. Bei an
2113 874 2795 912 (Krousband-Vern.): vierta lühr Fr. 18.—. Für
2313 892 2792 938 und Rumänien. Boi an¬
2111 905 2296 935 Bulgarien
2117 916 2792 977 (Krensband-Versondung): verteljähri. Lewra benw.
2408 944 2787 998 eSchrels Vnd all
2319 951 2351 977 *
2123 949 2300 979 Lei 60.—
2549 969 2791 1022 Meriverennn
2114 966 2482 1001 übrigem Sinsten des
2648 991 2788 1022 eljährlieh
2334 997 2421 1029 uband
2171 998 2264 1028 uns
2114 998 2172 1027 Bei
2461 990 2791 1052 eiee Pönt-anderm 1n
2142 1014 2416 1052 chwein. Fr. 10.—. —
2549 1040 2790 1067 hweis Fr. 19.75
2111 1040 2473 1070 Deutschiand M. 8#0#
2142 1062 2778 1096 egen Pr. #.-6, Isaliem L. 14-47, Rumänfen
2115 1086 2787 1133 Fr. n#do. Bulgarien Fr. 1565. Russland
2212 1102 2712 1157 R. 5.30, Griechenland Fr. 12.—.
2457 1194 2696 1288 1921
1734 1347 2712 1446 Der „Reigen“ vor dem Verfassungs¬
2074 1421 2366 1512 gerichtshof.
1878 1483 2755 1574 der Bundesregierung gegen Landes¬
1704 1491 1857 1582 Klage
1964 1546 2497 1623 hauptinann Reumenn.
2414 1579 2759 1666 Wien, 12. Februar.
1754 1642 2794 1716 Die Bundesregierung wird gegen Landeshauptmann
1672 1698 2803 1756 Reumann die Klage beim Verfassungsgerichtshof ein¬
1670 1747 2811 1819 bringen. Das ist die Lösung, die man zur Austragung der
1676 1797 2264 1867 „Reigen“=Affäre gefunden hat.
1762 1832 2802 1920 Der Artikel 142 der Bundesverfassung sieht ver¬
1678 1900 2793 1965 schiedene Fälle vor, in denen der Verfassungsgerichtshof
1672 1961 2806 2012 ungerufen werden kann. Dazu gehört auch die Gesetzes¬
1675 1991 2801 2053 verletzung oder die Nichtbefolgung der Verordnungen oder
1687 2041 2800 2097 sonstigen Anordnungen des Bundes durch einen Landes¬
1687 2087 2802 2153 hauptmann. Aber während das verurteilende Erkenntnis
1684 2130 2811 2193 des Verfassungsgerichtshofes bei den im Artikel 142 be¬
1680 2180 2809 2244 zeichneten Anklagefällen im allgemeinen auf Verlust des
1689 2226 2808 2287 Amies, eventuell sogar auf den zeitlichen Verlust der
1680 2272 2813 2340 politischen Rechte zu lauten hat, kann sich der Gerichtshof
1683 2329 2807 2380 bloß auf die Feststellung beschränken, daß eine Rechts¬
1681 2373 2808 2431 verletzung vorliege, wenn die Bundesregierung gegen
1683 2408 2497 2481 einen Landeshauptmann klagbar auftritt.
1775 2473 2720 2551 Uebertreibungen auf beiden Seiten.
1786 2530 2815 2601 Der durch das Verbot der weiteren „Reigen"=Auf¬
1693 2590 2818 2646 führungen heraufbeschworene Konflikt ist besonders kompliziert.
1686 2621 2818 2691 Auf beiden Seiten liegen zumindestens Uebertreibungen vor.
1779 2682 2806 2738 Es ist die Frage, ob Landeshauptmann Renmann
1697 2722 2729 2789 soweit gehen mußte, das Verbot nicht zur Kenntnis
2750 2760 2816 2823 des
1700 2761 2750 2838 iehmen, selbst auf die Gefahr hin, daß die Aufführungen
1692 2813 2739 2880 „Reigen zu Demonstrationen führen könnten, zumal
1709 2863 2822 2928 chon vor der Erlaubnis schwere Bedenken durch den Polizei¬
1695 2905 2825 2979 präsidenten von Wien geltend gemacht wurden. Es ist ferner
1684 2957 2808 3023 zu erwägen, ob es notwendig war, über den Artikel 103 der
1696 2999 2823 3064 Verfassung hinwegzusehen, der die Landeshauptleute in den
1689 3054 2817 3112 Angelegenheiten der mittelbaren Bundesverwaltung an die
1701 3104 2814 3161 Weisungen der Bundesregierung sowie der einzelnen Bundes¬
1696 3144 2035 3212 ministerien bindet.
1785 3175 2821 3243 Anderseits hat auch der Minister des Innern einen
1703 3227 2818 3306 Fehler begangen, indem er die Theaterordnung, die dem Statt¬
1695 3278 2822 3343 halter, beziehungsweise dem Landeshauptmann die Ent¬
1706 3318 2812 3390 scheidung überläßt, in einer den Rechtsüberlieferungen und
1704 3377 2819 3441 Ansichten der Theaterjuristen widersprechenden Weise
1703 3431 1868 3491 auslegte.
1725 3493 2774 3573 Die Notwendigkeit eines neuen Theater¬
2153 3537 2384 3626 gesetzes.
1793 3591 2815 3667 Seit vielen Jahren wird der Kampf um ein neues
1693 3653 2819 3712 Theatergesetz geführt. Die Parlamente sind gekommen und
1707 3701 2830 3762 gegangen, die Zeiten haben sich gewaltig geändert, aber die
1698 3749 2831 3800 Schande, daß ein Gesetz aus dem Jahre 1850 noch immer
1698 3804 2825 3855 auf einen Teil unseres Kulturlebens Einfluß nimmt, wurde
1692 3849 2823 3904 nicht beseitigt. Hatten die Parlamentarier stets so viel zu
1706 3891 2820 3971 tun, daß sie wichtige Angelegenheiten nicht erledigen konnten?
1791 3934 2834 3988 Als Dr. v. Koerber im Jahre 1903 seinen Östererlaß
1702 3980 2832 4042 über die Theaterzensur veröffentlichte und die Zensurbeiräte
1697 4029 2831 4093 schuf, gab er die Weisung, ihm über die Erfolge von Zeit
2860 1475 2944 1565 3
2964 1511 3037 1563 N
