<?xml version="1.0" encoding="UTF-8" standalone="yes"?>
<PcGts xmlns="http://schema.primaresearch.org/PAGE/gts/pagecontent/2013-07-15" xmlns:xsi="http://www.w3.org/2001/XMLSchema-instance" xsi:schemaLocation="http://schema.primaresearch.org/PAGE/gts/pagecontent/2013-07-15 http://schema.primaresearch.org/PAGE/gts/pagecontent/2013-07-15/pagecontent.xsd">
    <Metadata>
        <Creator>prov=University of Rostock/Institute of Mathematics/CITlab/Gundram Leifert/gundram.leifert@uni-rostock.de:name=ONB_Newseye_GT_M1+(htr_id=10810)::::v=2.4.3
prov=University of Rostock/Institute of Mathematics/CITlab/Tobias Gruening/tobias.gruening@uni-rostock.de:name=de.uros.citlab.module.baseline2polygon.B2PSeamMultiOriented:v=2.4.3
prov=University of Rostock/Institute of Mathematics/CITlab/Tobias Gruening/tobias.gruening@uni-rostock.de:name=/net_tf/LA73_249_0mod360.pb:de.uros.citlab.segmentation.CITlab_LA_ML:v=2.4.3
Transkribus</Creator>
        <Created>2019-10-07T11:37:30.647+02:00</Created>
        <LastChange>2019-12-04T13:30:22.299+01:00</LastChange>
        <TranskribusMetadata docId="223982" pageId="9502167" pageNr="153" tsid="20372910" status="IN_PROGRESS" userId="40391" imgUrl="https://files.transkribus.eu/Get?id=BWQQJEGWOVKRKASCHOENGQKX&amp;fileType=view" xmlUrl="https://files.transkribus.eu/Get?id=VGCHJEZSNFISJJCEYHHAVECV" imageId="6192385"/>
    </Metadata>
    <Page imageFilename="223982_0153.jpeg" imageWidth="3392" imageHeight="4352">
        <ReadingOrder>
            <OrderedGroup id="ro_1711448281764" caption="Regions reading order">
                <RegionRefIndexed index="0" regionRef="r1"/>
                <RegionRefIndexed index="1" regionRef="r2"/>
                <RegionRefIndexed index="2" regionRef="r3"/>
                <RegionRefIndexed index="3" regionRef="r4"/>
                <RegionRefIndexed index="4" regionRef="r5"/>
            </OrderedGroup>
        </ReadingOrder>
        <TextRegion orientation="0.0" id="r1" custom="readingOrder {index:0;}">
            <Coords points="287,102 287,255 405,255 405,102"/>
            <TextLine id="r1l1" custom="readingOrder {index:0;}">
                <Coords points="281,228 310,225 320,218 341,214 363,214 366,218 377,212 394,215 402,208 410,208 411,161 398,163 385,151 373,152 355,141 319,147 308,138 284,138"/>
                <Baseline points="287,202 316,202 346,204 375,205 405,204"/>
                <TextEquiv>
                    <Unicode>11.</Unicode>
                </TextEquiv>
            </TextLine>
            <TextEquiv>
                <Unicode>11.</Unicode>
            </TextEquiv>
        </TextRegion>
        <TextRegion orientation="0.0" id="r2" custom="readingOrder {index:1;}">
            <Coords points="476,117 476,270 793,270 793,117"/>
            <TextLine id="r2l1" custom="readingOrder {index:0;}">
                <Coords points="470,235 530,224 551,235 576,226 655,239 707,223 763,242 798,237 798,177 778,165 636,165 609,147 581,164 536,152 471,155"/>
                <Baseline points="476,217 502,218 528,218 555,218 581,219 608,219 634,219 660,219 687,219 713,219 740,220 766,220 793,220"/>
                <TextEquiv>
                    <Unicode>Reigen</Unicode>
                </TextEquiv>
            </TextLine>
            <TextEquiv>
                <Unicode>Reigen</Unicode>
            </TextEquiv>
        </TextRegion>
        <TextRegion orientation="0.0" id="r3" custom="readingOrder {index:2;}">
            <Coords points="890,181 890,3518 1762,3518 1762,181"/>
            <TextLine id="r3l1" custom="readingOrder {index:0;}">
                <Coords points="983,214 1177,209 1238,224 1325,210 1399,227 1400,163 1367,156 1211,155 1159,184 1107,160 1038,166 984,150"/>
                <Baseline points="988,205 1013,205 1038,205 1064,206 1089,207 1114,208 1140,208 1165,209 1191,210 1216,211 1241,211 1267,212 1292,212 1317,212 1343,211 1368,211 1394,209"/>
                <TextEquiv>
                    <Unicode>box 17/2</Unicode>
                </TextEquiv>
            </TextLine>
            <TextLine id="r3l2" custom="readingOrder {index:1;}">
                <Coords points="886,917 1629,912 1702,899 1702,857 885,880"/>
                <Baseline points="891,908 931,906 971,905 1011,905 1052,904 1092,903 1132,903 1173,902 1213,902 1253,901 1294,901 1334,900 1374,900 1414,899 1455,899 1495,898 1535,898 1576,897 1616,896 1656,895 1697,894"/>
                <TextEquiv>
                    <Unicode>zu unterfertigen hätten, wonach sie sich nicht nu</Unicode>
                </TextEquiv>
            </TextLine>
            <TextLine id="r3l3" custom="readingOrder {index:2;}">
                <Coords points="898,971 996,979 1121,943 1251,972 1713,956 1712,917 1686,913 898,923"/>
                <Baseline points="903,954 943,955 983,955 1023,954 1064,954 1104,954 1144,954 1184,953 1225,952 1265,952 1305,951 1345,950 1386,950 1426,949 1466,948 1506,947 1547,946 1587,946 1627,945 1667,945 1708,944"/>
                <TextEquiv>
                    <Unicode>vielleicht zur Erfüllung ihrer Dienstesobliegen¬</Unicode>
                </TextEquiv>
            </TextLine>
            <TextLine id="r3l4" custom="readingOrder {index:3;}">
                <Coords points="885,1011 1717,1012 1717,960 884,973"/>
                <Baseline points="890,1004 931,1004 972,1003 1013,1003 1054,1002 1095,1002 1136,1001 1177,1001 1218,1000 1259,1000 1301,999 1342,999 1383,998 1424,998 1465,997 1506,996 1547,996 1588,995 1629,994 1670,994 1712,993"/>
                <TextEquiv>
                    <Unicode>heiten verpflichten (das wäre vernünftig, aber auch</Unicode>
                </TextEquiv>
            </TextLine>
            <TextLine id="r3l5" custom="readingOrder {index:4;}">
                <Coords points="898,1062 1718,1046 1717,1011 1604,1003 897,1023"/>
                <Baseline points="903,1053 943,1052 983,1052 1024,1052 1064,1052 1105,1052 1145,1051 1186,1051 1226,1050 1267,1050 1307,1050 1347,1049 1388,1048 1428,1048 1469,1047 1509,1046 1550,1045 1590,1044 1631,1044 1671,1043 1712,1042"/>
                <TextEquiv>
                    <Unicode>überflüssig gewesen, denn wer seinen Dienst nicht</Unicode>
                </TextEquiv>
            </TextLine>
            <TextLine id="r3l6" custom="readingOrder {index:5;}">
                <Coords points="898,1119 1489,1116 1565,1090 1665,1109 1714,1102 1714,1060 897,1081"/>
                <Baseline points="903,1103 943,1103 983,1102 1023,1102 1064,1101 1104,1101 1144,1100 1185,1100 1225,1099 1265,1099 1306,1098 1346,1098 1386,1097 1426,1096 1467,1096 1507,1095 1547,1095 1588,1094 1628,1094 1668,1093 1709,1093"/>
                <TextEquiv>
                    <Unicode>erfüllt, muß ihn ja ohnedies verlassen) — o nein,</Unicode>
                </TextEquiv>
            </TextLine>
            <TextLine id="r3l7" custom="readingOrder {index:6;}">
                <Coords points="900,1165 1633,1160 1723,1148 1723,1111 900,1119"/>
                <Baseline points="905,1153 945,1152 986,1152 1026,1151 1067,1151 1108,1150 1148,1150 1189,1149 1230,1149 1270,1148 1311,1148 1352,1147 1392,1146 1433,1145 1474,1145 1514,1144 1555,1143 1596,1142 1636,1142 1677,1140 1718,1140"/>
                <TextEquiv>
                    <Unicode>Herr Dr. Karl Lueger, dieser Kronenwächter der</Unicode>
                </TextEquiv>
            </TextLine>
            <TextLine id="r3l8" custom="readingOrder {index:7;}">
                <Coords points="903,1208 1703,1206 1713,1162 902,1164"/>
                <Baseline points="908,1202 948,1201 988,1201 1028,1201 1068,1200 1108,1200 1148,1200 1188,1199 1228,1198 1268,1198 1308,1197 1348,1196 1388,1196 1428,1195 1468,1194 1508,1193 1548,1193 1588,1192 1628,1191 1668,1190 1708,1190"/>
                <TextEquiv>
                    <Unicode>Loyalität in Oesterreich,erlangt von jedem</Unicode>
                </TextEquiv>
            </TextLine>
            <TextLine id="r3l9" custom="readingOrder {index:8;}">
                <Coords points="900,1268 1715,1259 1714,1210 1690,1201 1347,1224 899,1209"/>
                <Baseline points="905,1251 945,1250 985,1250 1025,1249 1065,1249 1106,1248 1146,1248 1186,1247 1226,1247 1266,1246 1307,1245 1347,1245 1387,1244 1427,1244 1467,1243 1508,1242 1548,1242 1588,1241 1628,1241 1668,1240 1709,1239"/>
                <TextEquiv>
                    <Unicode>Straßenbahner nicht mehr als einen Loyalitätseid,</Unicode>
                </TextEquiv>
            </TextLine>
            <TextLine id="r3l10" custom="readingOrder {index:9;}">
                <Coords points="899,1315 1530,1312 1729,1285 1700,1255 1577,1250 898,1268"/>
                <Baseline points="904,1301 945,1301 986,1300 1027,1300 1068,1299 1109,1299 1150,1298 1191,1297 1232,1296 1273,1295 1314,1295 1355,1294 1396,1293 1437,1292 1478,1291 1519,1291 1560,1290 1601,1290 1642,1289 1683,1288 1724,1288"/>
                <TextEquiv>
                    <Unicode>daß er zeitlebens stets als waschechter Christlich¬</Unicode>
                </TextEquiv>
            </TextLine>
            <TextLine id="r3l11" custom="readingOrder {index:10;}">
                <Coords points="894,1360 1726,1355 1726,1304 893,1315"/>
                <Baseline points="899,1349 940,1348 981,1348 1022,1348 1063,1347 1104,1347 1145,1346 1186,1346 1227,1345 1268,1345 1310,1344 1351,1343 1392,1343 1433,1342 1474,1341 1515,1341 1556,1340 1597,1339 1638,1339 1679,1338 1721,1337"/>
                <TextEquiv>
                    <Unicode>sozialer leben und hauptsächlich auch — stimmen</Unicode>
                </TextEquiv>
            </TextLine>
            <TextLine id="r3l12" custom="readingOrder {index:11;}">
                <Coords points="904,1405 1730,1386 1712,1359 1579,1348 1487,1370 903,1371"/>
                <Baseline points="909,1398 949,1397 990,1397 1031,1397 1072,1396 1113,1396 1153,1395 1194,1395 1235,1394 1276,1394 1317,1393 1357,1393 1398,1392 1439,1391 1480,1391 1521,1390 1561,1389 1602,1388 1643,1388 1684,1387 1725,1386"/>
                <TextEquiv>
                    <Unicode>werde. Herr Dr. Karl Lueger will gleich seinem</Unicode>
                </TextEquiv>
            </TextLine>
            <TextLine id="r3l13" custom="readingOrder {index:12;}">
                <Coords points="898,1457 1644,1454 1718,1447 1718,1406 898,1407"/>
                <Baseline points="903,1446 943,1446 984,1446 1024,1445 1065,1445 1105,1445 1146,1444 1186,1444 1227,1443 1267,1443 1308,1442 1348,1441 1389,1441 1429,1440 1470,1440 1510,1439 1551,1438 1591,1437 1632,1436 1672,1436 1713,1435"/>
                <TextEquiv>
                    <Unicode>Vorbild, Wilhelm II., alle anders Gesinnten aus</Unicode>
                </TextEquiv>
            </TextLine>
            <TextLine id="r3l14" custom="readingOrder {index:13;}">
                <Coords points="902,1508 1117,1513 1159,1485 1231,1510 1705,1500 1719,1452 901,1465"/>
                <Baseline points="907,1499 947,1498 987,1496 1028,1495 1068,1494 1108,1493 1149,1493 1189,1492 1229,1491 1270,1490 1310,1490 1350,1489 1391,1489 1431,1489 1471,1488 1512,1488 1552,1487 1592,1487 1633,1486 1673,1485 1714,1484"/>
                <TextEquiv>
                    <Unicode>„seinem Reiche“ der Stadt Wien, ausweisen. Wehe</Unicode>
                </TextEquiv>
            </TextLine>
            <TextLine id="r3l15" custom="readingOrder {index:14;}">
                <Coords points="908,1551 1721,1548 1726,1501 907,1519"/>
                <Baseline points="913,1545 953,1545 993,1544 1034,1543 1074,1543 1115,1542 1155,1541 1195,1541 1236,1540 1276,1540 1317,1539 1357,1539 1397,1538 1438,1538 1478,1537 1519,1537 1559,1536 1599,1535 1640,1535 1680,1534 1721,1533"/>
                <TextEquiv>
                    <Unicode>venn einer der Meinung ist, daß es doch noch eine etwas</Unicode>
                </TextEquiv>
            </TextLine>
            <TextLine id="r3l16" custom="readingOrder {index:15;}">
                <Coords points="906,1608 1732,1596 1731,1562 1688,1545 905,1560"/>
                <Baseline points="911,1593 951,1593 992,1592 1033,1591 1074,1591 1114,1590 1155,1590 1196,1589 1237,1589 1277,1588 1318,1588 1359,1587 1400,1587 1440,1586 1481,1586 1522,1586 1563,1585 1603,1585 1644,1584 1685,1584 1726,1584"/>
                <TextEquiv>
                    <Unicode>höhere Kulturstufe als die der Christlichsozialen gäbe,</Unicode>
                </TextEquiv>
            </TextLine>
            <TextLine id="r3l17" custom="readingOrder {index:16;}">
                <Coords points="911,1654 1715,1650 1729,1600 910,1613"/>
                <Baseline points="916,1642 956,1642 996,1641 1037,1641 1077,1640 1118,1640 1158,1639 1198,1638 1239,1638 1279,1637 1320,1637 1360,1636 1400,1635 1441,1635 1481,1634 1522,1634 1562,1633 1602,1633 1643,1633 1683,1633 1724,1633"/>
                <TextEquiv>
                    <Unicode>daß muß zumindest ein — Republikaner oder gar</Unicode>
                </TextEquiv>
            </TextLine>
            <TextLine id="r3l18" custom="readingOrder {index:17;}">
                <Coords points="912,1708 1717,1685 1716,1648 1610,1642 912,1658"/>
                <Baseline points="917,1690 956,1690 996,1689 1036,1689 1076,1688 1115,1688 1155,1687 1195,1687 1235,1686 1274,1686 1314,1685 1354,1685 1394,1684 1433,1684 1473,1683 1513,1683 1553,1682 1592,1682 1632,1681 1672,1681 1712,1680"/>
                <TextEquiv>
                    <Unicode>in Deutschvolkler = Preußenseuchler sein. Hinaus</Unicode>
                </TextEquiv>
            </TextLine>
            <TextLine id="r3l19" custom="readingOrder {index:18;}">
                <Coords points="906,1750 1653,1746 1724,1737 1723,1692 905,1714"/>
                <Baseline points="911,1739 951,1739 991,1738 1032,1738 1072,1737 1112,1737 1153,1737 1193,1736 1233,1735 1274,1735 1314,1734 1354,1734 1395,1733 1435,1733 1475,1732 1516,1732 1556,1731 1596,1731 1637,1730 1677,1730 1718,1729"/>
                <TextEquiv>
                    <Unicode>mit ihm aus der Heerde frommer Schafe, die</Unicode>
                </TextEquiv>
            </TextLine>
            <TextLine id="r3l20" custom="readingOrder {index:19;}">
                <Coords points="913,1806 1719,1785 1705,1743 1537,1737 1312,1765 912,1761"/>
                <Baseline points="917,1791 956,1790 996,1788 1036,1787 1076,1787 1116,1786 1156,1785 1195,1785 1235,1784 1275,1784 1315,1783 1355,1783 1395,1782 1435,1782 1474,1782 1514,1781 1554,1781 1594,1780 1634,1780 1674,1779 1714,1778"/>
                <TextEquiv>
                    <Unicode>gegenwärtig durch das Wiener Spießertum so</Unicode>
                </TextEquiv>
            </TextLine>
            <TextLine id="r3l21" custom="readingOrder {index:20;}">
                <Coords points="912,1854 1737,1838 1736,1798 1695,1788 911,1801"/>
                <Baseline points="917,1839 957,1838 998,1836 1039,1836 1079,1835 1120,1834 1161,1834 1201,1833 1242,1833 1283,1833 1324,1833 1364,1832 1405,1832 1446,1832 1486,1831 1527,1830 1568,1829 1608,1828 1649,1827 1690,1825 1731,1824"/>
                <TextEquiv>
                    <Unicode>glänzend repräsentiert wird. Garniert ist diese</Unicode>
                </TextEquiv>
            </TextLine>
            <TextLine id="r3l22" custom="readingOrder {index:21;}">
                <Coords points="909,1900 1711,1893 1728,1843 908,1851"/>
                <Baseline points="913,1885 953,1884 994,1884 1034,1884 1075,1883 1115,1883 1156,1883 1196,1883 1237,1882 1277,1882 1318,1882 1358,1881 1399,1881 1439,1881 1480,1880 1520,1880 1561,1879 1601,1878 1642,1877 1682,1876 1723,1875"/>
                <TextEquiv>
                    <Unicode>Ehrenwort=Verpflichtung der Straßenbahner noch</Unicode>
                </TextEquiv>
            </TextLine>
            <TextLine id="r3l23" custom="readingOrder {index:22;}">
                <Coords points="908,1952 1733,1930 1732,1885 907,1900"/>
                <Baseline points="913,1935 953,1934 994,1933 1035,1933 1076,1932 1116,1932 1157,1931 1198,1931 1239,1931 1279,1930 1320,1930 1361,1930 1402,1930 1442,1929 1483,1929 1524,1929 1565,1928 1605,1927 1646,1927 1687,1926 1728,1925"/>
                <TextEquiv>
                    <Unicode>überdies mit billigem Grünzeug für Thron und</Unicode>
                </TextEquiv>
            </TextLine>
            <TextLine id="r3l24" custom="readingOrder {index:23;}">
                <Coords points="915,1999 1729,1992 1729,1930 1657,1952 914,1950"/>
                <Baseline points="920,1986 960,1984 1000,1984 1040,1983 1080,1982 1121,1981 1161,1981 1201,1980 1241,1980 1281,1980 1322,1979 1362,1979 1402,1979 1442,1979 1482,1978 1523,1978 1563,1977 1603,1976 1643,1976 1683,1975 1724,1974"/>
                <TextEquiv>
                    <Unicode>Dynastie, aber nicht nur für jetzt, sondern auch</Unicode>
                </TextEquiv>
            </TextLine>
            <TextLine id="r3l25" custom="readingOrder {index:24;}">
                <Coords points="914,2047 1583,2021 1733,2044 1712,1986 913,1999"/>
                <Baseline points="919,2035 959,2034 999,2033 1040,2032 1080,2031 1121,2031 1161,2030 1201,2029 1242,2029 1282,2029 1323,2028 1363,2028 1403,2027 1444,2027 1484,2027 1525,2026 1565,2026 1605,2025 1646,2025 1686,2024 1727,2023"/>
                <TextEquiv>
                    <Unicode>gleich für alle ewige Zukunft; so weit als der</Unicode>
                </TextEquiv>
            </TextLine>
            <TextLine id="r3l26" custom="readingOrder {index:25;}">
                <Coords points="916,2095 1677,2085 1677,2049 1625,2038 916,2047"/>
                <Baseline points="921,2082 958,2081 996,2081 1033,2080 1071,2080 1108,2079 1146,2079 1183,2078 1221,2078 1258,2077 1296,2077 1334,2077 1371,2076 1409,2076 1446,2075 1484,2075 1521,2075 1559,2074 1596,2074 1634,2074 1672,2074"/>
                <TextEquiv>
                    <Unicode>Wahnwitz unseres Stadtkommandanten reicht.</Unicode>
                </TextEquiv>
            </TextLine>
            <TextLine id="r3l27" custom="readingOrder {index:26;}">
                <Coords points="920,2142 1723,2139 1732,2084 919,2095"/>
                <Baseline points="925,2130 965,2130 1005,2129 1045,2129 1085,2129 1125,2129 1165,2128 1205,2128 1245,2128 1285,2127 1326,2127 1366,2126 1406,2126 1446,2126 1486,2125 1526,2125 1566,2124 1606,2124 1646,2123 1686,2123 1727,2122"/>
                <TextEquiv>
                    <Unicode>Man braucht die Sache ganz gewiß nicht tragisch</Unicode>
                </TextEquiv>
            </TextLine>
            <TextLine id="r3l28" custom="readingOrder {index:27;}">
                <Coords points="920,2191 1739,2180 1738,2147 1629,2133 1492,2154 1006,2133 919,2155"/>
                <Baseline points="925,2179 965,2179 1005,2179 1046,2178 1086,2178 1127,2178 1167,2177 1207,2177 1248,2176 1288,2176 1329,2175 1369,2175 1409,2174 1450,2174 1490,2173 1531,2173 1571,2172 1611,2172 1652,2172 1692,2172 1733,2171"/>
                <TextEquiv>
                    <Unicode>aufzufassen, dazu ist sie zu sinnlos. Tausende von</Unicode>
                </TextEquiv>
            </TextLine>
            <TextLine id="r3l29" custom="readingOrder {index:28;}">
                <Coords points="922,2248 1519,2238 1601,2210 1735,2225 1734,2188 1653,2181 1606,2200 921,2192"/>
                <Baseline points="927,2228 967,2228 1007,2227 1047,2227 1087,2227 1127,2227 1167,2226 1207,2226 1247,2226 1287,2225 1328,2225 1368,2225 1408,2224 1448,2224 1488,2223 1528,2223 1568,2222 1608,2222 1648,2221 1688,2220 1729,2219"/>
                <TextEquiv>
                    <Unicode>Männern mit der Hungerpeitsche zu einer Ehren¬</Unicode>
                </TextEquiv>
            </TextLine>
            <TextLine id="r3l30" custom="readingOrder {index:29;}">
                <Coords points="914,2284 1471,2271 1503,2294 1733,2280 1733,2250 1420,2229 913,2245"/>
                <Baseline points="919,2276 959,2276 999,2276 1040,2276 1080,2276 1121,2276 1161,2275 1202,2275 1242,2275 1283,2274 1323,2274 1363,2273 1404,2273 1444,2273 1485,2272 1525,2272 1566,2272 1606,2271 1647,2271 1687,2271 1728,2272"/>
                <TextEquiv>
                    <Unicode>wort=Erklärung“ zu pressen das ist ja doch ga¬</Unicode>
                </TextEquiv>
            </TextLine>
            <TextLine id="r3l31" custom="readingOrder {index:30;}">
                <Coords points="914,2333 1736,2327 1735,2291 1681,2283 913,2291"/>
                <Baseline points="919,2327 959,2327 1000,2326 1040,2326 1081,2326 1121,2325 1162,2325 1202,2324 1243,2324 1283,2324 1324,2323 1365,2323 1405,2322 1446,2322 1486,2322 1527,2321 1567,2321 1608,2320 1648,2320 1689,2319 1730,2319"/>
                <TextEquiv>
                    <Unicode>nicht schwer. Abgegeben wird die Erklärung sicher¬</Unicode>
                </TextEquiv>
            </TextLine>
            <TextLine id="r3l32" custom="readingOrder {index:31;}">
                <Coords points="1227,2387 1348,2375 1492,2387 1572,2369 1664,2389 1733,2373 1733,2341 1675,2330 1648,2343 1607,2331 1446,2347 1227,2340"/>
                <Baseline points="1233,2373 1259,2372 1285,2372 1311,2371 1337,2371 1363,2371 1389,2371 1415,2371 1441,2371 1467,2371 1493,2371 1519,2371 1545,2371 1571,2371 1597,2371 1623,2371 1649,2370 1675,2370 1701,2369 1728,2368"/>
                <TextEquiv>
                    <Unicode>warum auch nicht?! Hat Herr</Unicode>
                </TextEquiv>
            </TextLine>
            <TextLine id="r3l33" custom="readingOrder {index:32;}">
                <Coords points="924,2386 964,2390 985,2376 1044,2388 1066,2375 1160,2387 1215,2371 1215,2349 1207,2348 1173,2358 1097,2338 1056,2355 997,2345 979,2353 957,2337 924,2336"/>
                <Baseline points="929,2375 954,2376 980,2376 1005,2375 1031,2375 1056,2375 1082,2375 1107,2375 1133,2375 1158,2375 1184,2376 1210,2377"/>
                <TextEquiv>
                    <Unicode>ich von allen —</Unicode>
                </TextEquiv>
            </TextLine>
            <TextLine id="r3l34" custom="readingOrder {index:33;}">
                <Coords points="929,2432 1744,2436 1744,2394 1697,2378 982,2404 929,2385"/>
                <Baseline points="934,2424 974,2424 1014,2424 1054,2424 1095,2423 1135,2423 1175,2423 1215,2422 1256,2422 1296,2422 1336,2421 1376,2421 1417,2421 1457,2420 1497,2420 1537,2419 1578,2419 1618,2418 1658,2418 1698,2418 1739,2417"/>
                <TextEquiv>
                    <Unicode>Dr. Karl Lueger es vermocht, trotz Mannesehre</Unicode>
                </TextEquiv>
            </TextLine>
            <TextLine id="r3l35" custom="readingOrder {index:34;}">
                <Coords points="923,2482 1734,2475 1733,2440 1647,2427 1610,2446 923,2444"/>
                <Baseline points="928,2474 968,2474 1008,2473 1048,2473 1088,2473 1128,2472 1168,2472 1208,2471 1248,2471 1288,2471 1328,2470 1368,2469 1408,2469 1448,2468 1488,2468 1528,2467 1568,2467 1608,2467 1648,2466 1688,2466 1728,2466"/>
                <TextEquiv>
                    <Unicode>und Ueberzeugungstreue sich vom radikalen Demo¬</Unicode>
                </TextEquiv>
            </TextLine>
            <TextLine id="r3l36" custom="readingOrder {index:35;}">
                <Coords points="920,2529 1735,2525 1719,2479 920,2481"/>
                <Baseline points="925,2522 965,2522 1005,2522 1045,2522 1086,2522 1126,2521 1166,2521 1206,2521 1247,2520 1287,2520 1327,2519 1367,2519 1408,2518 1448,2518 1488,2517 1528,2517 1569,2516 1609,2515 1649,2515 1689,2514 1730,2514"/>
                <TextEquiv>
                    <Unicode>kraten bis zum schwarzgelben Hanswurst hinauf¬</Unicode>
                </TextEquiv>
            </TextLine>
            <TextLine id="r3l37" custom="readingOrder {index:36;}">
                <Coords points="922,2583 1735,2574 1734,2538 1707,2529 921,2533"/>
                <Baseline points="927,2571 967,2571 1007,2571 1047,2570 1087,2570 1127,2570 1167,2569 1207,2569 1247,2568 1287,2568 1328,2568 1368,2567 1408,2567 1448,2566 1488,2566 1528,2565 1568,2565 1608,2564 1648,2564 1688,2564 1729,2563"/>
                <TextEquiv>
                    <Unicode>zuschlängeln, warum soll sich dann ein einfacher</Unicode>
                </TextEquiv>
            </TextLine>
            <TextLine id="r3l38" custom="readingOrder {index:37;}">
                <Coords points="922,2627 1733,2627 1733,2589 1685,2577 922,2583"/>
                <Baseline points="927,2621 967,2620 1007,2619 1047,2619 1087,2618 1127,2618 1167,2617 1207,2617 1247,2617 1287,2616 1327,2616 1367,2616 1407,2616 1447,2615 1487,2615 1527,2615 1567,2615 1607,2614 1647,2614 1687,2614 1728,2614"/>
                <TextEquiv>
                    <Unicode>Straßenbahner nicht durch dieses hehre Beispie</Unicode>
                </TextEquiv>
            </TextLine>
            <TextLine id="r3l39" custom="readingOrder {index:38;}">
                <Coords points="918,2682 1707,2678 1741,2675 1741,2630 918,2633"/>
                <Baseline points="923,2669 963,2669 1004,2668 1044,2668 1085,2668 1126,2667 1166,2667 1207,2667 1248,2666 1288,2666 1329,2665 1370,2665 1410,2664 1451,2664 1492,2664 1532,2664 1573,2664 1614,2664 1654,2664 1695,2664 1736,2664"/>
                <TextEquiv>
                    <Unicode>integrer Charakterlosigkeit eines Besseren belehren</Unicode>
                </TextEquiv>
            </TextLine>
            <TextLine id="r3l40" custom="readingOrder {index:39;}">
                <Coords points="923,2722 1737,2726 1737,2685 922,2681"/>
                <Baseline points="928,2718 968,2717 1008,2717 1048,2717 1088,2716 1129,2716 1169,2715 1209,2715 1249,2715 1289,2714 1330,2714 1370,2714 1410,2714 1450,2713 1490,2713 1531,2713 1571,2713 1611,2713 1651,2713 1691,2713 1732,2713"/>
                <TextEquiv>
                    <Unicode>lassen? Ob es politisch ist, tausende von Männern</Unicode>
                </TextEquiv>
            </TextLine>
            <TextLine id="r3l41" custom="readingOrder {index:40;}">
                <Coords points="930,2780 1710,2778 1748,2769 1748,2729 930,2733"/>
                <Baseline points="935,2767 975,2767 1015,2766 1056,2766 1096,2765 1137,2765 1177,2765 1217,2764 1258,2764 1298,2764 1339,2763 1379,2763 1419,2763 1460,2762 1500,2762 1541,2762 1581,2762 1621,2761 1662,2761 1702,2761 1743,2761"/>
                <TextEquiv>
                    <Unicode>mit Absicht zu Ehrlosen zu machen, wenn sie sich</Unicode>
                </TextEquiv>
            </TextLine>
            <TextLine id="r3l42" custom="readingOrder {index:41;}">
                <Coords points="922,2827 1743,2825 1742,2780 1692,2769 1546,2790 1384,2774 1350,2800 1263,2775 921,2780"/>
                <Baseline points="927,2817 967,2817 1008,2816 1048,2816 1089,2815 1129,2815 1170,2814 1210,2814 1251,2813 1291,2813 1332,2812 1373,2812 1413,2812 1454,2811 1494,2811 1535,2811 1575,2810 1616,2810 1656,2810 1697,2810 1738,2809"/>
                <TextEquiv>
                    <Unicode>anders gehaben wollten, als es den Loyalitäts¬</Unicode>
                </TextEquiv>
            </TextLine>
            <TextLine id="r3l43" custom="readingOrder {index:42;}">
                <Coords points="938,2876 1749,2871 1748,2829 1684,2820 938,2835"/>
                <Baseline points="943,2865 983,2864 1023,2864 1063,2864 1103,2864 1143,2863 1183,2863 1223,2863 1263,2862 1303,2862 1343,2862 1383,2861 1423,2861 1463,2861 1503,2860 1543,2860 1583,2860 1623,2860 1663,2860 1703,2860 1744,2860"/>
                <TextEquiv>
                    <Unicode>umpfern im Rathaus paßt, das bleibe dahin¬</Unicode>
                </TextEquiv>
            </TextLine>
            <TextLine id="r3l44" custom="readingOrder {index:43;}">
                <Coords points="924,2935 1060,2914 1733,2923 1739,2870 924,2890"/>
                <Baseline points="929,2917 969,2916 1009,2915 1049,2914 1090,2913 1130,2913 1170,2912 1210,2912 1251,2911 1291,2911 1331,2911 1371,2910 1412,2910 1452,2910 1492,2910 1532,2909 1573,2909 1613,2909 1653,2908 1693,2908 1734,2908"/>
                <TextEquiv>
                    <Unicode>gestellt. Wir Oesterreicher sind gewohnt von Kind¬</Unicode>
                </TextEquiv>
            </TextLine>
            <TextLine id="r3l45" custom="readingOrder {index:44;}">
                <Coords points="930,2977 1717,2974 1757,2966 1757,2928 930,2931"/>
                <Baseline points="935,2964 975,2964 1016,2963 1057,2963 1098,2963 1139,2962 1180,2962 1220,2962 1261,2961 1302,2961 1343,2961 1384,2960 1425,2960 1466,2959 1506,2959 1547,2959 1588,2959 1629,2959 1670,2959 1711,2959 1752,2959"/>
                <TextEquiv>
                    <Unicode>heit an, vor der Heiligkeit des Diensteseides zu</Unicode>
                </TextEquiv>
            </TextLine>
            <TextLine id="r3l46" custom="readingOrder {index:45;}">
                <Coords points="934,3020 1753,3014 1752,2978 1591,2965 934,2990"/>
                <Baseline points="939,3012 979,3012 1019,3012 1060,3011 1100,3011 1141,3011 1181,3010 1222,3010 1262,3009 1303,3009 1343,3009 1383,3008 1424,3008 1464,3007 1505,3007 1545,3007 1586,3007 1626,3007 1667,3007 1707,3007 1748,3008"/>
                <TextEquiv>
                    <Unicode>erschauern; wenn etwas von dieser Angst uns</Unicode>
                </TextEquiv>
            </TextLine>
            <TextLine id="r3l47" custom="readingOrder {index:46;}">
                <Coords points="939,3067 1758,3060 1758,3032 1699,3018 1177,3038 939,3019"/>
                <Baseline points="945,3060 985,3060 1025,3060 1066,3060 1106,3060 1147,3059 1187,3059 1227,3059 1268,3058 1308,3058 1349,3057 1389,3057 1429,3057 1470,3056 1510,3056 1551,3056 1591,3056 1631,3056 1672,3056 1712,3057 1753,3057"/>
                <TextEquiv>
                    <Unicode>befreien kann, dann ist es eben dieses Pressen</Unicode>
                </TextEquiv>
            </TextLine>
            <TextLine id="r3l48" custom="readingOrder {index:47;}">
                <Coords points="936,3126 1015,3102 1068,3127 1595,3117 1648,3093 1746,3122 1753,3081 936,3083"/>
                <Baseline points="941,3110 981,3110 1021,3110 1062,3110 1102,3110 1142,3109 1183,3109 1223,3109 1263,3108 1304,3108 1344,3107 1384,3107 1425,3107 1465,3106 1505,3106 1546,3106 1586,3106 1626,3106 1667,3106 1707,3106 1748,3106"/>
                <TextEquiv>
                    <Unicode>zum Ehrenwort. „D'rum san ma lusti“ wenn</Unicode>
                </TextEquiv>
            </TextLine>
            <TextLine id="r3l49" custom="readingOrder {index:48;}">
                <Coords points="944,3166 1749,3162 1748,3121 1706,3115 1459,3120 1412,3143 1178,3116 944,3133"/>
                <Baseline points="949,3160 988,3160 1028,3160 1068,3159 1108,3159 1147,3158 1187,3158 1227,3158 1267,3157 1306,3157 1346,3157 1386,3156 1426,3156 1465,3156 1505,3156 1545,3155 1585,3155 1624,3155 1664,3155 1704,3156 1744,3156"/>
                <TextEquiv>
                    <Unicode>auch nicht mit Absicht, aber, was die Hauptsache</Unicode>
                </TextEquiv>
            </TextLine>
            <TextLine id="r3l50" custom="readingOrder {index:49;}">
                <Coords points="931,3217 1754,3213 1746,3167 930,3171"/>
                <Baseline points="936,3210 976,3209 1017,3209 1057,3208 1098,3208 1139,3207 1179,3207 1220,3207 1261,3206 1301,3206 1342,3205 1383,3205 1423,3205 1464,3205 1505,3204 1545,3204 1586,3204 1627,3204 1667,3204 1708,3204 1749,3205"/>
                <TextEquiv>
                    <Unicode>ist, mit Erfolg arbeiten Lueger und Kompagnie</Unicode>
                </TextEquiv>
            </TextLine>
            <TextLine id="r3l51" custom="readingOrder {index:50;}">
                <Coords points="944,3265 1752,3265 1751,3227 1725,3218 944,3226"/>
                <Baseline points="949,3257 988,3257 1028,3258 1068,3258 1108,3257 1148,3257 1188,3257 1227,3256 1267,3256 1307,3255 1347,3255 1387,3254 1427,3254 1467,3253 1506,3253 1546,3252 1586,3252 1626,3252 1666,3252 1706,3252 1746,3253"/>
                <TextEquiv>
                    <Unicode>daran, das Volk zum Vergleichen und zum Denken</Unicode>
                </TextEquiv>
            </TextLine>
            <TextLine id="r3l52" custom="readingOrder {index:51;}">
                <Coords points="934,3325 1500,3322 1559,3301 1748,3320 1756,3281 1677,3260 1334,3281 1296,3261 934,3284"/>
                <Baseline points="939,3309 979,3309 1020,3308 1060,3307 1101,3307 1142,3306 1182,3305 1223,3305 1263,3305 1304,3304 1345,3304 1385,3304 1426,3304 1466,3304 1507,3303 1548,3303 1588,3303 1629,3303 1669,3303 1710,3303 1751,3303"/>
                <TextEquiv>
                    <Unicode>zu bringen und das ist gut, sehr gut. Zwar lang¬</Unicode>
                </TextEquiv>
            </TextLine>
            <TextLine id="r3l53" custom="readingOrder {index:52;}">
                <Coords points="944,3368 1760,3365 1733,3313 944,3326"/>
                <Baseline points="949,3357 989,3356 1029,3356 1069,3355 1110,3355 1150,3354 1190,3354 1231,3353 1271,3353 1311,3353 1352,3352 1392,3352 1432,3352 1472,3351 1513,3351 1553,3351 1593,3351 1634,3351 1674,3351 1714,3350 1755,3351"/>
                <TextEquiv>
                    <Unicode>sam aber stetig wird auch die Erkenntnis allgemein,</Unicode>
                </TextEquiv>
            </TextLine>
            <TextLine id="r3l54" custom="readingOrder {index:53;}">
                <Coords points="944,3415 1761,3412 1761,3370 944,3375"/>
                <Baseline points="950,3406 990,3406 1030,3405 1070,3405 1111,3405 1151,3404 1191,3404 1232,3403 1272,3403 1312,3402 1353,3402 1393,3401 1433,3401 1473,3401 1514,3400 1554,3400 1594,3400 1635,3399 1675,3399 1715,3399 1756,3400"/>
                <TextEquiv>
                    <Unicode>daß jede Verpflichtung auf Ehre und Gewissen</Unicode>
                </TextEquiv>
            </TextLine>
            <TextLine id="r3l55" custom="readingOrder {index:54;}">
                <Coords points="947,3462 1765,3455 1765,3425 1696,3410 947,3424"/>
                <Baseline points="952,3456 992,3455 1032,3455 1073,3454 1113,3453 1154,3453 1194,3452 1234,3452 1275,3451 1315,3451 1356,3450 1396,3450 1436,3450 1477,3450 1517,3449 1558,3449 1598,3449 1638,3449 1679,3449 1719,3449 1760,3450"/>
                <TextEquiv>
                    <Unicode>erst dann bindend ist, wenn sie von beiden</Unicode>
                </TextEquiv>
            </TextLine>
            <TextLine id="r3l56" custom="readingOrder {index:55;}">
                <Coords points="937,3525 1767,3508 1746,3464 936,3473"/>
                <Baseline points="942,3506 983,3506 1024,3506 1065,3505 1106,3505 1147,3504 1188,3504 1229,3504 1270,3503 1311,3503 1352,3503 1393,3502 1434,3502 1475,3502 1516,3501 1557,3501 1598,3501 1639,3501 1680,3500 1721,3500 1762,3500"/>
                <TextEquiv>
                    <Unicode>Teilen aus freiem Entschluß hervorgeht, das</Unicode>
                </TextEquiv>
            </TextLine>
            <TextEquiv>
                <Unicode>box 17/2
zu unterfertigen hätten, wonach sie sich nicht nu
vielleicht zur Erfüllung ihrer Dienstesobliegen¬
heiten verpflichten (das wäre vernünftig, aber auch
überflüssig gewesen, denn wer seinen Dienst nicht
erfüllt, muß ihn ja ohnedies verlassen) — o nein,
Herr Dr. Karl Lueger, dieser Kronenwächter der
Loyalität in Oesterreich,erlangt von jedem
Straßenbahner nicht mehr als einen Loyalitätseid,
daß er zeitlebens stets als waschechter Christlich¬
sozialer leben und hauptsächlich auch — stimmen
werde. Herr Dr. Karl Lueger will gleich seinem
Vorbild, Wilhelm II., alle anders Gesinnten aus
„seinem Reiche“ der Stadt Wien, ausweisen. Wehe
venn einer der Meinung ist, daß es doch noch eine etwas
höhere Kulturstufe als die der Christlichsozialen gäbe,
daß muß zumindest ein — Republikaner oder gar
in Deutschvolkler = Preußenseuchler sein. Hinaus
mit ihm aus der Heerde frommer Schafe, die
gegenwärtig durch das Wiener Spießertum so
glänzend repräsentiert wird. Garniert ist diese
Ehrenwort=Verpflichtung der Straßenbahner noch
überdies mit billigem Grünzeug für Thron und
Dynastie, aber nicht nur für jetzt, sondern auch
gleich für alle ewige Zukunft; so weit als der
Wahnwitz unseres Stadtkommandanten reicht.
Man braucht die Sache ganz gewiß nicht tragisch
aufzufassen, dazu ist sie zu sinnlos. Tausende von
Männern mit der Hungerpeitsche zu einer Ehren¬
wort=Erklärung“ zu pressen das ist ja doch ga¬
nicht schwer. Abgegeben wird die Erklärung sicher¬
warum auch nicht?! Hat Herr
ich von allen —
Dr. Karl Lueger es vermocht, trotz Mannesehre
und Ueberzeugungstreue sich vom radikalen Demo¬
kraten bis zum schwarzgelben Hanswurst hinauf¬
zuschlängeln, warum soll sich dann ein einfacher
Straßenbahner nicht durch dieses hehre Beispie
integrer Charakterlosigkeit eines Besseren belehren
lassen? Ob es politisch ist, tausende von Männern
mit Absicht zu Ehrlosen zu machen, wenn sie sich
anders gehaben wollten, als es den Loyalitäts¬
umpfern im Rathaus paßt, das bleibe dahin¬
gestellt. Wir Oesterreicher sind gewohnt von Kind¬
heit an, vor der Heiligkeit des Diensteseides zu
erschauern; wenn etwas von dieser Angst uns
befreien kann, dann ist es eben dieses Pressen
zum Ehrenwort. „D'rum san ma lusti“ wenn
auch nicht mit Absicht, aber, was die Hauptsache
ist, mit Erfolg arbeiten Lueger und Kompagnie
daran, das Volk zum Vergleichen und zum Denken
zu bringen und das ist gut, sehr gut. Zwar lang¬
sam aber stetig wird auch die Erkenntnis allgemein,
daß jede Verpflichtung auf Ehre und Gewissen
erst dann bindend ist, wenn sie von beiden
Teilen aus freiem Entschluß hervorgeht, das</Unicode>
            </TextEquiv>
        </TextRegion>
        <TextRegion orientation="0.0" id="r4" custom="readingOrder {index:3;}">
            <Coords points="1697,757 1697,3554 2637,3554 2637,757"/>
            <TextLine id="r4l1" custom="readingOrder {index:0;}">
                <Coords points="1692,782 1716,795 1725,791 1748,802 1786,794 1801,803 1811,801 1813,753 1797,751 1760,732 1749,741 1736,743 1712,735 1694,743"/>
                <Baseline points="1697,780 1724,782 1751,782 1778,782 1806,787"/>
                <TextEquiv>
                    <Unicode>373.—</Unicode>
                </TextEquiv>
            </TextLine>
            <TextLine id="r4l2" custom="readingOrder {index:1;}">
                <Coords points="1783,920 2600,890 2599,852 2544,837 2398,843 2345,872 2253,844 1974,858 1897,822 1782,866"/>
                <Baseline points="1787,895 1827,894 1867,893 1908,892 1948,891 1989,890 2029,889 2069,889 2110,888 2150,887 2191,887 2231,886 2271,886 2312,885 2352,885 2393,884 2433,883 2473,883 2514,882 2554,882 2595,881"/>
                <TextEquiv>
                    <Unicode>ist Manneswort und Mannesehre — das andere</Unicode>
                </TextEquiv>
            </TextLine>
            <TextLine id="r4l3" custom="readingOrder {index:2;}">
                <Coords points="2272,945 2306,951 2333,943 2347,953 2404,939 2416,948 2450,935 2540,956 2565,948 2565,897 2546,893 2429,910 2404,897 2381,904 2368,893 2346,908 2272,896"/>
                <Baseline points="2277,933 2302,934 2328,934 2354,934 2379,933 2405,933 2431,933 2457,933 2482,932 2508,933 2534,933 2560,934"/>
                <TextEquiv>
                    <Unicode>Murner d. J.</Unicode>
                </TextEquiv>
            </TextLine>
            <TextLine id="r4l4" custom="readingOrder {index:3;}">
                <Coords points="1953,952 1991,957 2008,946 2033,956 2048,946 2084,960 2134,946 2144,953 2160,944 2181,953 2181,922 2148,900 2095,915 2073,902 2066,908 1985,894 1953,897"/>
                <Baseline points="1958,937 1985,938 2012,938 2039,938 2067,938 2094,938 2121,938 2148,938 2176,937"/>
                <TextEquiv>
                    <Unicode>Diensteid.</Unicode>
                </TextEquiv>
            </TextLine>
            <TextLine id="r4l5" custom="readingOrder {index:4;}">
                <Coords points="2196,935 2219,932 2229,938 2248,939 2256,944 2270,939 2267,895 2254,895 2237,905 2213,898 2209,902 2203,902 2200,907 2195,907"/>
                <Baseline points="2202,940 2233,940 2264,936"/>
                <TextEquiv>
                    <Unicode></Unicode>
                </TextEquiv>
            </TextLine>
            <TextLine id="r4l6" custom="readingOrder {index:5;}">
                <Coords points="1769,1006 2078,1005 2145,979 2217,999 2499,986 2498,948 2459,944 1921,963 1767,925"/>
                <Baseline points="1773,993 1809,993 1845,992 1881,992 1917,991 1953,991 1989,990 2025,990 2061,989 2097,988 2133,987 2169,987 2205,985 2241,985 2277,984 2313,983 2349,983 2385,982 2421,982 2457,982 2494,982"/>
                <TextEquiv>
                    <Unicode>Schnitzlers „Reigen“ wird aufgeführt!!</Unicode>
                </TextEquiv>
            </TextLine>
            <TextLine id="r4l7" custom="readingOrder {index:6;}">
                <Coords points="1841,1051 2270,1048 2326,1020 2391,1047 2591,1033 2590,1004 2539,990 2210,1018 1982,997 1920,1024 1840,998"/>
                <Baseline points="1846,1041 1884,1040 1923,1039 1962,1038 2001,1037 2040,1037 2079,1036 2118,1035 2157,1035 2196,1034 2234,1033 2273,1033 2312,1032 2351,1031 2390,1031 2429,1030 2468,1029 2507,1029 2546,1028 2585,1027"/>
                <TextEquiv>
                    <Unicode>Der „Zeit“ schreibt „man“ aus München:</Unicode>
                </TextEquiv>
            </TextLine>
            <TextLine id="r4l8" custom="readingOrder {index:7;}">
                <Coords points="1784,1103 2215,1077 2461,1103 2588,1078 2587,1035 2436,1070 2385,1043 1924,1061 1783,1041"/>
                <Baseline points="1789,1093 1828,1091 1868,1089 1908,1088 1947,1086 1987,1085 2027,1085 2066,1084 2106,1084 2146,1083 2186,1083 2225,1083 2265,1082 2305,1082 2344,1082 2384,1081 2424,1081 2463,1080 2503,1079 2543,1077 2583,1076"/>
                <TextEquiv>
                    <Unicode>„Die Uraufführung von Schnitzlers „Reigen“</Unicode>
                </TextEquiv>
            </TextLine>
            <TextLine id="r4l9" custom="readingOrder {index:8;}">
                <Coords points="1780,1147 2605,1137 2604,1091 2580,1087 1779,1103"/>
                <Baseline points="1785,1139 1825,1138 1866,1137 1907,1136 1948,1135 1988,1134 2029,1134 2070,1133 2111,1133 2151,1132 2192,1132 2233,1131 2274,1130 2314,1130 2355,1129 2396,1129 2437,1128 2477,1127 2518,1127 2559,1125 2600,1124"/>
                <TextEquiv>
                    <Unicode>durch den Akademisch=dramatischen Verein ist end¬</Unicode>
                </TextEquiv>
            </TextLine>
            <TextLine id="r4l10" custom="readingOrder {index:9;}">
                <Coords points="1782,1201 2602,1180 2601,1151 2543,1141 1957,1143 1878,1171 1781,1147"/>
                <Baseline points="1787,1189 1827,1188 1867,1187 1908,1186 1948,1185 1989,1184 2029,1183 2070,1182 2110,1182 2151,1181 2191,1180 2231,1180 2272,1179 2312,1179 2353,1178 2393,1178 2434,1177 2474,1177 2515,1176 2555,1176 2596,1176"/>
                <TextEquiv>
                    <Unicode>giltig auf den 25. d. festgesetzt worden. Der</Unicode>
                </TextEquiv>
            </TextLine>
            <TextLine id="r4l11" custom="readingOrder {index:10;}">
                <Coords points="1792,1247 2534,1238 2593,1231 2593,1194 1791,1204"/>
                <Baseline points="1797,1236 1836,1235 1876,1234 1915,1233 1955,1233 1994,1232 2034,1231 2073,1230 2113,1230 2152,1229 2192,1228 2232,1228 2271,1227 2311,1227 2350,1226 2390,1226 2429,1225 2469,1225 2508,1224 2548,1224 2588,1224"/>
                <TextEquiv>
                    <Unicode>Verein hat für die Premiere hervorragende Schau¬</Unicode>
                </TextEquiv>
            </TextLine>
            <TextLine id="r4l12" custom="readingOrder {index:11;}">
                <Coords points="1793,1298 2111,1278 2509,1294 2593,1272 2551,1245 2180,1241 2122,1264 2080,1236 1937,1260 1792,1247"/>
                <Baseline points="1797,1285 1836,1284 1876,1283 1915,1282 1955,1281 1994,1280 2034,1280 2073,1279 2113,1278 2152,1278 2192,1277 2231,1277 2271,1276 2310,1276 2350,1275 2389,1275 2429,1275 2468,1274 2508,1274 2547,1273 2587,1273"/>
                <TextEquiv>
                    <Unicode>pielkräfte von hier und auswärts gewonnen.</Unicode>
                </TextEquiv>
            </TextLine>
            <TextLine id="r4l13" custom="readingOrder {index:12;}">
                <Coords points="1782,1345 2559,1340 2609,1331 2609,1290 1782,1302"/>
                <Baseline points="1787,1333 1827,1333 1868,1332 1909,1332 1950,1331 1991,1331 2032,1330 2072,1329 2113,1329 2154,1328 2195,1327 2236,1326 2277,1326 2318,1325 2358,1324 2399,1324 2440,1323 2481,1323 2522,1322 2563,1322 2604,1322"/>
                <TextEquiv>
                    <Unicode>Als ich diese Notiz las, wußte ich im Augenblick</Unicode>
                </TextEquiv>
            </TextLine>
            <TextLine id="r4l14" custom="readingOrder {index:13;}">
                <Coords points="1785,1393 2567,1385 2615,1375 2615,1343 1784,1359"/>
                <Baseline points="1790,1384 1831,1383 1872,1382 1913,1381 1954,1381 1995,1380 2036,1379 2077,1378 2118,1377 2159,1376 2200,1376 2241,1375 2282,1374 2323,1373 2364,1373 2405,1372 2446,1372 2487,1372 2528,1371 2569,1371 2610,1371"/>
                <TextEquiv>
                    <Unicode>nicht, ob ich wache oder träume. Schließlich nahm</Unicode>
                </TextEquiv>
            </TextLine>
            <TextLine id="r4l15" custom="readingOrder {index:14;}">
                <Coords points="1778,1440 2159,1442 2248,1419 2546,1444 2607,1429 2607,1379 2071,1388 1998,1418 1952,1394 1903,1417 1778,1397"/>
                <Baseline points="1783,1432 1826,1432 1869,1432 1912,1432 1955,1431 1998,1430 2041,1430 2084,1428 2127,1427 2170,1426 2214,1425 2257,1424 2300,1423 2343,1423 2386,1422 2429,1422 2472,1421 2515,1421 2558,1422 2602,1422"/>
                <TextEquiv>
                    <Unicode>ich an, die „Zeit“ sei — leichtgläubig, wie sie</Unicode>
                </TextEquiv>
            </TextLine>
            <TextLine id="r4l16" custom="readingOrder {index:15;}">
                <Coords points="1789,1498 2609,1483 2608,1446 2560,1433 2501,1456 2423,1431 1788,1458"/>
                <Baseline points="1794,1482 1834,1481 1874,1480 1915,1479 1955,1478 1996,1477 2036,1477 2077,1476 2117,1475 2158,1474 2198,1474 2238,1473 2279,1472 2319,1472 2360,1472 2400,1471 2441,1471 2481,1471 2522,1470 2562,1470 2603,1470"/>
                <TextEquiv>
                    <Unicode>chon nachweisbar ist — dupiert worden, denn</Unicode>
                </TextEquiv>
            </TextLine>
            <TextLine id="r4l17" custom="readingOrder {index:16;}">
                <Coords points="1792,1538 2540,1538 2604,1532 2603,1484 1791,1501"/>
                <Baseline points="1797,1531 1837,1530 1877,1529 1917,1528 1957,1527 1997,1526 2037,1526 2077,1525 2117,1524 2157,1523 2197,1523 2237,1522 2277,1521 2317,1521 2357,1520 2397,1520 2437,1520 2477,1520 2517,1519 2557,1519 2598,1520"/>
                <TextEquiv>
                    <Unicode>ür so geschmacklos und zugleich schamlos kann</Unicode>
                </TextEquiv>
            </TextLine>
            <TextLine id="r4l18" custom="readingOrder {index:17;}">
                <Coords points="1787,1590 2608,1586 2607,1541 2554,1530 1786,1545"/>
                <Baseline points="1792,1580 1832,1579 1873,1578 1913,1578 1954,1577 1994,1576 2035,1575 2075,1574 2116,1573 2156,1573 2197,1572 2237,1571 2278,1571 2318,1570 2359,1570 2399,1569 2440,1569 2480,1569 2521,1569 2561,1568 2602,1568"/>
                <TextEquiv>
                    <Unicode>ich den „Akademisch=dramatischen Verein“ in Isar¬</Unicode>
                </TextEquiv>
            </TextLine>
            <TextLine id="r4l19" custom="readingOrder {index:18;}">
                <Coords points="1795,1634 2609,1633 2614,1587 1795,1593"/>
                <Baseline points="1801,1628 1841,1627 1881,1627 1922,1626 1962,1626 2003,1625 2043,1624 2083,1623 2124,1623 2164,1622 2205,1621 2245,1621 2285,1620 2326,1619 2366,1619 2407,1619 2447,1618 2487,1618 2528,1618 2568,1618 2609,1618"/>
                <TextEquiv>
                    <Unicode>then denn doch nicht halten und glaube auch</Unicode>
                </TextEquiv>
            </TextLine>
            <TextLine id="r4l20" custom="readingOrder {index:19;}">
                <Coords points="1787,1686 2603,1681 2593,1630 1787,1647"/>
                <Baseline points="1792,1678 1832,1677 1872,1677 1912,1676 1953,1676 1993,1675 2033,1674 2074,1674 2114,1673 2154,1672 2195,1672 2235,1671 2275,1670 2315,1669 2356,1669 2396,1668 2436,1668 2477,1667 2517,1667 2557,1667 2598,1667"/>
                <TextEquiv>
                    <Unicode>nicht, daß „hervorragende Schauspielkräfte“ sich</Unicode>
                </TextEquiv>
            </TextLine>
            <TextLine id="r4l21" custom="readingOrder {index:20;}">
                <Coords points="1796,1735 2590,1731 2612,1728 2612,1685 1795,1698"/>
                <Baseline points="1801,1724 1841,1724 1881,1724 1921,1723 1962,1723 2002,1722 2042,1722 2083,1721 2123,1721 2163,1720 2204,1720 2244,1719 2284,1719 2324,1718 2365,1717 2405,1717 2445,1717 2486,1716 2526,1716 2566,1716 2607,1715"/>
                <TextEquiv>
                    <Unicode>o mißbrauchen lassen! Jedenfalls wird man sehr</Unicode>
                </TextEquiv>
            </TextLine>
            <TextLine id="r4l22" custom="readingOrder {index:21;}">
                <Coords points="1782,1785 2590,1781 2602,1733 1782,1747"/>
                <Baseline points="1787,1774 1827,1774 1868,1774 1908,1773 1949,1773 1989,1772 2030,1772 2070,1771 2111,1771 2151,1770 2192,1769 2232,1769 2273,1768 2313,1767 2354,1766 2394,1766 2435,1766 2475,1765 2516,1765 2556,1765 2597,1766"/>
                <TextEquiv>
                    <Unicode>wohl daran tun, sich gegenüber dieser Nachricht,</Unicode>
                </TextEquiv>
            </TextLine>
            <TextLine id="r4l23" custom="readingOrder {index:22;}">
                <Coords points="1786,1833 2602,1832 2602,1782 1786,1786"/>
                <Baseline points="1791,1823 1831,1823 1871,1822 1911,1822 1952,1821 1992,1820 2032,1820 2073,1819 2113,1819 2153,1818 2194,1817 2234,1817 2274,1816 2314,1816 2355,1815 2395,1815 2435,1814 2476,1814 2516,1814 2556,1814 2597,1813"/>
                <TextEquiv>
                    <Unicode>die einem Wink mit dem Zannpfahl verdammt</Unicode>
                </TextEquiv>
            </TextLine>
            <TextLine id="r4l24" custom="readingOrder {index:23;}">
                <Coords points="1796,1878 2425,1864 2491,1886 2604,1864 2587,1829 1796,1832"/>
                <Baseline points="1801,1871 1840,1871 1880,1871 1920,1871 1960,1870 2000,1870 2040,1869 2080,1868 2120,1868 2160,1867 2200,1866 2239,1865 2279,1865 2319,1864 2359,1864 2399,1863 2439,1863 2479,1863 2519,1863 2559,1863 2599,1863"/>
                <TextEquiv>
                    <Unicode>ihnlich sieht, mißtraulsch zu verhalten. Die Auf¬</Unicode>
                </TextEquiv>
            </TextLine>
            <TextLine id="r4l25" custom="readingOrder {index:24;}">
                <Coords points="1794,1930 2602,1927 2593,1878 1915,1900 1794,1880"/>
                <Baseline points="1799,1921 1838,1921 1878,1921 1918,1921 1958,1921 1998,1920 2038,1919 2077,1918 2117,1918 2157,1917 2197,1916 2237,1915 2277,1915 2317,1914 2356,1913 2396,1913 2436,1913 2476,1913 2516,1913 2556,1913 2596,1914"/>
                <TextEquiv>
                    <Unicode>führung des „Reigens“ ist wohl nur eine Miß¬</Unicode>
                </TextEquiv>
            </TextLine>
            <TextLine id="r4l26" custom="readingOrder {index:25;}">
                <Coords points="1786,1990 2073,1967 2614,1981 2613,1920 1785,1945"/>
                <Baseline points="1791,1972 1831,1972 1872,1972 1913,1971 1954,1971 1995,1970 2036,1969 2077,1968 2118,1967 2159,1967 2200,1966 2240,1965 2281,1964 2322,1963 2363,1963 2404,1962 2445,1962 2486,1962 2527,1962 2568,1963 2609,1963"/>
                <TextEquiv>
                    <Unicode>geburt der „Zeit“ und gehört mit Fug und Recht</Unicode>
                </TextEquiv>
            </TextLine>
            <TextLine id="r4l27" custom="readingOrder {index:26;}">
                <Coords points="2413,2029 2443,2020 2454,2025 2466,2016 2471,2020 2520,2016 2540,2025 2569,2021 2569,1987 2532,1989 2511,1975 2500,1974 2492,1979 2481,1974 2469,1977 2451,1990 2434,1980 2414,1981"/>
                <Baseline points="2419,2011 2448,2010 2477,2010 2506,2010 2535,2011 2564,2012"/>
                <TextEquiv>
                    <Unicode>Volker.</Unicode>
                </TextEquiv>
            </TextLine>
            <TextLine id="r4l28" custom="readingOrder {index:27;}">
                <Coords points="1797,2026 1832,2027 1842,2018 1900,2031 1944,2022 1978,2032 2072,2022 2072,1985 2059,1980 2035,1991 1971,1980 1939,1996 1877,1983 1857,1991 1824,1980 1797,1984"/>
                <Baseline points="1802,2020 1828,2019 1855,2018 1881,2018 1908,2017 1934,2017 1961,2017 1987,2017 2014,2017 2040,2017 2067,2017"/>
                <TextEquiv>
                    <Unicode>ius Narrenhaus.</Unicode>
                </TextEquiv>
            </TextLine>
            <TextLine id="r4l29" custom="readingOrder {index:28;}">
                <Coords points="1790,2085 2603,2071 2603,2036 2533,2021 1790,2032"/>
                <Baseline points="1795,2068 1835,2068 1875,2068 1915,2068 1955,2067 1995,2067 2035,2066 2076,2066 2116,2065 2156,2065 2196,2064 2236,2064 2276,2063 2316,2063 2357,2062 2397,2062 2437,2061 2477,2061 2517,2061 2557,2060 2598,2060"/>
                <TextEquiv>
                    <Unicode>Denckwürdtige Thaten und item Reden Kaiser¬</Unicode>
                </TextEquiv>
            </TextLine>
            <TextLine id="r4l30" custom="readingOrder {index:29;}">
                <Coords points="1792,2130 2607,2119 2606,2079 2539,2072 1792,2086"/>
                <Baseline points="1797,2119 1837,2118 1877,2117 1917,2116 1957,2116 1998,2115 2038,2115 2078,2114 2118,2114 2158,2114 2199,2114 2239,2113 2279,2113 2319,2113 2359,2113 2400,2112 2440,2112 2480,2111 2520,2111 2560,2110 2601,2109"/>
                <TextEquiv>
                    <Unicode>lich Teüttscher Majestät Wilhelmi des Zwoten.</Unicode>
                </TextEquiv>
            </TextLine>
            <TextLine id="r4l31" custom="readingOrder {index:30;}">
                <Coords points="1851,2174 1913,2171 1933,2182 1977,2167 1999,2178 2014,2165 2036,2178 2101,2166 2156,2173 2183,2167 2183,2136 2113,2127 2098,2136 2031,2127 1994,2135 1947,2123 1926,2136 1850,2131"/>
                <Baseline points="1856,2163 1882,2164 1909,2165 1936,2165 1963,2165 1990,2164 2017,2164 2043,2163 2070,2163 2097,2163 2124,2163 2151,2163 2178,2165"/>
                <TextEquiv>
                    <Unicode>Breslauer Zeitung:</Unicode>
                </TextEquiv>
            </TextLine>
            <TextLine id="r4l32" custom="readingOrder {index:31;}">
                <Coords points="1858,2229 2617,2218 2616,2182 2541,2165 1857,2175"/>
                <Baseline points="1863,2217 1900,2215 1937,2214 1975,2213 2012,2211 2050,2211 2087,2210 2124,2210 2162,2210 2199,2210 2237,2210 2274,2210 2311,2210 2349,2210 2386,2209 2424,2209 2461,2209 2498,2209 2536,2208 2573,2208 2611,2207"/>
                <TextEquiv>
                    <Unicode>„Kaiser Wilhelm hat dem Hohenzollern=Museum</Unicode>
                </TextEquiv>
            </TextLine>
            <TextLine id="r4l33" custom="readingOrder {index:32;}">
                <Coords points="1792,2280 2551,2277 2620,2271 2619,2219 2441,2242 2384,2221 1791,2237"/>
                <Baseline points="1797,2265 1837,2264 1878,2263 1919,2263 1960,2262 2001,2262 2042,2261 2082,2261 2123,2260 2164,2260 2205,2259 2246,2259 2287,2259 2328,2258 2368,2258 2409,2258 2450,2258 2491,2257 2532,2257 2573,2257 2614,2256"/>
                <TextEquiv>
                    <Unicode>ein Stück Baumrinde überwiesen. Ein bei</Unicode>
                </TextEquiv>
            </TextLine>
            <TextLine id="r4l34" custom="readingOrder {index:33;}">
                <Coords points="1800,2322 2620,2325 2620,2285 2568,2267 1800,2278"/>
                <Baseline points="1805,2313 1845,2312 1886,2312 1926,2311 1967,2311 2007,2311 2048,2310 2088,2310 2129,2310 2169,2309 2210,2309 2250,2309 2291,2308 2331,2308 2372,2308 2412,2308 2453,2307 2493,2307 2534,2307 2574,2307 2615,2307"/>
                <TextEquiv>
                    <Unicode>diesem Rindenstück liegender Zettel trägt die In¬</Unicode>
                </TextEquiv>
            </TextLine>
            <TextLine id="r4l35" custom="readingOrder {index:34;}">
                <Coords points="1809,2380 2616,2367 2625,2323 1808,2328"/>
                <Baseline points="1814,2362 1854,2362 1894,2362 1934,2361 1975,2361 2015,2361 2055,2361 2096,2360 2136,2360 2176,2359 2217,2359 2257,2358 2297,2358 2337,2358 2378,2357 2418,2357 2458,2356 2499,2356 2539,2356 2579,2356 2620,2356"/>
                <TextEquiv>
                    <Unicode>chrift: „Baumrinde, mit der S. M. der</Unicode>
                </TextEquiv>
            </TextLine>
            <TextLine id="r4l36" custom="readingOrder {index:35;}">
                <Coords points="1797,2420 2236,2429 2386,2402 2500,2427 2621,2407 2621,2380 1796,2380"/>
                <Baseline points="1802,2412 1842,2412 1883,2411 1924,2410 1964,2410 2005,2410 2046,2409 2086,2408 2127,2408 2168,2408 2209,2407 2249,2407 2290,2406 2331,2406 2371,2406 2412,2405 2453,2405 2493,2405 2534,2405 2575,2404 2616,2404"/>
                <TextEquiv>
                    <Unicode>Kaiser am 17. März 1903 I M. der</Unicode>
                </TextEquiv>
            </TextLine>
            <TextLine id="r4l37" custom="readingOrder {index:36;}">
                <Coords points="1803,2469 2626,2475 2626,2429 2548,2414 1803,2428"/>
                <Baseline points="1808,2460 1848,2459 1889,2459 1929,2459 1970,2459 2011,2458 2051,2458 2092,2457 2133,2457 2173,2457 2214,2456 2255,2456 2295,2456 2336,2455 2377,2455 2417,2455 2458,2455 2499,2454 2539,2454 2580,2454 2621,2454"/>
                <TextEquiv>
                    <Unicode>Kaiserin im Grunewald den ersten</Unicode>
                </TextEquiv>
            </TextLine>
            <TextLine id="r4l38" custom="readingOrder {index:37;}">
                <Coords points="1808,2519 2115,2523 2206,2493 2383,2525 2624,2512 2624,2475 2469,2461 2336,2488 2220,2460 2100,2484 1808,2474"/>
                <Baseline points="1813,2508 1853,2508 1893,2508 1933,2508 1974,2508 2014,2507 2054,2507 2095,2507 2135,2507 2175,2506 2216,2506 2256,2506 2296,2505 2336,2505 2377,2505 2417,2505 2457,2504 2498,2504 2538,2504 2578,2503 2619,2503"/>
                <TextEquiv>
                    <Unicode>Notverband um den gebrochenen</Unicode>
                </TextEquiv>
            </TextLine>
            <TextLine id="r4l39" custom="readingOrder {index:38;}">
                <Coords points="1797,2573 2624,2575 2624,2528 2526,2515 2367,2534 2141,2510 1906,2540 1797,2521"/>
                <Baseline points="1802,2559 1842,2558 1883,2558 1924,2557 1965,2557 2006,2556 2047,2556 2087,2556 2128,2556 2169,2556 2210,2556 2251,2556 2292,2556 2333,2556 2373,2556 2414,2555 2455,2555 2496,2555 2537,2554 2578,2554 2619,2553"/>
                <TextEquiv>
                    <Unicode>Arm legte, bis ärztliche Hilfe kam.</Unicode>
                </TextEquiv>
            </TextLine>
            <TextLine id="r4l40" custom="readingOrder {index:39;}">
                <Coords points="1854,2610 1892,2621 2006,2609 2183,2623 2207,2608 2245,2609 2245,2574 1854,2577"/>
                <Baseline points="1860,2606 1885,2607 1910,2607 1936,2607 1961,2606 1986,2606 2012,2606 2037,2605 2062,2605 2088,2604 2113,2604 2138,2603 2164,2603 2189,2603 2214,2603 2240,2604"/>
                <TextEquiv>
                    <Unicode>Berliner Lokalanzeiger:</Unicode>
                </TextEquiv>
            </TextLine>
            <TextLine id="r4l41" custom="readingOrder {index:40;}">
                <Coords points="1859,2667 2620,2663 2620,2607 1859,2624"/>
                <Baseline points="1864,2656 1901,2655 1939,2655 1976,2654 2014,2654 2051,2653 2089,2653 2126,2653 2164,2653 2201,2653 2239,2653 2277,2652 2314,2652 2352,2652 2389,2652 2427,2652 2464,2652 2502,2652 2539,2651 2577,2651 2615,2651"/>
                <TextEquiv>
                    <Unicode>Kaiser Wilhelm hat an Adolf Menzel für die</Unicode>
                </TextEquiv>
            </TextLine>
            <TextLine id="r4l42" custom="readingOrder {index:41;}">
                <Coords points="1804,2720 2621,2713 2628,2667 1804,2675"/>
                <Baseline points="1809,2708 1849,2707 1890,2706 1931,2705 1971,2705 2012,2704 2053,2704 2093,2704 2134,2703 2175,2703 2216,2703 2256,2702 2297,2702 2338,2702 2378,2701 2419,2701 2460,2701 2500,2700 2541,2700 2582,2699 2623,2698"/>
                <TextEquiv>
                    <Unicode>Zeichnung zum Konzertprogramm des</Unicode>
                </TextEquiv>
            </TextLine>
            <TextLine id="r4l43" custom="readingOrder {index:42;}">
                <Coords points="1812,2766 2620,2763 2620,2712 1812,2722"/>
                <Baseline points="1817,2755 1856,2755 1896,2754 1936,2754 1976,2754 2016,2753 2056,2753 2096,2753 2136,2752 2176,2752 2216,2752 2255,2751 2295,2751 2335,2751 2375,2751 2415,2750 2455,2750 2495,2750 2535,2750 2575,2750 2615,2749"/>
                <TextEquiv>
                    <Unicode>Döberitzer Banketts folgendes Telegramm gesendet:</Unicode>
                </TextEquiv>
            </TextLine>
            <TextLine id="r4l44" custom="readingOrder {index:43;}">
                <Coords points="1814,2818 2621,2810 2620,2775 2510,2754 2470,2776 2228,2763 2190,2783 1814,2764"/>
                <Baseline points="1819,2806 1858,2806 1898,2805 1938,2805 1978,2804 2018,2804 2057,2803 2097,2803 2137,2803 2177,2802 2217,2802 2256,2801 2296,2801 2336,2800 2376,2800 2416,2799 2455,2799 2495,2799 2535,2798 2575,2798 2615,2797"/>
                <TextEquiv>
                    <Unicode>„Euer Exzellenz sendet die Garde¬</Unicode>
                </TextEquiv>
            </TextLine>
            <TextLine id="r4l45" custom="readingOrder {index:44;}">
                <Coords points="1812,2859 2629,2855 2628,2810 1812,2820"/>
                <Baseline points="1817,2853 1857,2854 1897,2854 1938,2854 1978,2853 2018,2853 2059,2853 2099,2852 2139,2852 2180,2851 2220,2851 2260,2850 2301,2850 2341,2849 2381,2849 2422,2848 2462,2848 2502,2848 2543,2848 2583,2848 2624,2848"/>
                <TextEquiv>
                    <Unicode>Brigade herzlichen Dank für das</Unicode>
                </TextEquiv>
            </TextLine>
            <TextLine id="r4l46" custom="readingOrder {index:45;}">
                <Coords points="1813,2919 2600,2911 2632,2899 2632,2863 2516,2880 2372,2858 2277,2888 1812,2859"/>
                <Baseline points="1818,2904 1858,2903 1898,2903 1939,2902 1979,2902 2020,2901 2060,2901 2101,2901 2141,2900 2182,2900 2222,2900 2262,2899 2303,2899 2343,2899 2384,2899 2424,2899 2465,2898 2505,2898 2546,2898 2586,2897 2627,2897"/>
                <TextEquiv>
                    <Unicode>Konzertprogramm, auf dem der</Unicode>
                </TextEquiv>
            </TextLine>
            <TextLine id="r4l47" custom="readingOrder {index:46;}">
                <Coords points="1804,2976 2218,2948 2556,2972 2623,2956 2623,2912 1804,2921"/>
                <Baseline points="1809,2956 1849,2955 1889,2953 1930,2953 1970,2952 2011,2951 2051,2950 2092,2950 2132,2950 2173,2949 2213,2949 2253,2949 2294,2948 2334,2948 2375,2948 2415,2948 2456,2948 2496,2947 2537,2947 2577,2947 2618,2946"/>
                <TextEquiv>
                    <Unicode>große König uns zum Siege führt</Unicode>
                </TextEquiv>
            </TextLine>
            <TextLine id="r4l48" custom="readingOrder {index:47;}">
                <Coords points="1810,3015 1885,2999 1921,3018 1954,3005 1979,3015 2049,2997 2086,3013 2182,3001 2268,3014 2308,2999 2307,2964 2281,2958 2122,2979 2009,2965 1897,2985 1809,2975"/>
                <Baseline points="1815,3006 1840,3005 1866,3003 1891,3002 1917,3001 1943,3001 1968,3001 1994,3000 2020,3000 2045,2999 2071,2999 2096,2999 2122,2998 2148,2998 2173,2997 2199,2997 2225,2996 2250,2995 2276,2994 2302,2992"/>
                <TextEquiv>
                    <Unicode>pro gloriaet patria.“</Unicode>
                </TextEquiv>
            </TextLine>
            <TextLine id="r4l49" custom="readingOrder {index:48;}">
                <Coords points="1870,3069 2211,3045 2628,3055 2627,3013 2571,3006 2476,3023 1999,3004 1941,3026 1870,3007"/>
                <Baseline points="1876,3051 1913,3050 1950,3049 1987,3048 2025,3047 2062,3047 2099,3046 2137,3046 2174,3046 2211,3046 2249,3046 2286,3046 2323,3046 2360,3046 2398,3046 2435,3046 2472,3046 2510,3045 2547,3045 2584,3045 2622,3044"/>
                <TextEquiv>
                    <Unicode>So verständlich die Widmung der zur Na¬</Unicode>
                </TextEquiv>
            </TextLine>
            <TextLine id="r4l50" custom="readingOrder {index:49;}">
                <Coords points="1819,3107 2631,3104 2630,3067 2479,3056 1819,3064"/>
                <Baseline points="1824,3101 1864,3100 1904,3099 1944,3098 1984,3098 2024,3097 2064,3097 2104,3097 2144,3096 2184,3096 2224,3096 2264,3096 2304,3096 2344,3095 2384,3095 2424,3095 2464,3095 2504,3094 2544,3094 2584,3094 2625,3093"/>
                <TextEquiv>
                    <Unicode>ionalreliquie erhobenen Baumrinde ist, so un¬</Unicode>
                </TextEquiv>
            </TextLine>
            <TextLine id="r4l51" custom="readingOrder {index:50;}">
                <Coords points="1818,3163 2076,3146 2521,3168 2625,3152 2625,3104 2430,3126 2266,3097 1817,3115"/>
                <Baseline points="1823,3149 1862,3148 1902,3148 1942,3148 1982,3147 2022,3147 2062,3146 2101,3146 2141,3146 2181,3145 2221,3145 2261,3145 2301,3144 2341,3144 2380,3144 2420,3144 2460,3144 2500,3144 2540,3144 2580,3144 2620,3144"/>
                <TextEquiv>
                    <Unicode>verständlich ist die Dank=Drahtung an Menzel.</Unicode>
                </TextEquiv>
            </TextLine>
            <TextLine id="r4l52" custom="readingOrder {index:51;}">
                <Coords points="1818,3209 2616,3210 2637,3208 2636,3153 1817,3167"/>
                <Baseline points="1823,3201 1863,3200 1903,3199 1944,3197 1984,3197 2025,3196 2065,3195 2105,3195 2146,3194 2186,3194 2227,3194 2267,3194 2307,3194 2348,3193 2388,3193 2429,3193 2469,3193 2509,3193 2550,3193 2590,3193 2631,3193"/>
                <TextEquiv>
                    <Unicode>Kaiser Wilhelm dankt für die Zeichnung zum</Unicode>
                </TextEquiv>
            </TextLine>
            <TextLine id="r4l53" custom="readingOrder {index:52;}">
                <Coords points="1819,3258 2634,3257 2634,3209 1819,3210"/>
                <Baseline points="1824,3250 1864,3249 1904,3248 1944,3248 1985,3246 2025,3246 2065,3245 2105,3244 2146,3244 2186,3243 2226,3243 2266,3242 2307,3242 2347,3242 2387,3242 2427,3241 2468,3242 2508,3242 2548,3242 2588,3243 2629,3243"/>
                <TextEquiv>
                    <Unicode>Konzertprogramm, auf dem (!) der große König</Unicode>
                </TextEquiv>
            </TextLine>
            <TextLine id="r4l54" custom="readingOrder {index:53;}">
                <Coords points="1816,3319 2451,3291 2618,3311 2642,3261 2012,3251 1816,3277"/>
                <Baseline points="1821,3301 1861,3300 1902,3299 1943,3298 1984,3297 2025,3296 2065,3295 2106,3294 2147,3293 2188,3292 2229,3292 2269,3291 2310,3291 2351,3291 2392,3291 2433,3291 2473,3291 2514,3291 2555,3292 2596,3292 2637,3293"/>
                <TextEquiv>
                    <Unicode>„uns zum Siege führt pro gloria und patria“. Wie,</Unicode>
                </TextEquiv>
            </TextLine>
            <TextLine id="r4l55" custom="readingOrder {index:54;}">
                <Coords points="1822,3361 2621,3354 2638,3314 2541,3296 1822,3318"/>
                <Baseline points="1827,3346 1867,3346 1907,3346 1947,3345 1988,3345 2028,3344 2068,3344 2109,3343 2149,3342 2189,3342 2230,3341 2270,3341 2310,3340 2350,3340 2391,3340 2431,3340 2471,3339 2512,3339 2552,3340 2592,3340 2633,3340"/>
                <TextEquiv>
                    <Unicode>wvann hat denn der große König die Garde=Brigade</Unicode>
                </TextEquiv>
            </TextLine>
            <TextLine id="r4l56" custom="readingOrder {index:55;}">
                <Coords points="1820,3403 2607,3406 2632,3400 2632,3365 1820,3366"/>
                <Baseline points="1825,3395 1865,3395 1905,3395 1945,3394 1985,3394 2025,3394 2065,3393 2105,3393 2145,3392 2185,3392 2226,3391 2266,3391 2306,3391 2346,3390 2386,3390 2426,3390 2466,3390 2506,3389 2546,3389 2586,3390 2627,3390"/>
                <TextEquiv>
                    <Unicode>auf einem Konzertprogramm zum Siege</Unicode>
                </TextEquiv>
            </TextLine>
            <TextLine id="r4l57" custom="readingOrder {index:56;}">
                <Coords points="1822,3466 2636,3443 2635,3409 2490,3395 1822,3416"/>
                <Baseline points="1827,3447 1867,3446 1907,3445 1947,3443 1987,3443 2028,3442 2068,3441 2108,3441 2148,3441 2188,3440 2229,3440 2269,3440 2309,3440 2349,3440 2389,3440 2430,3440 2470,3440 2510,3440 2550,3439 2590,3439 2631,3439"/>
                <TextEquiv>
                    <Unicode>geführt?! oder ist am Ende unter dem Ausdrucke</Unicode>
                </TextEquiv>
            </TextLine>
            <TextLine id="r4l58" custom="readingOrder {index:57;}">
                <Coords points="1828,3508 2526,3504 2566,3495 2566,3455 1827,3467"/>
                <Baseline points="1833,3498 1869,3497 1905,3496 1942,3496 1978,3495 2015,3494 2051,3493 2087,3493 2124,3492 2160,3492 2197,3491 2233,3491 2269,3491 2306,3490 2342,3490 2379,3490 2415,3490 2451,3490 2488,3489 2524,3489 2561,3489"/>
                <TextEquiv>
                    <Unicode>„der große König“ Wilhelm II. zu verstehen.</Unicode>
                </TextEquiv>
            </TextLine>
            <TextLine id="r4l59" custom="readingOrder {index:58;}">
                <Coords points="2283,3563 2378,3543 2438,3563 2458,3554 2486,3565 2544,3545 2611,3554 2611,3510 2576,3500 2554,3511 2464,3501 2434,3514 2401,3499 2368,3508 2283,3497"/>
                <Baseline points="2288,3541 2314,3542 2341,3542 2367,3542 2394,3542 2420,3542 2447,3541 2473,3541 2500,3541 2526,3541 2553,3542 2579,3542 2606,3543"/>
                <TextEquiv>
                    <Unicode>Der Karsthaus.</Unicode>
                </TextEquiv>
            </TextLine>
            <TextEquiv>
                <Unicode>373.—
ist Manneswort und Mannesehre — das andere
Murner d. J.
Diensteid.

Schnitzlers „Reigen“ wird aufgeführt!!
Der „Zeit“ schreibt „man“ aus München:
„Die Uraufführung von Schnitzlers „Reigen“
durch den Akademisch=dramatischen Verein ist end¬
giltig auf den 25. d. festgesetzt worden. Der
Verein hat für die Premiere hervorragende Schau¬
pielkräfte von hier und auswärts gewonnen.
Als ich diese Notiz las, wußte ich im Augenblick
nicht, ob ich wache oder träume. Schließlich nahm
ich an, die „Zeit“ sei — leichtgläubig, wie sie
chon nachweisbar ist — dupiert worden, denn
ür so geschmacklos und zugleich schamlos kann
ich den „Akademisch=dramatischen Verein“ in Isar¬
then denn doch nicht halten und glaube auch
nicht, daß „hervorragende Schauspielkräfte“ sich
o mißbrauchen lassen! Jedenfalls wird man sehr
wohl daran tun, sich gegenüber dieser Nachricht,
die einem Wink mit dem Zannpfahl verdammt
ihnlich sieht, mißtraulsch zu verhalten. Die Auf¬
führung des „Reigens“ ist wohl nur eine Miß¬
geburt der „Zeit“ und gehört mit Fug und Recht
Volker.
ius Narrenhaus.
Denckwürdtige Thaten und item Reden Kaiser¬
lich Teüttscher Majestät Wilhelmi des Zwoten.
Breslauer Zeitung:
„Kaiser Wilhelm hat dem Hohenzollern=Museum
ein Stück Baumrinde überwiesen. Ein bei
diesem Rindenstück liegender Zettel trägt die In¬
chrift: „Baumrinde, mit der S. M. der
Kaiser am 17. März 1903 I M. der
Kaiserin im Grunewald den ersten
Notverband um den gebrochenen
Arm legte, bis ärztliche Hilfe kam.
Berliner Lokalanzeiger:
Kaiser Wilhelm hat an Adolf Menzel für die
Zeichnung zum Konzertprogramm des
Döberitzer Banketts folgendes Telegramm gesendet:
„Euer Exzellenz sendet die Garde¬
Brigade herzlichen Dank für das
Konzertprogramm, auf dem der
große König uns zum Siege führt
pro gloriaet patria.“
So verständlich die Widmung der zur Na¬
ionalreliquie erhobenen Baumrinde ist, so un¬
verständlich ist die Dank=Drahtung an Menzel.
Kaiser Wilhelm dankt für die Zeichnung zum
Konzertprogramm, auf dem (!) der große König
„uns zum Siege führt pro gloria und patria“. Wie,
wvann hat denn der große König die Garde=Brigade
auf einem Konzertprogramm zum Siege
geführt?! oder ist am Ende unter dem Ausdrucke
„der große König“ Wilhelm II. zu verstehen.
Der Karsthaus.</Unicode>
            </TextEquiv>
        </TextRegion>
        <TextRegion orientation="0.0" id="r5" custom="readingOrder {index:4;}">
            <Coords points="2651,1049 2651,2426 2811,2426 2811,1049"/>
            <TextLine id="r5l1" custom="readingOrder {index:0;}">
                <Coords points="2665,1159 2703,1141 2736,1141 2752,1132 2761,1140 2770,1139 2787,1124 2800,1131 2817,1129 2807,1047 2778,1045 2728,1056 2720,1052 2697,1067 2654,1073"/>
                <Baseline points="2667,1138 2695,1132 2724,1127 2753,1125 2782,1122 2811,1119"/>
                <TextEquiv>
                    <Unicode>3</Unicode>
                </TextEquiv>
            </TextLine>
            <TextLine id="r5l2" custom="readingOrder {index:1;}">
                <Coords points="2716,1295 2728,1290 2735,1281 2745,1284 2753,1278 2761,1283 2776,1272 2784,1271 2788,1275 2798,1271 2791,1211 2750,1229 2727,1226 2718,1231 2709,1228"/>
                <Baseline points="2718,1272 2755,1271 2792,1264"/>
                <TextEquiv>
                    <Unicode>27</Unicode>
                </TextEquiv>
            </TextLine>
            <TextLine id="r5l3" custom="readingOrder {index:2;}">
                <Coords points="2647,2166 2671,2169 2683,2159 2698,2161 2710,2148 2727,2151 2745,2139 2794,2158 2779,2018 2751,2038 2728,2036 2657,2076 2636,2070"/>
                <Baseline points="2651,2149 2678,2148 2705,2145 2732,2140 2759,2137 2787,2137"/>
                <TextEquiv>
                    <Unicode></Unicode>
                </TextEquiv>
            </TextLine>
            <TextLine id="r5l4" custom="readingOrder {index:3;}">
                <Coords points="2677,2385 2683,2384 2693,2391 2702,2388 2713,2393 2728,2374 2733,2372 2719,2314 2714,2316 2707,2314 2702,2320 2684,2321 2677,2317 2672,2321 2668,2318 2661,2320"/>
                <Baseline points="2684,2391 2730,2380"/>
                <TextEquiv>
                    <Unicode>2</Unicode>
                </TextEquiv>
            </TextLine>
            <TextEquiv>
                <Unicode>3
27

2</Unicode>
            </TextEquiv>
        </TextRegion>
    </Page>
</PcGts>
