3444 4416
334 206 454 288 11
1027 181 1441 283 box 17/6
509 203 824 300 Reigen
935 661 1372 747 Wiener Mittag
710 796 1693 886 Die „Reigen“=Revolution.
748 874 1746 939 Es war im Februar des Jahres 1921. Der Trubel und
642 936 1744 996 die ungezügelte Genußsucht feuchtfröhlicher Faschingstage
644 980 1739 1054 hatte einen Katzenjammer hinterlassen, der mit Millionen von
636 1043 1740 1084 Heringen nicht zu verscheuchen war. Wien, die schöne Stadt
650 1091 1747 1152 an der blauen Donau, wurde von einer Schmutzepidemie
645 1133 1755 1194 heimgesucht und die Straßen und Gassen übernahmen die
641 1189 1756 1254 Funktion eines Stiefelknechts, dieweil die Schuhe im Dreck
643 1235 1744 1301 stecken blieben. Das Volk schrie, schimpfte, tobte. Vergeblich!
651 1284 1745 1353 Die Sonne, die von einem hohen Bürgermeisteramte zur
638 1331 1740 1402 Schneesäuberung verpflichtet war, ließ sich nicht blicken und die
641 1378 1731 1445 Schneepflüge wurden unbrauchbar, noch bevor sie ihre Tätig¬
644 1432 1739 1495 keit ausgenommen hatten. Die Kaiserstadt war in Gefahr,
642 1474 1740 1563 unterzugehen. Niemand wagte sich ohne Rettungsgürtel aus
642 1524 1285 1603 dem Hause. In Wien war es still!
758 1599 1734 1665 Da endlich kam ein erlösender Wendepunkt: die Aus¬
640 1635 1739 1705 führung des „Reigen“! Das war etwas, was Leben in die
632 1693 1739 1773 Bude brachte. Vergessen waren die Pfützen der Sträße; die
646 1745 1740 1805 Schneeschaufler — wohl hundert an der Zahl — wurden ent¬
643 1797 1737 1860 lassen, der Schlachtplan der österreichischen Wehrmacht zur
635 1842 1690 1911 Säuberung des „Weich'bildes der Stadt wurde annulliert
631 1903 1736 1963 und der Kampf begann. Furchtbar im Anfangsstadium,
639 1938 1740 2012 schrecklich in der Entwicklung und noch schrecklicher in der Aus¬
637 1994 1739 2058 führung. Der „Reigen": „Pfui Teufel!“ schrien die einen,
643 2048 1733 2111 „Es lebe der „Reigen'!“ jubelten die anderen. Und der Kampf
632 2094 1728 2166 tobte weiter. Das Parlament vergaß die Steuergesetze, verschob
625 2135 1735 2218 die Vermögensalgabe=Bratung, verzichtete auf die Kredite
636 2193 1727 2261 der Entente. Bundesrat, Länderrat, Stadtrat, Bürger= und
635 2235 1730 2316 Arbeiterrat, alle hatten mur einen Punkt auf der Tages¬
631 2297 1731 2362 ordnung: „Reigen: Alle Bande frommer Scheu entschwan¬
623 2332 1723 2393 den, Pultdeckel krachten, Tintenfässer flogen, und die Erwähl¬
635 2392 1731 2443 ten des. Volkes balgten sich im blutigen Kampf. Ein Partei¬
634 2433 1723 2499 gezänke hub an, daß man glaubte, das Glück der Welt fuße
622 2489 1720 2553 nur auf Schnitzlers „Reigen". Höchste Regierungsbeamte ent¬
628 2545 1731 2599 rüsteten sich, Arbeiterführer drohten mit dem Generalstreik
626 2593 1721 2657 und ein Theaterdirektor freute sich der kostenlosen, wirkungs¬
628 2645 1462 2712 vollen Reklame: sein Haus war ausverkauft!
732 2705 1717 2761 Bis hieher blieb der Kampf nur auf die Parteien be¬
620 2743 1717 2804 schränkt. Es sollte aber noch schrecklicher werden. Schon ver¬
626 2809 1718 2869 kündeten faustdicke Lettern in den Zeitungen den Erlaß einer
620 2856 1724 2915 hohen von Gott eingesetzten Regierung: Die weitere Auf¬
627 2903 1723 2972 führung des „Reigens“ ist verboten. Doch kein Mensch küm¬
626 2955 1715 3026 merte sich darum. Vollständige Anarchie vernichtete die letzten
625 3006 1712 3067 Schranken der dreimal geheiligten Ordnung. Die Rathaus¬
614 3049 1721 3124 herren und die Landtagsmänner warfen sich in die Brust.
622 3102 1724 3165 tagten, redeten, schimpften — zum Wohle des Volkes, galt es
618 3150 1712 3218 doch, die Gefahr zu bannen, die durch das Verbot der
612 3194 1716 3272 „Reigen“=Aufführung sich gleich einer Lawine fortbewegte.
618 3258 1722 3317 Der Ukas der Regierung wurde vor den Toren der Stadt
612 3309 1723 3361 feierlichst verbrannt und aus dem Nathaus schwirrte der
606 3344 804 3433 Alarmrpf:
713 3385 1666 3483 „Nieder mit der Regierung, es lebe der „Reigen“.
725 3466 1726 3550 Das Staatsruder zerbarst und ein hoher Gmoar#t
617 3490 1722 3608 watf dem noch höheren Staatsrat den Fehdehandschuh vor
614 3569 798 3650 die Füße.
723 3628 1334 3708 Krieg zwischen Reich und Stadt.
700 3710 1709 3772 Kann es etwas Fürchterlicheres geben? Bis an die Zähne
614 3739 1711 3822 bewaffnet standen die biederen Wehrmänner der Republik
613 3800 1707 3871 vor den Toren der Stadt, die sonst unsichtbare Sicherheits¬
613 3847 1718 3901 wache gruppierte sich zum Frontalangriff. Doch — wo war¬
608 3893 1706 3960 der Feind. Gegen wen ging der Kampf? Wer hatte den Ober¬
621 3950 1705 4025 befehl: Wer hatte das Verfügungsrecht über die Truppez?
612 3995 1711 4070 Regierung oder Stadt? Und dieweil diese Frage erst einem
611 4040 1720 4135 Kadi zur Entscheidung vorgelegt wurde, stürmte das Volk zur
1777 2145 1814 2197 d
1773 2193 1812 2232 n
1776 1400 1822 1450 C
1780 1447 1819 1490 C
1779 1522 1817 1573 E
1789 1565 1834 1648 k.
1789 1642 1824 1686 i
1771 1683 1816 1736 c
1787 1744 1822 1808 a
1769 1796 1803 1841 i
1773 1913 1820 1973 f#
1784 1949 1835 2047 0
1794 1290 1827 1335 1
1796 683 2173 753 15. Februar 1921
2621 684 2834 765 Seite 3 —
1792 780 2899 842 Theaterkasse, besah sich den „Reigen“, brüllte Beifall und
1789 823 2660 905 dämpfte die Wollust, die der „Reigen“ erzeugte.
1906 882 2526 947 Und die Moral von der Geschicht:
1900 925 2861 982 Wenn zwei sich streiten, freut sich der dritte! ....
