3392 4256
974 121 1382 204 box 18/3
273 121 792 219 11. Reigen
616 1345 1878 1398 Dialogperlen Verzicht leistete. Im übrigen benahm sich die Zu¬
618 1390 1867 1441 chauerschar würdig, wie auch die Aufführung keinen Anlaß zu
118 1370 504 1464 n Krietern
868 1432 1269 1486 Beanstandung bot.
610 1431 857 1484 moralischer
1324 1435 1873 1482 Die Notwendigkeit einer
617 1477 1875 1534 zenischen Versinnlichung des „Reigen“ hat sie freilich nicht er¬
132 1456 584 1534 en lassen, daß es dazu
606 1514 745 1569 wiesen.
121 1521 571 1570 laus eine bedentsame
666 1546 1874 1603 Wenn das, einen beachtenswert hohen und freien Standpunkt
126 1554 577 1614 gerabe zur rechten Zeit
611 1601 1873 1648 einnehmende Urteil des Landaerichts III in Berlin die Auf¬
133 1601 572 1658 istrittenen Werke zum
626 1638 1872 1696 ührung des „Reigen“ geradezu als eine „sittliche Tat“ bezeichnet,
127 1637 571 1705 ehrt hatte, und für das
625 1682 1879 1722 o wäre jedenfalls die Nichtaufführung noch nicht als eine „un¬
117 1677 574 1747 rholfen zu haben. Es
617 1719 1872 1774 ittliche Tat“ zu brandmarken. Mir scheint, obwohl der Dichter
617 1758 1870 1810 elbst seine einstigen Bedenken gegen die Bühneninszenierung
147 1766 585 1818 gelegt, war man nicht
870 1801 905 1828 17
618 1800 1873 1851 eines „Reigen“ zurückgestellt hat, daß seiner Dichtung mit einer
128 1800 578 1865 wiesen; bereits hat ja
619 1842 1869 1888 Hervorzerrung an das grelle Licht der Rampe Unrecht geschieht.
128 1843 571 1905 hauanstalt, in der nicht
620 1885 1877 1928 Die Aufführung kann sie nur vergröbern oder muß sie ab¬
127 1892 572 1935 et ist, eine Aufführung
618 1923 1874 1981 schwächen, in beiden Fällen erhält man von ihr kein wahres und
114 1928 573 1974 gt, und wie verlautet,
613 1969 1870 2018 reines Bild. Ob eine andere Inszenierung, eine schauspielerische
125 1971 571 2021 =Kleinkunst dienendes
607 2006 1869 2054 Verkörperung durch allererste Kräfte diese Anschauung entkräften
119 2010 571 2067 tischen Duette vor. Wir
609 2049 1878 2101 könnte, muß ich dahingestellt sein lassen. Dieses Bedenken gegen
128 2054 580 2104 =Aufführungen zu er¬
610 2092 1869 2138 eine Aufführung hat mit der Moralität oder Unmoralität des
126 2088 587 2151 kann, darf den Ausflug
617 2127 1878 2175 Werkes nichts zu tun. Der Vorwurf einer unsittlichen Tendenz
114 2126 583 2188 ten sich am Dienstag
617 2170 1871 2218 kann den Dichter des „Reigen“ nicht treffen. Das Thema, das
137 2175 579 2229 guten Teil aus Gesell¬
617 2209 1884 2258 er gewählt, ist gewiß heikel aenug: die Darstellung der rein im
122 2213 574 2264 rpark nicht vertraut ist.
615 2249 1875 2297 Triebhaften bleibenden Liebe, die nur schamhaft hin und wieder
125 2252 586 2309 z lückenlos gefüllt, und
615 2289 1888 2343 eine Maske höheren Bedürfnisses sich vorbindet oder sie auch keck
125 2296 581 2350 on der Bühne her und
621 2328 1873 2376 wbegwirft. In zehn Paarungen, die ineinandergreifend wie die
122 2330 591 2388 ben, war groß. Denn,
622 2374 1887 2426 Glieder einer Kette die ganze soziale Stufenleiter auf= und
132 2379 581 2434 wollen, glaube ich doch
612 2413 1891 2456 niedersteigen und sich zuletzt zum Ringe zusammenschließen, führt
116 2418 573 2472 iberen Verbote und die
611 2456 1877 2504 der Dichter das Komödiensviel der Geschlechtslust vor, den be¬
122 2465 580 2516 en geweckte Sensations¬
618 2494 1876 2543 wußten und unbewußten Betrug und Selbstbetrug, die Sinn¬
143 2499 575 2558 an diesem abendlichen
610 2534 1873 2579 lichkeit und Eroberungslust des werbenden Mannes, der nach dem
127 2540 580 2594 t. Aber sollte es nicht
609 2575 1874 2621 Genuß mühsam seine Ernüchterung verbirgt, oder sie auch brutal
115 2573 577 2628 ch dem Genuß zu Mute
607 2623 1877 2669 offenbart, die mit gespielter und wirklicher Scham sich deckende
121 2626 574 2678 rschen Dialoge nach der
607 2656 1884 2705 Lüsternheit und Neugier des fallbereiten Weibes. Das ist mit
114 2659 586 2732 sich = Reihe, die das
608 2703 1876 2749 all jener unnachahmlichen Feinheit und Anmut, mit jener
155 2704 585 2764 So viel Lärm vorher
623 2732 1874 2788 Transparenz der Worte, mit einer erstaunlichen, alles erschöpfen¬
118 2736 578 2797 ruhig verlief die Auf¬
610 2782 1868 2830 den Knappheit, kurz mit jener Meisterschaft gestaltet, die num
126 2787 590 2833 fnung gekommen war,
612 2818 1881 2873 Schnitzler eigen ist. Ein ironischer Betrachter und Durchschauer
115 2827 584 2881 erung der Unternehmer
618 2856 1830 2910 wird zum Enthüller und damit zum — keineswegs pharisäischen
110 2866 578 2918 n die Eintrittskarte auf¬
617 2899 1875 2954 Richter menschlicher Kläglichkeit: und diese unbarmherzige und
109 2908 582 2964 ing gegenüber keines¬
619 2944 1871 2996 dabei humoristisch versöhnliche Beleuchtung trüber Irdischkeit aus
122 2946 578 2999 t noch Jubel wurde ent¬
617 2984 1875 3031 dem Geiste eines ihre niederziebende Macht kennenden und ohne
107 2990 585 3034 ütigkeit, jedenfalls mit
615 3026 1882 3077 Selbstüberhebung überlegen auf sie niederschauenden Dichters,
116 3026 586 3083 blikum diese Schnitzler¬
620 3059 1887 3120 sowie die formende Kraft einer Künstlerhand sind es, die den ge¬
121 3069 578 3126 wenn es die Hände
614 3106 1877 3161 wählten Stoff, der gemeinem Sinne und plumper Handwerkerei
115 3110 578 3165 tgeduld wegen der Ver¬
621 3149 1875 3200 zu pornographischem Erzeuanis gedient hätte, rechtfertigen und
122 3147 590 3207 de über belebende, nicht
615 3194 1883 3245 adeln. Das konnte auch die Aufführung im Bürgerparksaale zu
111 3195 587 3251 ke Nuancen Ausdruck zu
615 3225 1873 3275 Krietern nicht verwischen, in dem die Vorbedingungen für eine
121 3233 583 3285 n den zehn Szenen noch
625 3271 1874 3323 iungemäße und stimmungsvolle Inszenierung der Intimität des
136 3276 582 3336 das wichtigste und zu¬
621 3315 1873 3361 Raumes verlangenden Dichtuna fehlten. Ein reines Wollen war
126 3312 584 3362 : das Bett. Sei es, daß
623 3357 1875 3409 wohl erkennbar, dem aber die vorhandenen Mittel und Kräfte
110 3359 592 3413 keiben wollte, sei es, daß
626 3396 1872 3442 nicht entsprachen. Daß man in allen Szenen — mit Ausnahme
114 3394 588 3454 etzt fühlte, es brach ein¬
621 3438 1881 3479 der ersten, die eine den Schauplatz klar bezeichnende dekorative
112 3433 585 3481 dem Akte fallenden Vor¬
630 3469 1874 3522 Ausstattung erhalten hatte — den aleichen Vorhang als Hinter¬
115 3479 177 3533 en
180 3472 592 3531 — und hier war es,
616 3522 1876 3569 grund benutzte, war wohl durch ökonomische Gründe sowie
123 3515 580 3577 s sich in stürmischer Be¬
618 3557 1874 3603 durch die Notwendigkeit einer raschen Szenenfolge geboten, ver¬
117 3562 586 3610 snützung einer so will¬
626 3594 1902 3665 schuldete aber eine Einförmigkeit des Eindrucks, über den nur
121 3594 603 3677 i einige Schnitzlersche
1913 1341 3175 1396 eine um so tiefer den Reichtum der Dialoge und den Gehalt jeder
1911 1397 3167 1444 Situation erschöpfende Darstellung hätte hinweghelfen können.
2929 1421 3169 1482 erforderliche
2206 1424 2922 1486 bei aller aebotenen Vorsicht —
1903 1463 3162 1536 Intensität, Spannkraft und vielsagende feine Abtönung des
1912 1517 3170 1563 Ausbrucks, die notwendige Verdichtung der Stimmungs¬
1906 1546 3167 1604 atmosphäte brachte man nicht auf, und so gingen die meisten
1907 1586 3174 1643 Szenen eindrucksschwach vorüber. Unzulänglich waren ins¬
1906 1625 3179 1693 besondere Elisabeth von Trachten, die als junge Frau bei
1905 1666 3176 1734 allem Komödianteneiser nur an der Oberfläche blieb, und Fredy
1910 1706 3182 1765 Barten, der als Ehemann von einer Schnitzler arg dis¬
1903 1757 3170 1808 kreditierenden Trockenheit und Lanaweiligkeit war. Marianne
1919 1803 3184 1848 Topony mimte an Stelle der angekündigten Maria Neukirchen.
1920 1841 3176 1891 ie liebesdurstige Schausvielerin mit allzu einseitiger Nachdrück¬
1912 1880 3182 1936 lichkeit, und auch der für Hans Eggerth eingetretene Max
2963 1915 3176 1969 Die über¬
1917 1909 2919 1976 Sulzer blieb dem „Dichter“ einiges schuldig.
1910 1952 3180 2014 wältigende Komik der Szenen, in deuen die Theaterprinzessin
1923 1996 3175 2054 ich erotisch auslebt, kam jedenfalls nicht heraus. Besser stand es
1915 2040 3169 2094 um die letzte Szene zwischen dem Grafen und der Dirne, die von
1918 2087 3175 2132 Karl Morvilius und Elvira Bach=Clemens mit seinem
1912 2119 3167 2175 Takt zu guter Wirkung gebracht wurde. Bessie Scarra als
1917 2158 3167 2230 Stubenmädchen und Hedy Ries = Sulzer als „süßes Mädel“
1920 2199 3186 2256 konnie man sich gefallen lassen. Für die Spielleitung zeichnete
1920 2240 3186 2310 Fritz Kampers, der auch die Rolle des Soldaten übernommen
1918 2281 3184 2342 hatte und ohne Kraßheit durchführte, verantwortlich. Wer aber
1915 2323 3178 2381 Schnitzlers „Reigen“ unverfälscht genießen will, der möge auch
1920 2369 3173 2428 einer besseren Aufführung, als der hier besprochenen, die Lektüre
3064 2404 3140 2466 Wa.
1909 2413 2984 2477 des Buches das jetzt ja jedem zugänglich ist, vorziehen.
