3444 4320
640 1873 685 1926 □
636 1923 674 1984 6
297 134 806 221 11. Reigen
670 1302 744 1367 15
665 1437 720 1504 2
646 1628 706 1681 —
997 120 1415 204 box 17/5
1046 932 1593 1115 Der Rühnenmierker.
1052 1091 1606 1177 Von Dr. Friedrich Wallisch.
1257 1161 1393 1217 III.—6.
894 1193 1854 1272 In dieser Woche hat Wien eine ganz besonders
803 1243 1849 1308 große Theatersensation erlebt. Im wahrsten Sinne
802 1278 1857 1350 des Wortes. Denn nur Sensationssucht und Begierde
817 1318 1859 1385 nach vollen Theaterkassen war die Veranlassung Ar¬
807 1357 1869 1431 thur Sch##ehn Dialoge „Reigen“ die
809 1398 1868 1464 nie fürs Theater gedacht sein konnten, auf die Bühne
803 1436 1860 1523 zu bringen. Aber es sei sogleich vorweggenommen,
877 1482 1866 1539 edie Aufführung in den Kammerspielen die
833 1494 877 1546 250
812 1511 1867 1584 höchsten künstlerischen Werte vermittelt und geschaf¬
813 1549 1864 1621 fen hat. Böse Absicht wendete sich also zum Guten.
817 1599 1876 1658 Wäre dies nicht vorauszusehen gewesen, so hätte ein
817 1640 1870 1699 so vornehmer Mensch und Dichter, wie es Schnitzler
811 1671 1859 1746 ist, nie seine Einwilligung zu diesem Experiment ge
822 1715 1864 1783 geben. Und es muß uns mit besonderer Genugtuung
818 1756 1875 1813 erfüllen, daß gerade Bernau, der beste unter un¬
821 1786 1825 1859 seren Theaterleitern, den Kassenerfolg ernten wird.
913 1825 1869 1889 Es war dem Wiener Publikum, ja dem Dichter
820 1865 1871 1935 sogar selbst bis vor wenigen Tagen unbekannt, daß
830 1913 1875 1972 schon vor ungefähr sieben Jahren der ingeniöse Bu¬
822 1941 1881 2010 dapester Direktor Dr. Bardos in seinem Theater „Uj
821 1984 1876 2054 Szinpad“ einige (nicht autorisierte!) Aufführungen des
826 2022 1886 2096 „Reigen“ veranstaltet hatte. Während des Weltkrieges
830 2060 1880 2131 erlebte das Werk in Rußland (gleichfalls nicht auto¬
825 2100 1888 2168 risierte) Serienaufführungen, was uns damals nicht
830 2140 1889 2212 wundernehmen durfte, da sich die Bühnenkunst der
823 2183 1888 2248 russischen Revolution auch nicht scheute, Stücke auf¬
828 2215 1882 2285 zuführen, in denen Schauspielerinnen völlig unbe¬
834 2253 1876 2321 kleidet vors Publikum traten. Ende 1920 nun kam das
840 2294 1884 2359 Werk mit Einverständnis des Dichters an Gertrud
835 2332 1885 2398 Eysoldts kleinem Schauspielhaus in Berlin heraus.
830 2369 1890 2443 Schnitzler war vorsichtig genug, den Sturm des Für
838 2411 1896 2477 und Wider in Berlin austoben zu lassen und erst
837 2458 1796 2532 später die Wiener Aufführung zu genehmigen.
931 2484 1883 2560 Die zehn Zwiegespräche rund um den Akt der
834 2527 1886 2595 körperlichen Liebe bereiten, geschmackvoll dargestellt,
844 2565 1885 2630 unüberwindbare Regiehindernisse. Wort und Spiel
830 2609 1887 2671 kann sich in der Aufführung nicht decken. Aber es
832 2642 1896 2710 war ein hoher künstlerischer Genuß, die Plastik der
848 2682 1896 2752 Schnitzlerischen Dialektik in der Wiedergabe durch ein
848 2717 1903 2786 erstklassiges Ensemble zu erleben. Elisabeth Markus
847 2761 1893 2828 stand als Dirne auf halbverlorenem Posten, Nelly
852 2808 1893 2868 Hochwald, die mit Lina Woiwode in der Rolle
850 2840 1900 2904 des Stubenmädchens alterniert, schien unfrei, Traute
849 2877 1900 2939 Carlsen als junge Frau setzte ihrem Spiele präch¬
850 2913 1900 2982 tigste, fein abgetönte karikaturistische Lichter auf. Sie
848 2953 1892 3020 übertraf alle Erwartung. Hinreißend in naivem Raf¬
852 2994 1910 3064 finement war Hedwig Keller als süßes Mädel, mit
843 3034 1899 3098 virtuosem Schwung gab die geniale Marietta Olly
842 3071 1906 3143 die Schauspielerin. In seinem eigenartig trockenem
845 3109 1904 3176 Tone spielte Oskar Sima, der mit Franz Kamm¬
915 3147 1901 3214 f alterniert, ganz vorzüglich den Soldaten. Seine
1797 3187 1886 3240 Ben
912 3207 1425 3263 nun beste Leistung bot der
982 3237 1412 3301 als junger Herr Das
1717 3264 1900 3318 ein der
1174 3276 1424 3332 führen wir
1625 3302 1901 3357 gte das Spiel
1177 3315 1430 3375 jungen Frai
1161 3341 1916 3399 ds. Mit trefflichst abgewogener Dra¬
891 3377 1922 3457 ig gab Hans Ziegler den Dichter, eine grandiose
861 3419 1919 3489 Kopie aus k. u. k. Zeiten schuf Hons Sackner als
869 3484 954 3543 Graf
963 3478 1916 3571 In rote Seitenteile und roten Rundvorhang wa¬
868 3539 1911 3621 ren die Dekorationen mit weiser Sparsamkeit einge¬
871 3622 1909 3705 EKKRKIEENKNNTF
2397 866 2693 946 Der So#ag
1907 967 2957 1056 fügt. Verdunkelung der Bühne deutete den bisnun
1915 1028 2955 1092 auf dem Theater noch nicht dargestellten physiolo¬
1901 1067 2958 1136 gischen Vorgang an. Dr. Heinz Schulbaur hatte
2397 1102 2955 1162 prächtige Regieleistung voll¬
1918 1113 2387 1164 eine tiefst durchdachte,
1910 1153 2965 1210 bracht, die allerdings, insbesondere in den ersten Sze¬
1916 1189 2842 1244 nen, allzu vorsichtig allen Realismus vermied.
2022 1224 2968 1290 Wer Kunst suchte, kam ebenso auf seine Rechnung
2002 1274 2466 1337 der Sensationslüsterne.
1913 1278 1984 1338 wie
2116 1277 2963 1358 will heute — da die Woche kein zweites
2015 1307 2090 1368 Ich
2465 1341 2966 1395 noch kurz ein nicht all¬
1927 1350 2463 1406 Theaterereignis brachte —
1924 1377 2957 1438 tägliches Buch erwähnen, „Lieder aus dem Venus¬
1922 1417 2968 1484 sommer“ von Wilhelm Müller=Rüdersdorf, in
1916 1454 2972 1522 gefälliger Ausstattung im Norddeutschen Verlag, Stet¬
1925 1496 2975 1554 tin, erschienen: Ein Lyrik=Band, ganz wenige Ge¬
1927 1529 2980 1592 dichte, die über das Durchschnittliche (womit der Markt
1925 1588 2975 1633 immer wieder überschwemmt wird) hoch erhaben sind.
1930 1614 2963 1673 Liebeslyrik, stark erotisch, nicht ohne deutlichen maso
1930 1652 2972 1715 chistischen Einschlag, aber schlichte, echte Kunst: In
1927 1693 2984 1748 wenigen richtigen Worten viel kraftvolles, wahres Ge¬
1933 1744 2031 1806 fühl!
