3336 4320
241 131 754 231 11. Reigen
350 1579 1019 1697 Klose & Seidel
413 1672 983 1758 Bureau für Zeitungsausschnitte
352 1739 1024 1817 Bolin NO. 43, Georgenkirchplatz 21
493 1863 996 1954 Tageblatt.
344 1928 522 2003 Zeitung:
346 1997 485 2078 Ort:
720 2007 1046 2094 übe 1.
601 2016 668 2091 1
336 2070 516 2137 Datum:
438 2270 992 2374 Berliner Plauderei.
309 2437 1123 2496 Schnitzlers „Reigen“; Berliner Sommer¬
575 2473 873 2543 sonntagsfreude.
299 2530 1178 2587 Schnitzlers „Reigen“ ist kein Lesestück für die
259 2586 1179 2651 „herenwachsende“ oder die „reifere“ Jugend,
250 2622 1172 2671 das sreht fest! Ebenso steht für jeden Einsich¬
250 2659 1168 2712 tigen, den Herrn Verfasser eingeschlossen,
258 2705 1168 2748 außer Zweifel, daß diese bunte Folge von höchst¬
253 2741 1174 2798 verdächtigen Bildern sich vielleicht als Lesestoff
262 2785 1170 2829 für sehr Erwachsene, keinesfalls aber als Büh¬
260 2831 1164 2877 nenstück für die weitere Oeffentlichkeit eignet
255 2866 1176 2912 Als sich daher das kleine Schauspielhaus in
263 2908 1172 2952 Charlottenburg zur Rettung aus Schwierigkei¬
251 2945 1167 2991 ten (was schon an sich keinen sehr brauchbaren
256 2987 1161 3033 Beweggrund für die Auswahl eines Stückes be¬
250 3027 1168 3088 deutet) entschloß, den „Reigen“ über die Bretter
255 3069 1178 3113 schwingen zu lassen, da entschied sich der gehor¬
259 3112 1168 3156 samst Unterfertigte, diese Kunststätte schon aus
251 3151 1128 3220 künstlerischen Geschmacksgründen zu meiden,
938 136 1342 226 box 18/1
1239 1408 2153 1470 und als ungefähr die 135. Wiederholung vor gut
1233 1455 2165 1515 besetztem Hause vorüberzog, da saß auch der
1235 1494 2161 1553 Unterfertigte trotz alledem inmitten des harren¬
1238 1537 2159 1590 den Zuschauerkreises. Denn erstlich: man liest
1237 1578 2153 1626 nicht ungestraft die ständig wiederholten Mittei¬
1240 1618 2164 1666 lungen über die mehr oder weniger bedeut¬
1248 1661 2158 1712 amen Theaterskandale und =Skandälchen bei
1248 1697 2154 1755 ast allen Erstaufführungen des „Reigen“ in
1248 1737 2151 1784 iesen und jenen Städten. Zum andern: über¬
1245 1781 2157 1837 haupt und so!“! Zum dritten: man möchte sich
1234 1821 2153 1865 doch einmal gern die Theatermenschheit an¬
1239 1862 2149 1907 sehen, die sich ihrerseits dieses Stück ansieht
1234 1905 2150 1949 In der drittgenannten entschuldigenden Bezie¬
1231 1945 2159 2000 hung bin ich durchaus auf meine Kosten gekom¬
1235 1987 2154 2031 men; das Stück selbst dagegen hat mich, durch¬
1237 2028 2151 2072 aus erwarteterweiser, kühl bis ans Herz ge¬
1244 2065 2154 2118 assen. Es hat bei mir nur die Ueberzeugung
1242 2112 2153 2162 von seiner unbedingten Entbehrlichkeit als Büh¬
1236 2148 2162 2202 nenereignis verstärkt. Aber der Anblick des
1237 2186 2160 2256 vexehrlichen Publikums genügt, um den Abend
1234 2224 1427 2275 zu retten!
1274 2258 2160 2319 Als Sondenerscheinungen fallen zunächst einige
1236 2305 2162 2365 bemerkenswert gut und gediegen aussehende
1236 2349 2147 2402 Ehepaare auf; Typus: Landjunker oder Groß¬
1232 2386 2152 2440 industrielle von irgend einem Gute in Pom¬
1233 2431 2149 2480 mern oder einem alleinstehenden Großwerk in
1233 2467 2160 2522 der Lausitz, in Oberschlesien oder in Westfalen,
1227 2512 2160 2560 kurzum Männer, die man selbst einstmals bei
1233 2548 2147 2604 Reichstagswahlen im Kampfe um die Getreibe¬
1236 2593 2164 2641 zölle oder um die Sozialgesetzgebung mit den
1231 2633 2151 2681 düstersten Farben geschildert hat, die sich aber
1234 2672 2160 2718 bei persönlicher Bekanntschaft als höchst acht¬
1229 2715 2151 2765 bare, tüchtige und gebildete Mitbürger zu ent¬
1236 2758 2159 2805 puppen pflegen. Sie weilen geschäftlich in der
1229 2800 2159 2859 Hauptstadt, haben ihre Frauen mitgebracht und
1230 2837 2145 2887 wollen einmal etwas „Besonderes“ sehen. Da¬
1234 2878 2145 2919 neben eine erkeckliche Anzahl erheblich über¬
1236 2914 2145 2980 reifer Frauen, meist zu zweit und dritt auftre¬
1227 2955 2146 3002 tend, auffällig, seidenrauschend, geräuschvoll
1235 2995 2147 3042 Dazwischen vereinzelte scharfäugende, bezwik¬
1229 3032 2159 3081 kerte, skeptische ältere Herren; und im übrigen
1227 3083 2160 3123 viel, sehr viel grünes Gemüse, ausnahmslos in
1236 3119 2148 3171 atemlosen Pärlein geeint. Schräg vor mir sitzt
1229 3161 2155 3217 beisvielsweise eine große Blonde neben einem
2219 1402 3139 1476 kleinen Herrlein. Rätselhaft bleibt es mir, wie
2220 1463 3148 1515 diese stattliche Erscheinung während der Vor¬
2223 1507 3145 1570 stellung förmlich in ihrem kleinen Kavalier zu
2219 1547 3141 1590 verschwinden vermag, um erst während der
2215 1589 3137 1634 Pause und am Ende der Vorstellung wieder aus
2223 1623 3146 1676 ihm hervorzutauchen. „Reigen“ auf der Bühne
2218 1669 3142 1714 und im Herzen dieser ehrenwerten Mitbesucher!
2215 1712 3138 1755 Die Eintrittspreise sind hoch, sehr hoch; aber all
2218 1751 3148 1801 diese Leutchen nehmen sichtlich eine entsprechend
2218 1795 3144 1846 reiche Belehrung mit auf ihren weiteren Abend¬
2218 1833 3146 1879 weg. Nach diesem unkünstlerischen Eindruck der
2226 1871 3135 1924 Besucher verstehe ich, daß beispielsweise das
2218 1916 3140 1959 Freiburger Bezirksamt die Aufführung des
2221 1954 3135 2006 „Reigen“ verbietet. Aber ich gebe mich auch
2218 1997 3135 2045 keiner Täuschung hin, daß die Durchschnittsbe¬
2231 2037 3137 2086 ucher des „Reigen“ alles das, was gerade sie
2224 2073 3148 2133 in diesem Stück suchen, auch auf sonstige Weise
2218 2113 2508 2179 finden werden!
2653 2152 2710 2222 *
2250 2208 3138 2284 73 500 ist eine schöne Zahl! In der Mehrzahl
2221 2271 3141 2315 unserer badischen Städte muß man alle lebenden
2221 2312 3145 2370 Menschenkinder vom ältesten Greis bis zum
2213 2350 3135 2403 jüngsten Säugling zusammenraffen, um zu die¬
2224 2393 3135 2440 ser Anzahl zu gelangen. In Berlin aber stellt
2227 2443 3142 2489 ie Summe von 73.500 nur die Menschenmenge
2209 2473 3133 2526 dar, die an den einzelnen heißen Sonntagen
2225 2517 3135 2562 allein nach dem Flecken Grünau („Irünau“) mit
2216 2560 3134 2606 der Vorortsbahn flüchten. Was dagegen insge¬
2216 2600 3146 2651 samt an Berliner Menschheit auf den Berliner
2215 2640 3133 2683 Strecken umhergondelt, das beläuft sich durch¬
2217 2679 3142 2725 schnittlich an den einzelnen Sonntagen auf 2,1
2218 2722 3129 2763 Million Fahrgäste! Man kann sich das gehobene
2217 2762 3141 2808 Lustempfinden vorstellen, mit dem man sich an
2214 2800 3133 2849 einem solchen heißen Feiertag den überfüllten
2219 2843 3135 2889 Berliner Vorortsstrecken als zweimillionen¬
2212 2882 3127 2929 einhunderttausendundeinter Fahrgast anper¬
2214 2914 3137 2969 traut! An erster Stelle steht begreiflicherweise
2216 2964 3130 3012 der Verkehr nach Ausflugsorten mit Freibä¬
2215 3005 3138 3062 dern (Grünau 73 500, Nikolassee 66 000, Rahns¬
2221 3036 3139 3091 dorf 44 600 usw.). Die armen Uferstrecken der
2206 3082 3138 3125 Havel, der Spree, der Dahme und der verschie¬
2212 3125 3139 3167 denen Seen müssen viel erdulden, bis jeder
2205 3162 3139 3218 freiwasserdurstige Berliner samt Kind, Mutter
3199 2038 3248 2084 ha
3200 2077 3231 2120 K
3195 2199 3251 2248 ger
3202 2241 3242 2283 m
3196 2279 3239 2326 F.
3199 2322 3242 2362 ko
3196 2356 3239 2407 b1
3193 2440 3240 2488 Ru
3193 2526 3239 2567 zu
3193 2563 3239 2604 w
3188 2600 3227 2650 A
3203 2721 3246 2768 ich
3192 2764 3234 2811 uf
3198 2807 3243 2847 un
3187 2884 3244 2931 bei
3198 2929 3243 2969 rei
3184 2963 3245 3021 Fr
3180 3026 3245 3089 lid
3190 3084 3248 3136 ich
3183 3125 3245 3171 hei
3198 1469 3244 1514 ha
3199 1510 3259 1558 die
3199 1550 3242 1597 de
3212 1589 3245 1639 51
3207 1632 3251 1675 ste
