3336 4320
487 78 1647 122 daß auch in der Weihnachtszeit die geseuigen Vergnügungen,
491 114 1638 168 der Cänsebraten, die Kuchen, die Geschenke der Kinder eine
494 161 1641 215 große Nolle spielen und sind zufrieden, wenn durch die heilige
497 203 1645 253 Zeit die Ahnung einer höheren Welt hindurchgeht. Wir wissen,
494 249 1643 297 daß wir nie die Majestät der Ueberwindung erreichen werden,
483 290 1637 335 die sich in den Erdentagen des Heilands spiegelt, und die in
496 330 1640 384 Gethsemane und in dem verzweifelten Aufschrei am Kreuz
497 379 1646 435 elbst seine hohe Seele vorübergehend verlassen wollte. Wir
489 423 1636 473 wissen, daß wir uns glücklich preisen müssen, wenn der Heiland
495 463 1642 509 durch die gesunde Sinnlichkeit unseres Volkstums einen leuch¬
490 506 1637 556 tenden Faden seiner göttlichen Liebe hindurchwebt, und er wird
493 552 1135 611 uns darum nicht verwerfen wollen.
561 594 1637 652 Er verwarf die Sünderin nicht und nicht den verlorenen
483 638 1645 699 Sohn, weil in ihnen das Licht der Menschenliebe war. Er
494 688 1643 738 hatte für den daheimgebliebenen Sohn nur eine gütige Zurecht¬
490 733 1636 782 weisung, obwohl seine Seele kalt war, und er stellte selbst dem
488 772 1647 822 Mörder am Kreuz das Paradies in Aussicht, als das Licht der
489 817 1643 862 sittlichen Erkenntnis in ihm ausging. Er spricht die mildesten
485 862 1636 912 Worte, die je von Menschenlippen geflossen sind, so lange er
483 903 1637 955 nur ein diamantenes Staubkorn seines eigenen Wesens sieht.
489 950 1645 1002 Er greift nur zur Peitsche, wenn das Letzte gewagt und der
485 988 1639 1039 Tempel selber geschändet wird. Er läßt den Donner seiner
481 1033 1633 1083 Rede nur grollen, wenn die Seelen innen voll Unflats wurden,
487 1079 1633 1127 wobei er sich durch äußere Korrektheit nicht blenden läßt, und
484 1119 1635 1169 selbst dann geht mitunter durch seine Rede eine stille Trauer
487 1162 1634 1222 über die Verlorenen, wie die Wipfel der Bäume unter leisem
480 1208 1642 1268 Rauschen weinen, wenn das Gewitter sich in der Ferne verzog.
561 1256 1633 1312 In den folgenden Zeilen, die den Spielplan der Östertage
481 1293 1634 1349 betrachten wollen, darf nun nicht übersehen werden, daß das
483 1340 1639 1391 Theater eine weltliche Kultusstätte der Seele ist und die
472 1384 1633 1434 weltliche Freude hier also vorhanden sein darf. Wir dürfen
480 1426 1636 1480 vom Theater zwar verlangen, daß es dem Grad nach höher
481 1469 1630 1516 liege als das bunte Treiben vor dem Tor, weil es eine Kultus¬
483 1510 1637 1567 stätte der Seele ist und diesen Adel nie ganz verleugnen darf,
478 1560 1635 1605 wir dürfen aber nicht verlangen, daß es, als ein Teil des
474 1601 1642 1659 Volkslebens, aus anderen Elementen gemischt sei als das
474 1642 1636 1702 Volk selber. Wenn die Fiedel unter der Linde erklingt, darf
471 1683 1630 1738 sie auch im Theater gestrichen werden, und wenn das junge
482 1732 1639 1782 Volk jauckzt, hat das Jauchzen auch auf der Bühne ein Recht.
479 1772 1633 1832 Verliert sich vor dem Tor die sinnliche Freude in niedrige
476 1812 1629 1869 Gier, hat das Theater ein Recht, diese Erscheinung zurückzu¬
480 1858 1632 1913 strahlen, sie hat aber kein Necht, ihr gleich zu sein oder sie zu
472 1908 1635 1961 billigen, wie sie auch im Volksleben von keinem gesunden
476 1949 1630 1999 Menschen gebilligt wird. In der Gier wohnt keine Freude, son¬
476 1994 1626 2044 dern nur die Möglichkeit einer zitternden Befriedigung, und so
481 2033 1624 2088 dürfen wir am Ende in der Freude das Kriterium der gebotenen
471 2081 836 2138 Komödien erblicken.
556 2114 1631 2189 Um nun ganz sicher vor dem Vorwurf geschützt zu sein, daß
468 2177 1634 2229 ich das Licht im Spielplan nicht finden konnte, well in mir
483 2219 1624 2276 elber kein weltliches Licht war, unterstelle ich, daß der ganze
473 2263 1623 2309 Schwarm von erotischen Schwänken, Possen, Operetten, Aus¬
481 2306 1627 2362 stattungsstücken, der an den Ostertagen wie an jedem andern
478 2348 1638 2410 Tage auf zahllosen Bühnen vorhanden war, im Dienst der
476 2394 1632 2443 frohen Sinnlichkeit stand. Ich unterstelle, daß all diese öffent¬
478 2431 1635 2489 lich vorhandenen Wirkungen, die wie eine Riesenmacht am Volk
472 2485 1628 2532 arbeiten, harmlos waren, obwohl ich weiß, daß sie es nicht
469 2519 1632 2573 gemesen sind. Ich unterstelle, daß all diese Komödien über¬
479 2565 1625 2624 mütige Augen hatten, obwohl sie nur ein wissendes Zwinkern
464 2607 1624 2661 zeigten. Ich unterstelle, daß sie lachten, obwohl sie nur schmun¬
476 2651 1624 2696 zelten, und daß sie das Lächeln kannten, obwohl sie nur lockten.
481 2694 1637 2747 Ich untersuche nicht, ob selbst bei vorausgesetzter Harmlosigkeit
470 2736 1624 2797 nicht das Ueber maß des erotischen Kultus ein äußerst be¬
474 2782 1631 2834 denkliches Zeichen sei. Ich werfe die Frage nicht auf, ob der
473 2819 1633 2883 erotische Ueberschwang, falls er an sich Anerkennung finden
474 2867 1628 2920 sollte, in einer Zeit angebracht ist, in der Deutschland wie ein
470 2910 1628 2957 trauriges Massengrab daliegt, über das die kalten Winde des
476 2952 1623 3007 Auslands dahinstreichen. Wir sind in unseren Ansprüchen ja
485 3001 1625 3048 o bescheiden geworden, daß wir eine nicht geringe Aussicht
475 3033 1621 3088 haben, in des Wortes buchstäblicher Bedeutung an unserer Be¬
471 3085 1625 3133 scheidenheit zu sterben. Ich unterwerfe meiner Kritik im fol¬
475 3131 1630 3183 genden nur, was auch innerhalb der sinnlichen Kunst häßlich
476 3174 1623 3226 ist. nur die unverhüllte Gemeinheit also, die Menschenantlitz
480 3216 1621 3282 trägt, aber die Schamlosigkeit des Tiers annahm, und das, was
481 3243 848 3317 schlimmer ist als sie.
546 3296 1628 3358 Wenn wir den Spielplan der Östertage überblicken, finden
476 3337 1624 3395 wir nun zunächst, daß Wedekind seine Stellung als bevor¬
475 3387 1624 3434 zugter Dichter der christlichen Festtage auch im März d. J. be¬
470 3427 1620 3476 haupten konnte. Am verflossenen Weihnachtsfest spielten ihn
478 3477 1619 3529 zwei Bühnen, am Gründonnerstag sah man ihn im Staatlichen
472 3518 1632 3562 Schauspielhaus, am Larfreitag in den Kammerspielen, und in
472 3556 1618 3604 den Tagen des auferstandenen Heilands wurde seine Welt¬
474 3602 1625 3655 anschauung in drei Theatern verkündet. Am Nachmittag des
472 3644 1620 3693 ersten Feiertages erläuterte er im Theater in der Königgrätzer
474 3685 1620 3736 Straße, wo man den „Erdgeist“ spielte, den Auferstehungssieg der
474 3732 1627 3779 göttlichen Liebe durch den scharffinnigen Zusatz, daß die
481 3767 1621 3825 triumphierende Gewalt im Leben der Dirne sei. Am Nachmittag
481 3819 1627 3863 des zweiten Feiertages zeigte er in den Kammerspielen, wie der
465 3861 1618 3909 Frühling der Brunst in den Backfischen in einem Alter erwacht,
466 3904 1620 3950 in dem sie wenigstens vor der Novemberrevolution durch das
463 3942 1619 4015 Strafgesetzbuch geschützt waren, und am Abend des zweiten
1698 94 2845 157 sondern indem er in ihrem Innern eine Bewegung hervorruft,
1694 142 2839 193 nicht indem er die Gesetze der Seele stört, sondern indem er sie
1693 177 2840 237 erfüllt. Wenn Goethe damit recht haben sollte (und seine Auf¬
1693 223 2850 279 fassung ist zum mindesten ernsten Nachdenkens wert), würde
1690 269 2851 314 die Sündenvergebung ausbleiben, weil in der Seele ein
1696 313 2849 371 Prozeß nicht mehr hervorgerufen werden kann, der zur Ueber¬
1698 360 2848 416 windung des sündigen Zustands führt. Das Neue Testament
1690 403 2838 450 würde also die Verweigerung der Sündenvergebung nicht in
1690 438 2839 499 Aussicht stellen, weil die Güte des von ihm verkündeten Gottes
1703 490 2853 539 rgendwo eine Grenze hätte, denn nach den Evangelien hat sie
1692 531 2837 599 das nirgends, sondern weil sie in einer bestimmten menschlichen
1693 577 2856 626 Seele nicht mehr zu wirken vermag. Ist eine Seele aber in
1687 624 2849 666 allem Ernst satanistisch geworden, also nicht aus törichter Eitel¬
1695 664 2848 715 keit, weil sie den Zustand für gar so interessant hält, dann ist
1691 707 2835 759 sie so restlos der Unsittlichkeit verfallen, daß jedes Gefühl ihres
1697 753 2840 812 eigenen Zustandes erloschen ist. Dann kann aber eine innere
1687 795 2837 847 Reaktion, die zu einer Ueberwindung des sündhaften Zustands
1695 837 2834 894 führen könnte, nicht mehr hervorgerufen werden, da jede
1683 885 2835 945 Reaktion aus einem sittlichen Keim hervorgehen müßte, die sitt¬
1691 926 2848 979 lichen Keime aber gestorben sind. Man kann selbst die härtesten
1690 968 2837 1023 Metalle schmelzen, ein Metall aber, das der Einwirkung der
1689 1014 2841 1075 Wärme nicht mehr unterliegt, kann auch durch die Glut im
1689 1052 2837 1113 Innern des Sonnenballs nicht geschmolzen werden, und in einer
1697 1102 2841 1146 Seele, die der Einwirkung der göttlichen Güte nicht mehr unter¬
1689 1144 2850 1220 liegt, kann eine Vergebung der Sünden nicht mehr bewirkt
1685 1186 1837 1249 werden.
1760 1232 2846 1300 Im Satanismus scheinen mir also die psychologischen Vor¬
1686 1283 2851 1341 ausetzungen vorhanden zu sein, die vorhanden sein müssen, um
1686 1325 2849 1380 das Ausbleiben der religiösen Sündenvergebung verständlich
1684 1366 2844 1425 erscheinen zu lassen. Gott könnte die Seele nur noch ändern,
1694 1414 2848 1472 indem er durch einen äußeren Eingriff ihre gesetzmäßige Ent¬
1695 1464 2838 1513 wicklung aufhöbe, und am Ende gilt das Wort des Nazareners:
1689 1501 2846 1551 „Ich bin nicht gekommen aufzulösen, sondern zu erfüllen, nicht
1694 1548 2844 1601 nur vom alttestamentlichen Gesetz, sonde n hat den tieferen und
1683 1589 2835 1634 allgemeineren Unterton der Goetheschen Anschauung. Wie dem
1686 1633 2848 1687 nun aber auch sei: unter allen Umständen ist der Satanismus
1695 1676 2838 1725 der tiefste Abfall vom Heiland, den menschliche Gedanken er¬
1682 1719 2843 1773 messen können, und so handelt unser Theatersystem wohl nur
1681 1757 2840 1817 folgerichtig, wenn es ihn gerade an den hohen Festtagen der
1684 1805 2838 1862 christlichen Kirche von der Bühne herab so wirkungsvoll pro¬
1685 1848 1840 1913 pagiert.
1755 1907 2849 1968 Wenn man im Satanismus den souverän gewordenen
1682 1959 2838 2010 menschlichen Egoismus erblickt, muß er zum sexuellen Trieb als
1683 1999 2843 2056 zur konzentriertesten Form zugleich des sinnlichen Egoismus und
1679 2041 2844 2098 des sinnlichen Genusses, in einem besonders intimen Verbältnis
1683 2081 2842 2128 stehen, und der Blocksberg hatte darum von je, nicht nur im
1687 2125 2836 2186 Faust, sondern auch im Volksglauben, mit der Unzucht seinen
1689 2172 2839 2218 Pakt. Es leuchtet darum ein, daß vom satanistischen Standvunkt
1679 2213 2839 2265 neben der satanistischen Philosophie Wedekinds im besonderen
1680 2258 2839 2305 auch die von Unzucht triefenden Stücke für die christlichen Feste
1683 2295 2834 2347 als besonders geeignet empfunden werden müssen. Der
1689 2342 2830 2387 Schnitzlersche Reigen“ hat innerhalb dieser Sphäre den be¬
1685 2385 2835 2445 sonderen Vorzug, daß er den latenten Gedanken enthält, daß der
1681 2430 2832 2480 Trieb der eigentliche Beweger der Menschheit sei, da er in den
1694 2474 2841 2534 Dialogen alle Klassenunterschiede aufhebt und den Grafen wie
1676 2515 2840 2562 die Straßendirste in der Gewalt hat. Das Kleine Schauspiel¬
1689 2557 2843 2612 haus in Charlottenburg war darum gut gestellt, daß es gerade
1680 2602 2840 2659 mit dem „Reigen“ die beiden Östertage begehen und den
1684 2644 2831 2701 Glauben an den Auferstehungssieg des Göttlichen mit einer
1681 2691 2358 2759 höhnischen Grimasse anspeien konnte.
1756 2744 2843 2801 Als die Schriftgelehrten in Jerusalem zusammenkamen, um
1678 2790 2840 2855 über die Kreuzigung Jesu zu verhandeln, gaben sie die Parole
1678 2841 2832 2892 aus: „Ja nicht auf das Fest, auf daß nicht ein Aufruhr werde
1691 2882 2834 2927 im Volk“ und sie töteten ihn infolgedessen auch nicht am
1681 2922 2828 2976 Sabbat, sondern am Tage vor dem Sabbat. Seitdem sind
1686 2962 2836 3020 zweitausend Jahre verflossen, und es ist also nur in der Ord¬
1680 3013 2840 3062 nung, daß die gegenwärtige Entwicklung am dürren Holze die
1688 3056 2835 3108 damalige am grünen übertrifft, wie es der Nazarener selbst auf
1682 3094 2838 3150 seinem letzten Gang so richtig erwartet und vorausgesagt hatte.
1687 3135 2828 3187 Die Kreuzigung darf heute nicht nur auf das Fest fallen, der
1681 3179 2841 3232 Heiland wird sogar an seinen eigenen hohen Festtagen von der
1690 3229 2836 3289 riumphierenden Unzucht gekreuzigt, angespien, verhöhnt, ver¬
1683 3265 2838 3322 lacht, und niemand darf den Berlinern mit Grund nachsagen
1685 3314 2836 3360 wollen, daß dadurch ein Aufruhr im Volk entstanden sei. Wäre
1679 3355 2837 3403 er aber entstanden, wäre er von der Polizei mit eiserner Faust
1687 3399 2830 3447 niedergeschlagen worden, denn seit der siegreichen Aufklärung der
1679 3438 2825 3486 Novemberrevolution schützen wir die Unzucht und betreiben die
1683 3479 2833 3535 Schändung des Heilands auf zahlreichen Bühnen. Wer aus
1688 3522 2834 3577 religiösen oder philosophischen Gründen den Nazarener liebt,
1686 3568 2833 3617 der die Menschen so unendlich gern zum Licht führen möchte,
1689 3611 2832 3668 oll darüber nicht allzu traurig sein. Das Wort des Nazareners
1674 3652 2828 3692 bleibt bis ans Ende der Tage, nur das deutsche Volk geht zu¬
1679 3693 2822 3750 grunde, und es ist ohne Zweifel besser, daß es zugrunde geht,
1678 3738 2834 3778 als daß es in der gegenwärtigen Form weiterlebe. Wir wer¬
1678 3778 2828 3838 den dann zwar unter den abstoßenden Erscheinungen des Fäul¬
1677 3818 2833 3868 nisprozesses zu leiden haben, die sie aber am wenigsten ertragen
1680 3862 2821 3910 hätten, sind gefallen, und wenn die andern die Kraft zum
1682 3905 2835 3967 Widerstand nicht finden, werden sie sich ja wohl mit ihnen ab¬
1663 3944 1968 4019 zufinden wissen.
