3392 4352
1343 455 1719 536 Wien, Samstag
813 456 1000 534 N. 42
759 570 1862 620 dem, was ich als Pflicht erkannt habe, abzubringen imstande
775 618 1852 658 sind. (Lebhafter Beifall bei den Christlichsozialen: stürmischer
770 651 1857 699 Widerspruch; Pfui= und Abzugrufe bei den Sozialdemokraten.)
990 694 1646 764 Sturm gegen den Minister.
882 756 1848 806 Mehrere sozialdemotratische Abgeordnete dringen mit stür¬
761 817 1852 865 mischen Rusen gegen den Platz des Ministers Dr. Glanz. Unter
771 866 1856 911 stürmischen Zurufen gegen den Minister schlagen die Ab¬
766 914 1860 960 geordneten Zelenka, Witternigg und Widholz
763 960 1848 1008 heftig auf den Ministertisch. Stürmische Entrüstungsrufe Lei
776 1003 1851 1051 den Christlichsozialen. Großer langanhaltender Lärm, in
774 1053 1848 1108 welchem die Worte des Präsidenten nicht vernommen
770 1095 1848 1146 werden. Der Präsident erteilt den Abgeordneten
769 1144 1859 1194 Witternigg und Pölzer den Ordnungsrof.
770 1193 1857 1252 Großer Tumult. Vor der Ministerbank kommt es zu
773 1238 1851 1305 stürmischen Auseinandersetzungen zwischen zahlreichen Ab¬
762 1282 1856 1337 geordneten. Die Ordner bemühen sich, die heftig aufeinander¬
764 1336 1860 1389 geratenen Abgeordneten zu trennen. Nachdem sich der Lärm
879 1426 1854 1476 Präsident Dr. Weiskirchner: Ich muß über diese
767 1468 1858 1511 unqualifizierbaren Vorgänge mein tiefstes Bedauern aus¬
767 1502 1853 1551 drücken. (Anhaltende Zwischenruse und Lärm.) Durch solche
769 1547 1854 1605 Vorgänge wird die Würde des Hauses aufs tiefste geschädigt.
764 1585 1459 1647 (Zwischenrufe und anhaltende Unruhe.)
886 1618 1855 1674 Volker (chr.=soz.): Die Angriffe gegen den Minister zeigen,
769 1659 1856 1705 daß Sie keine Achtung vor der Verfassung haben. (Beifall bei
774 1694 1849 1740 den Christlichsczialen; andauernde Zwischenrufe bei den Sazfal¬
766 1739 1864 1786 demotraten.) Wer nicht weiß, daß der Minister ein Diener des
777 1772 1861 1828 Volkes ist, der hat leine Achtung vor der Verfassung.
774 1815 1859 1854 Andauernde Zwischenruse bei den Sozialdemokraten.) Wir
772 1844 1853 1906 stehen auf dem Standpunkt, daß die Regierung ihre Pfücht
766 1897 1588 1942 getan hat und wir verteidigen das.
1588 1885 1740 1939 Man
1742 1893 1852 1941 hat
1541 1925 1849 1978 in Berlin ver¬
1402 1930 1517 1977 und
769 1933 840 1975 den
1185 1925 1403 1978 München
838 1920 1181 1980 „Reigen“ in
775 1966 1850 2014 boten und wir als Deutsche an der Donau (lbhafte Zwischen¬
764 2008 1851 2048 ruse bei den Sozialdemokraten; Abgeordneter Weber macht
768 2044 1577 2085 einen Zwichenruf in tschechischer Sprache) —
1603 2043 1857 2089 wenn sie auf
777 2078 1851 2130 meinen Namen anspielen, so will ich sonstatieren, daß ich
775 2121 1851 2164 meinen Namen geändert habe —, wir Deutschen
774 2161 1857 2207 an der Tonau wollen in unserem sittlichen Reinlichleitsgejähl
770 2199 1859 2245 nicht hinter dem übrigen deutschen Volk zurückstehen. (Lebhafter
777 2231 1864 2296 Beifall bei den Christlichsozialen; andauernde Zwischenruse bei
777 2269 1172 2325 den Sozialdemokraten.)
1178 2305 1471 2383 Seiy (Soz.):
873 2353 1852 2424 Die höchst bedauernswerten Szenen, die sich hier
777 2390 1864 2458 ereignet haben, sind, wie ich glaube, auf einen schweren
767 2458 1854 2507 politischen Fehler der christlichsozialen Partei und der Mehrheit
772 2490 1863 2538 in die em Hause überhaupt zprückzuführen. Wir leben in
776 2526 1855 2572 Oesterreich in einer so schweren Zeit, daß die, die die Geschicke
767 2567 1857 2608 des Staates an erster Stelle zu lenken haben, ihr Amt nicht ausüben
778 2603 1851 2646 önnen, wenn sie sich nicht selbst als die Träger einer
769 2642 1857 2685 schweren Verantwortlichkeit fühlen und wenn sie nicht
788 2676 1860 2724 elbst aus dem Volke stammen und vom Volle berufen sind.
764 2722 1848 2777 (Beifall bei den Sozialdemokraten.) Oesterreich ist viel zu
763 2751 1247 2815 schwach, um eine Regierung
953 2799 1683 2863 von Angestellten oder gar Söldlingen
765 2841 1857 2904 zu ertragen. (Lebhalte Zwichenrufe bei den Cheistsichsoziaken;
769 2896 1858 2945 Rufe: Unerhört! Sie sprechen von Söldlingen?) Das ist der
771 2932 1851 2981 eigentliche Fehler. Wenn die Mehrheit des Hauses den Mut
766 2968 1855 3016 gehabt und in sich die Kraft gefühlt hätte, selbst zu regieten,
769 3006 1849 3050 und wenn sich die Herren daher selbst auf diese Bänle gesetzt
778 3047 1854 3089 hätten, so hätten sie gewiß das notwendige Verständnis und
775 3083 1854 3126 den notwendigen politischen Taft gehabt, der in der Eni¬
778 3121 1857 3181 cheidung dieser Frage notwendig ist. Das kann man natürlich
770 3167 1131 3223 einem jungen Mann,
995 3189 1625 3256 einem jungen strebsamen Mann,
760 3249 1851 3296 der einige Jahre in Präsidialbüros gedient hat und dann
764 3295 1854 3342 plößzsich auf einen solchen Posten berufen wurde (Zwischenrufe
764 3333 1856 3378 bei den Christlich ozialen; Rufe: Richt beleidigen!), das kann
776 3376 1857 3425 nan einem solchen jungen Mann nicht zumuten. Wenn sich
773 3409 1855 3454 Herr Dr. Glanz erkühnt haben soll (lebhafte Zustimmung bei
776 3450 1857 3498 den Sozialdemokraten), gleichsam hier zu sagen, er werde sich
766 3488 1849 3530 die Gesetze der Anständigkeit nicht vom Hause vorschreiben
771 3527 1849 3573 lassen oder wenn er gesagt haben soll, er überlasse das Urteil,
771 3566 1857 3615 das von einer großen Partei des Hauses beanstandet wurde,
764 3603 1313 3660 jedem anständigen Menschen, so
920 3642 1711 3701 ist das eine Redeweise, die ungehörig ist.
886 3691 1860 3742 Einen großen Teil der Ausführungen des Ministers hat
770 3731 1850 3778 die Darstellung seiner ästhetischen Auffassungen über irgend ein
764 3772 1858 3815 Schauspiel eingenommen, das jetzt in Wien aufgeführt wird.
762 3812 1851 3857 Die ästhetischen Auffassungen des Dr. Glanz interessieren uns
776 3849 1851 3893 gar nicht. Ich bin versichert, daß bei den verschiedenen politischen
764 3889 1854 3927 Parteien und in den verschiedenen Bevölkerungskreisen die
763 3925 1842 3970 Auffassung über die literarische Bedemung des „Reigen
771 3963 1859 4009 als Buch und über seine künstlerische Bedeutung als Drama
779 4003 1856 4042 ehr verschieden sein wird. Wir wissen zum Beispiel, daß in
770 4041 1853 4094 Deut chland eine sehr große Disku sion über diesen Gegenstand
779 4081 1860 4127 taitge unden hat, wir wissen, daß in Deutschland die Zu¬
1420 4114 1840 4164 K
2187 455 2643 540 Arbeiter-Zeitung
1898 573 2988 618 uns auch gar nicht sympathisch ist, daß wir einen so
2411 606 2991 657 wie eine Theateraufführung
1909 609 2182 661 untergeordneten
2182 612 2354 668 Anlaß
1899 649 2985 695 benützen müssen, um dieses Streben gleich im Keime
2157 690 2985 740 so tun wir es dennoch pflichtgemäß.
1994 685 2138 738 ersticken,
1908 691 1981 733 n
1905 726 3000 770 Es darf kein Schritt dieser Regierung eriolgen, der
1906 759 3000 807 die in der Veriassung gewährleisteten Rechte des Landes Wien
1904 808 3000 850 auch nur im geringsten tangiert. (Lebhafter Beifall bei den
1912 838 2999 884 Sozialdemokraten.) Sie werden bei der Mehrheit der Be¬
1906 882 2999 928 völkerung von Wien, im Landtag Wien und bei der Landes¬
1908 923 2997 968 egierung von Wien gegenüber jedem solchen Versuch einem
1903 958 2989 1001 Widerstand begegnen, der eisern ist und den Sie nicht
1907 993 2986 1038 werden überwiaden können. (Erneuter lebhafter
1899 1031 2997 1075 Beifall bei den Sozialdemotraten.) Und wenn Sie etwa hoffen
1900 1071 2993 1119 sollten, den Widerstand Wiens gegen Verfassungsbrüche mit
1899 1110 2994 1156 bewaffneter Gewalt zu brechen, so werden Sie Gefahr lausen,
2027 1159 2872 1218 daß der Gewalt mit Gewalt begegnet wird.
1903 1204 2990 1264 (Lebhafter Beifall bei den Sozialdemokraten; Zwischenrufe
1905 1258 2994 1302 bei den Chiistlichsozialen.) Was Herr Dr. Glanz geian
1974 1300 2997 1345 ist eine flagrante Verletzung der Verfassung, die
1903 1302 1965 1354 hat,
1905 1341 2984 1385 selbst im alten Oesterreich unmöglich gewesen wäre,
1904 1378 2989 1423 Kein Minister hatte es eiwa gewagt, eine direkte Verfügung
1894 1406 3000 1462 an die Gendarmerie in Petlau oder an die Pol zi in Wien
1904 1458 2988 1496 oder in Krakau zu erlassen, er hätte vielmehr immer
1903 1496 2990 1537 nur den Statthalter beauftragt, diese oder jene Ver¬
1906 1529 2986 1578 fügung zu treffen. (Zustimmung bei den So,ialdemotraten.)
1904 1567 2997 1618 Der Herr Gendarmeriekomm andank Peinlich in Graz.
1895 1602 2990 1647 der somtagen einen Gegenfall darstellt, ein Bundesbeamter, vom
1900 1640 2987 1696 Ministerium zu bestellen, von ihm zu pensiouieren und von
1898 1683 2206 1751 ihm zu entlassen,
2245 1706 2670 1787 ist längs pensioniert:
1894 1767 2996 1826 er hat es nur für gut besunden, seine Pensionierung nicht
1902 1807 2993 1866 zur Kenntnis zu nehmen und weiter im Tienste
1896 1856 2995 1905 zu bleiben. Er erfreut sich nämlich der Freundschaft des Heiin
1896 1888 2996 1935 Landeshauptmannes Rintelen; aus welchen Grüt den will ich
1902 1932 2994 1979 heute nicht mehr untersuchen, vielleicht wird auch diese Frage
1907 1969 2997 2017 inmal einer genauen Prüsung unter¬
1895 2007 2993 2057 zogen weden. Er geht also nicht in Pension, bis
1904 2047 3000 2090 endlich die Gen armen, auch die christlichsozialen Gendarmen in
1900 2078 3000 2127 Steiermark, sagn, der Mann ist ja nicht mehr unser Vor¬
1906 2124 3000 2169 gesetzter, er ist pensioniert, und ihm den Gehorsam
1904 2161 2994 2209 beiweigern. Und heute, da wir unmittelbar vor der
1907 2196 2989 2237 Gefahr stehen, daß alles, was in Steiermark gesetzmägig be¬
1902 2233 2987 2281 waffnei ist, sich gegen die Regierung auflehnt und in den
1907 2270 2990 2321 Streik tritt, erklärt der Minister des Innern, er merde eine
1900 2319 2997 2356 „objektive Entscheidung“ in die Wege leiten. Er wird die Ent¬
1911 2344 3003 2394 cheidung wahrscheinlich an dem Tage treffen, bevor das
1910 2389 2999 2434 l#imgium, das ihm die Beamten gestellt haben, abläuft.
1913 2427 2993 2479 Glauben Sie, daß ein Mann, der so handelt, fähig und
1907 2458 2997 2505 #rusen ist, auf diesem Posten zu sitzen?
1912 2497 2998 2547 Lebhafte Zustimmung bei den Sozialdemokraten.) Erkennen
1911 2538 2989 2586 Sie, Herr Dr. Glanz, denn nicht, daß Sie vielleicht viele Fäyig¬
1910 2578 2997 2629 eiten haben, aber daß Ihnen die zur Leitung des Ministeriums
1900 2617 2994 2667 des Innein in so ernster Zeit mangeli? Sie sind vielleicht
1908 2656 2993 2701 in ausgezeichneter Lueraturkenner und Aesthet, Sie mögen sich
1897 2690 2989 2737 berufen fühlen, Werturteile abzugeben über Schnitzler, Hofmanns¬
1898 2737 2986 2787 thal und den christ ichen Kernstuck, vielleicht könnten See auch schöne
2597 2767 2992 2817 — und Sie haben
1908 2770 2590 2820 Feuilleions über Theaterstücke schreiben
1905 2802 2986 2852 uns ja auch eine Probe dieser nunst heute gegeben (lebhafte
2146 2850 2990 2890 aber das sollten Sie erkennen, daß Sie auf dem
1906 2844 2132 2896 Hei erkeit) —
1906 2885 2998 2930 Posten eines Bundesministers unmöglich sind. Auch die
1905 2916 2997 2971 christlichsoziale Mehrheit hat alle Ursache, ernsthaft zu prüfen,
1903 2956 2999 3020 ob es zweckmäßig sei, einen großen Teil der Bevölkerung
1909 2997 2186 3056 Deutschösterreichs
1897 3043 2993 3097 durch die Zumutung des Herrn Glang zu provozieren.
2016 3085 2999 3142 Ich kann nur noch einmal sagen, ich bin der Ueber¬
1900 3133 2999 3185 zeugung, daß ein chrinlichsozialer aliver Politiker, der selbst
1906 3174 2989 3215 m Volte stände und aus dem Volke gewählt wäre, an der
1902 3209 2994 3258 Stelle, die keute Herr Glanz einnimme, Ent cheidungen in diesen
1902 3245 3000 3299 Fragen sich weit gründlicher überlegen und anders tressen
1903 3290 2995 3343 würde als Heir Glanz. Es ist ein schwerer Fehler, zu dem
1896 3328 2998 3373 vielen Unglück, das wir in Oesterreich haben, auch noch das
1906 3366 2994 3409 hinzuzufügen, daß man die Bevölkerung mit unsähigen
2786 3398 2998 3448 so wird
1901 3399 2787 3463 Beamten plagt. Was nun Wien beirifft,
2902 3439 2993 3484 Wien
2785 3439 2893 3492 von
1896 3443 2735 3494 der Landeshauptmann und Bürgermeister
2915 3475 2992 3526 chon
2684 3476 2831 3528 Antwort
2408 3471 2613 3528 gebührende
1903 3483 1974 3525 dem
2057 3481 2199 3530 Minister
1905 3514 2983 3563 geben. Ich glaube kaum, daß er seine Zuschrift zur
1912 3554 2986 3606 enninis nimmt. Wir kennen den Landeshauptmann von
1903 3591 2993 3633 Wien als einen sehr ruhigen, besonnenen Mann. Wenn Herr
2772 3629 2986 3679 unternimmi,
1906 3622 2763 3682 Dr. Glanz dieen Verfassungskampf nun
1898 3667 2987 3713 dann werden wir ihn ausfechten. Wir werden daran
1908 3711 2996 3760 enken, was de. Stadt Wien in größeren und wichtigeren
1911 3749 2979 3794 Fragen drohen könnte, wenn wir einmal gestattelen, daß ein
1909 3781 2989 3831 vichtiges Prinz'p durchbrochen wird. Wir werden es nicht
1905 3829 2994 3867 dulden, daß die Arbeiterschaft in den übrigen Ländern einem
1909 3855 2990 3902 elbstherrlichen Landeshauptmann ausgeliefert ist, die Arbeiter¬
1909 3891 2992 3941 chaft von Wien aber enem selbstherrlichen christlich ozialen
1896 3934 2982 3998 Bundesminister. (Stürmischer Beifall bei den Sozialdemokraten.)
1941 3986 2948 4053 Ein Ordnungsruf und kein Ordnungsruf.
2009 4054 2991 4105 Präsident Dinghoser: Abgeordneter Seitz hat den
1898 4096 2512 4144 Minister für Inneres as einen un
2589 4095 2992 4158 ligen Beomien
