3436 4352
997 184 1416 267 box 18/3
301 184 806 280 11. Reigen
1413 1289 1514 1422 2
817 1372 1349 1479 Vallesche Zeifüng
1018 1683 1334 1779 4 81UL.
591 2001 1371 2055 Dresdener Sommertheater
478 2031 1559 2112 Die „opernlose,) die schreckliche Zeit“ zu überstehen (die
402 2096 1562 2153 Staatstheater haben seit3 Wochen Ferien), versucht mit red¬
404 2140 1557 2193 lichem Bemühen und — nehmt alles in allem — sehr gutem
385 2183 1557 2230 Gelingen die alt berühmte Opernschule von Petrenz im
407 2216 1565 2273 Neustadter Schauspielhaus. Es gibt ja nichts Reizvolleres, als
413 2255 1558 2319 das Heranreifen junger künstlerischer Kräfte zu beobachten.
404 2301 1556 2354 und dazu bietet sich hier treffliche Gelegenheit. Allerdings:
401 2334 1555 2392 neben einer Reihe von Eleven, denen noch manches fehlt, ist auch
410 2373 1569 2432 eine Anzahl schon fast fertiger, und erprobter Kräfte am
413 2412 1568 2472 Werke, wie Hans Grohl (prachtvolle Figur und schönes
412 2452 1557 2512 Stimmmaterial!), Erich Zimmermann. Ruth Schneider
404 2503 1565 2553 Angela Vidron, Friedrich Zohsel u. a., nicht zu vergessen
413 2530 1571 2594 den tüchtigen und ungewöhnlich begabten Kapellmeister Kurt
412 2574 1563 2633 Kretzschmar. — Es ist das Verdienst des Petrenz=En¬
415 2626 1564 2680 sembles, eine Anzahl guter alter Spielopern zu neuem Leben
410 2653 1571 2717 erweckt zu haben, wie „Alexandro Stradella“, des seligen Flotow
411 2697 1571 2755 und Aubers „Maurer und Schlosser", dies Werk mit seinem
407 2732 1560 2798 gesunden, kräftigen musikalischen Realismus und seiner typischen
405 2776 1566 2839 Opernromantik —: eine höchst reizvolle Mischung, für deren Stil¬
408 2813 1563 2880 merkmale alle am Werke Beteiligten, nicht zuletzt das sich aus
420 2854 1572 2913 Schülern und Mitgliedern des „Dresdener Philharmonischen
417 2895 1558 2953 Orchesters“ sich rekrutierende Opernorchester ausgezeichnetes Ein¬
410 2942 1118 3013 fühlungsvermögen an den Tag legten!
487 2982 1571 3073 Im Dresdener Residenztheater (Leitung: Dr.
417 3035 1563 3094 Karl Schreiber) wird jetzt von den Berlinern der Schnitz¬
421 3071 1564 3131 lersche „Regengesi#ornehm, diskret, sodaß die Herren
414 3109 1565 3173 Baumer und Genossen beim besten Willen keinen Einspruch er¬
802 3154 1569 3208 Die geistvolle, graziöse Szenenreihe kommt
414 3166 786 3212 heben könnten ...
419 3197 1564 3259 bei solch ausgezeichneter Darstellung aufs schönste zur Geltung
419 3234 1574 3294 und Schnitzler selbst, der ja prinzipiell gegen die Auf¬
404 3270 1532 3340 führungen des „Reigen“ ist, könnte hier seine Freude haben!
1184 3316 1516 3390 Felix von Lepel.
1969 589 2387 726 Gresdnel Anten
2143 867 2551 1030 a# 101. e
2047 1214 2645 1300 Schnitzlers Reigen
1914 1278 2795 1345 Angesichls der verspäketen Aufführung von
1880 1322 2784 1398 Schnitzlers Reigen im Residenztheater möchte
1902 1363 2788 1429 man an das Wort von Moritz Saphir erinneen:
1905 1405 2789 1465 „Wenn die Welt einmal untergeht, ziehe ich nach
1906 1449 2782 1500 Dresden, dort geht die Welt 14 Tage später
2091 1483 2795 1537 Was die künstlerisch wählerischen
1901 1497 2092 1543 unter.“
1901 1522 2795 1574 Direktionen im Zentgal= und Alberttheuter
1908 1563 2795 1612 im November 1921 #erlassen haben, als der
1908 1600 2797 1653 Reigenpro involler Blüte stand und ein
1908 1642 2795 1695 großer gchäftlicher Erfolg ganz sicher war,
1901 1688 2797 1731 das hat nuh„nachdem der Reigenrummel glück¬
1902 1714 2791 1768 lich vergesfen war, die Direktion Dr. Schreiber
1906 1757 2795 1810 im Residenztheater nachgeholt und gestern einer
1901 1798 2792 1850 Zuschauerschar, die mit Spannung gekommen
1902 1834 2800 1886 war, aber schließlich eine gewisse Enttäuschung
1911 1878 2790 1924 nicht verbergen konnte, mit auswärtigen
1906 1917 2797 1969 Kräften vorgesetzt. Die Vorsicht war dabei an¬
2217 1951 2801 2004 jedem Theaterbesucher die
1919 1962 2210 2010 gewendet, daß
1916 1983 2803 2047 Außerung von Beifall oder Mißfallen während
1916 2026 2796 2087 und nach der Aufführung ausdrücklich als Ver¬
1908 2066 2797 2127 gehen gegen die Hausordnung untersagt war.
1909 2104 2800 2162 So ging denn das Ereignis, da der Versuch
1916 2145 2805 2200 einer Meinungsäußerung rasch unterdrückt
1908 2191 2308 2248 wurde, still vorüber.
1964 2220 2806 2288 Den Eindruck, den man von der Aufführung
1919 2275 2803 2331 empfing, war, gelinde gesagt, der einer Ent¬
2154 2313 2802 2366 Einer Enttäuschung in doppelter
2115 2336 2156 2374 815
1912 2322 2109 2375 täuschung.
1925 2352 2806 2418 Beziehung. Diejenigen, die im stillen erwartet
1916 2392 2807 2448 hatten, daß von der Bühnendarstellung des
1922 2440 2807 2488 Reigens flirrende Lichter der Sinnlichkeit aus¬
1918 2469 2802 2543 gehen würden, sahen sich um das erwartete
1925 2514 2812 2564 Schauspiel getäuscht. Ja, man kann sogar
1925 2548 2812 2605 sagen, daß nach dem zehnmaligen Wechsel der
1931 2588 2808 2647 Szene vielleicht bei den meisten Zuschauern
1924 2627 2812 2680 das Gefühl des Ekels aufgestiegen ist, des
1931 2664 2808 2725 Ekels nicht nur vor den dargestellten Frauen
1922 2707 2808 2756 und Männern, sondern des Ekels vor der
1919 2741 2809 2799 Liebe, wie sie Schnitzler im Reigen als einzig
1922 2780 2819 2848 und allein existierend betrachtet. Wer also heute
1921 2820 2812 2873 oder morgen sein teures Geld in der Er¬
1935 2856 2816 2914 wartung graziöser erotischer Spannung hin¬
1926 2898 2812 2957 trägt, wird gründlich enttäuscht werden. Eine
1936 2939 2821 2992 plumpere und geistlosere Erotik als die in der
1930 2976 2818 3030 Bühnenausführung des Reigen läßt sich kaum
1935 3018 2822 3069 denken. Eine fade Lust, eine widerliche Leere
1927 3051 2818 3110 bleibt von dieser Vorstellung zurück. Der
1942 3090 2816 3148 Elel würgt bis zum Halse. Übersättigung tritt
1940 3131 2814 3186 ein. Die Aufführung wird, wenigstens für
1935 3167 2817 3223 Menschen mit einigermaßen reinlichen Emp¬
1940 3207 2822 3265 findungen, statt zu einem Genuß zu einer
1937 3254 2458 3314 bittern, häßlichen Schalheit.
2450 3289 2830 3348 kommt auch in
1998 3294 2441 3355 Aber Enttäuschung
1938 3330 2830 3392 künstlerischer Beziehung. Wie, das sollte das
1939 3374 2831 3432 Stück sein. um das man in Berlin solange
1948 3412 2830 3469 vor Gericht gestritten hat, bei dessen Auf¬
1939 3450 2822 3511 führung oder Nichtaufführung die Freiheit der
1946 3499 2833 3550 Kunst bedroht sein sollte? Nein, das Stück, wie
1940 3533 2836 3593 wir es auf der Bühne des Herrn Dr. Schreiber
2828 1186 3349 1247 mit seinen Berliner Gäster
3215 1231 3343 1284 Es ist
2831 1235 3176 1288 Stück Schnitzlers.
2829 1273 3342 1328 dem aller Blütenstaub von
2842 1304 3343 1363 wischt ist, dem die zierliche
2834 1351 3317 1406 ausgerissen sind. Es ist
2833 1383 3315 1445 vor der man sich ekelt.
3266 1428 3313 1490 ist
2831 1424 3269 1491 völligen Entstellung
2832 1469 2918 1535 Art.
2893 1482 3335 1561 Schnitzler hat einst die
2834 1543 3333 1594 Reigen als ein Artistenk
2841 1584 3332 1634 Stille des Ateliers geschi
2844 1617 3340 1671 einer Künstlerlaune nachg
2841 1661 3327 1720 Rops und viele Große der
3307 1701 3344 1742 u
2844 1695 3311 1755 nachgegeben haben. Er
2846 1734 3315 1793 Probestückrein geben, das
2844 1774 3325 1828 tadelhaften Worten, mit
2841 1801 3341 1864 scher, unbeweglicher Mien
2840 1855 3346 1906 das Werk in richtiger Erkei
2841 1893 3356 1948 art jahrelang zurückgehalt
2845 1934 3330 1990 erste Sammlung seiner
2853 1957 3346 2030 genommen, hat die Anfsü
2858 2003 3355 2062 chlossenem Kreis a# an
2993 2041 3323 2105 ist Schnitzler,
2847 2053 2991 2101 Darum
2855 2084 3348 2133 schelten, daß er eine Ski.
2853 2129 3359 2181 Blättern des Reigens füll
2857 2161 3354 2216 der Dichter, hätte die Er
2846 2197 3330 2263 lichen Aufführung nicht
2849 2237 3365 2288 wenn zehnmal die Revolm
2860 2280 3344 2334 seitigt hatte und wenn z
2858 2317 3365 2375 materieller Erfolg mit der
2850 2353 3357 2413 Valuta winkte. Indem e
2861 2392 3310 2447 seiner Laune“ auf die
2861 2430 3349 2486 machte mit der Artistenke
2855 2476 3340 2537 gewann mit einer bloßen
2853 2511 3364 2565 hat er ein ethisch=künstle
2852 2546 3357 2601 gangen. Die öffentliche Auf
2853 2591 3372 2643 ist Preisgabe eines zie
2852 2626 3371 2680 vom Dichter selber begang
2866 2665 3359 2720 Künstler selber durch die P
2868 2706 3361 2752 um kapitalistischer Vorte
2859 2746 3363 2791 darf er nicht hoffen, daß m
2858 2774 3370 2830 chen an eine besondere sittl
2868 2822 3328 2878 heit glaubt. Es kommt
2869 2858 3366 2911 hinzu: Die Notwendigkeit
2862 2895 3361 2950 der Darstellung allerlei 2
2867 2932 3364 2997 meiden, hat auch die The
2861 2977 3341 3027 Dramaturgen zu vielen
2876 3014 3369 3065 Szenen gezwungen. So hal
2876 3048 3364 3108 hände (um der Anständigke
2865 3094 3365 3149 den Leib der Dichtung se
2868 3125 3369 3189 geschändet. Und von der
2864 3171 3371 3217 reißt schließlich die Darstell
2870 3210 3366 3259 die anständigste, den letzt
2869 3250 3342 3305 hinweg. Es braucht gar
2866 3284 3374 3338 mäßige Darstellung zu sein
2880 3326 3327 3381 m Residenztheater mit
2877 3359 3376 3413 keiten zeigt. Auch eine vie
2868 3402 3367 3452 kann das Unausgesprochen
2868 3444 3338 3501 Schnitzlerschen Dialoge
3005 3474 3378 3532 Vor der Handgr
2875 3488 2994 3537 geben.
2869 3520 3385 3584 gänge erschrickt jedes feine
