3532 4256
1071 193 1499 290 box 18/2
369 196 901 332 11. Reigen
644 603 1491 713 FRISCH & Co. VERLAG
880 697 1262 755 WIEN-LEIPZIG
794 754 1359 820 WIEN III. ERDBERGSTR. 3
900 789 1238 872 TELEPHON 45-2-13
1160 1265 2314 1376 Verehrliche Schriftleitung!
943 1438 2975 1526 Der in unserem Verlage erschienene Luxusdruck „Schnitzler: Reigen, mit 10 Radierungen
834 1501 2966 1592 von Stefan Eggeler“ wurde von einem Zollbeamten in Hof (Oberbayern), der sich für zensur¬
822 1574 2968 1657 berechtigt hielt, als unzüchtig beschlagnahmt und dem Landgericht Hof zur weiteren
832 1637 2975 1736 Amtshandlung übergeben. Das Amtsgericht Hof hat demgemäß die Beschlagnahme ausgesprochen
828 1715 2968 1796 und das Strafverfahren gegen uns eingeleitet. Auf den von uns eingebrachten Rekurs erhielten wir
827 1786 2972 1876 von der Strafkammer, Landgericht Hof, die Mitteilung, daß die Beschlagnahme aufgehoben wurde,
837 1843 2953 1933 unter Angabe der nachstehend angeführten Gründe. Da diese Entscheidung auch für die Offentlich¬
829 1914 2977 2006 keit von Interesse ist, stellen wir es Ihnen anheim, das unten angeführte Gutachten in Ihrem
826 1993 1678 2087 geschätzten Blatte zu veröffentlichen.
2310 2004 2738 2102 Hochachtungsvoll
2066 2099 2973 2206 FRISCH & Co. VERLAG
1755 2252 2060 2370 Begl. Abschrift.
2266 2289 2746 2416 Hof, den 14. Januar 1922.
1681 2351 2145 2449 Beschluß
1533 2408 2289 2509 der Strafkammer des Landgerichts Hof.
1187 2502 2683 2599 Der Beschluß des Amtsgerichts Hof vom 17. November 1921 wird aufgehoben.
1732 2559 2093 2665 Gründe:
1188 2647 2747 2719 Das Amtsgericht Hof hat mit vorbezeichnetem Beschluß die Beschlagnaume eines
1077 2706 2737 2761 Exemplars Nr. 224 des im Verlag von Frisch & Co. in Wien—Leipzig erschienen Buches:
1082 2752 2747 2821 „Reigen“, von Arthur Schnitzler, ausgesprochen, da Inhalt und Abbildungen desselben
1078 2799 2746 2864 unzüchtig seien, und das Buch als Beweismittel für die Untersuchung von Bedeutung sei
1086 2845 2601 2910 und der Einziehung unterliege. §§ 184, Z. 1, 41, 42, St.-G.-B., §§ 94, 98, St.-P.-O.
1205 2851 2733 2958 Die von der Verlagsbuchhandlung wirksam dagegen eingelegte Beschwerde ist be¬
1080 2940 2735 3014 gründet. Weder der Inhalt der den „Reigen“ bildenden 10 Dialoge, noch die
1083 2990 2735 3055 10 Illustrationen hiezu nach Radierungen von Stefan Eggeler sind unzüchtig
1088 3049 2737 3113 im Sinne des § 184, Z. 1, St.-G.-B. Das geht schon aus der künstlerischen Form der Dar¬
1085 3086 2740 3150 stellung hervor. Aber auch vom Inhalt kann nicht gesagt werden, daß er ge¬
1088 3128 2746 3199 eignet sei, das Scham- und Sittlichkeitsgefühl des normal empfindenden
1082 3194 2737 3263 Menschen in geschlechtlicher Beziehung zu verletzen. In den Dialogen treten
1099 3247 2738 3299 verschiedene Typen des Wiener Volksiebens auf. Deren in sittlicher Hinsicht allerdings
1081 3282 2747 3350 zum Teil sehr tiefstehende Anschauungen über geschlechtliche Dinge darzustellen, ist der
1086 3329 2741 3401 wahre Zweck der Schrift. Zu berücksichtigen ist auch, daß das Buch in einer kleinen,
1085 3397 2047 3459 numerierten, sehr teueren Ausgabe hergestellt ist.
1208 3414 2752 3498 Trotzdem der Text des Buches schon seit zirka 20 Jahren im Buchhandel erschienen
1086 3475 2736 3543 ist, ist nach Mitteilung der Polizeidirektion München bis jetzt nicht bekannt geworden
1091 3522 2740 3597 daß bayerische Gerichte das Buch als unzüchtig im Sinne des § 184, St.-G.-B., erklärt haben.
2491 3581 2753 3676 Leupoldt
1765 3584 2073 3669 Dr. Thomas
1074 3590 1402 3686 gez. Walber
1739 3648 2103 3726 Zur Beglaubigung.
1670 3695 2169 3778 Hof, den 16. Januar 1922.
1555 3754 2279 3836 Gerichtsschreiberei des Landgerichts.
1142 3747 1273 3865 L. S.
1688 3819 2152 3899 Hallmeier, O.-Sekr.
