3336 4352
883 169 1310 259 box 17/6
186 178 705 271 11. Reigen
678 1682 1394 1766 Das Verbot des „Reigen“.
480 1756 1576 1837 Ungehindertes Stattfinden der heutigen Vor¬
934 1817 1139 1901 stellung.
1192 1852 1576 1922 Wien, 11. Februar.
550 1902 1604 1961 Das Aufführungsverbot von Schnitzlers
479 1949 1606 2021 „Reigen“, das die Bundesregierung erlassen hat, steht
476 2007 1600 2058 aufrecht; aber es hat bisher keine Befolgung gesunden.
468 2055 1602 2114 Die heutige Vorstellung in den Kammer¬
467 2096 1601 2156 spielen wurde anstandslos bis zum
470 2146 1597 2202 Ende durchgeführt, und die Direktion dieser
468 2194 1594 2258 Bühne, der das Verbot bisher nicht zugestellt wurde,
476 2240 1606 2291 versendet eine Anzeige, derzufolge die heiß umstrittenen
465 2287 1605 2346 Dialoge allabendlich auf den Spielplan der kommenden
464 2335 1597 2388 Woche gestellt wurden. Bis Montag den 14. d., besagt
474 2383 1600 2443 diese Ankündigung des weiteren, seien sämtliche Eintritts¬
481 2429 1602 2494 karten vergriffen. Der Streit zwischen Bundesregierung
487 2478 1594 2541 nd Landesregierung, geht gegenwärtig weniger um
480 2531 1596 2582 prinzipielle Fragen künstlerischer oder ethischer Natur, als
468 2573 1604 2628 vielmehr um die Befugnisse, welche beide Instanzen vom
474 2624 1603 2683 verfassungsrechtlichen Standpunkte aus für sich in Anspruch
480 2672 1601 2731 nehmen. Im Wiener Landtag hat Landeshauptmann und
469 2710 1606 2771 Bürgermeister Reumann heute unter dem lebhaften
479 2764 1609 2822 Beifall seiner Parteigenossen, gleichzeitig allerdings unter
478 2817 1598 2872 ebenso stürmischen Widerspruch der Christlichsozialen, in
482 2860 1596 2915 dem Vorgehen des Bundesministers Dr. Glanz eine
474 2902 1594 2969 Verletzung der Gemeindeautonomie gebrandmarkt. Der
478 2949 1593 3015 Minister sei nicht berechtigt gewesen, über den Kopf der
483 2999 1593 3055 Landesregierung hinweg eine von dieser letzteren erteilte
477 3042 1593 3100 Aufführungsbewilligung außer Kraft zu setzen. Während
458 3090 1615 3174 man sich im Rathause auf die weiter zu Recht bestehende
984 3160 1219 3296 8
676 3246 777 3334 M
1638 97 2783 188 als verantn Gunderhant
1660 171 2794 233 tadt Wien einen Kompetenzkonflikt gewiß nicht leichten
1652 219 2799 282 Herzens heraufbeschwören, sondern nach reiflicher Prüfung
1652 263 2786 321 der Gesetzeslage seinen bisher eingenommenen Standpunkt
1650 309 2791 378 der Auffassung des Bundesministeriums akkomodieren
1644 352 1772 416 werde.
1726 405 2793 467 Man rechnet damit, daß dieser Konflikt zwischen der
1637 455 2777 512 Bundesregierung und dem Bürgermeister als Landes¬
1659 501 2785 570 hauptmann von Wien=Land in freundschaftlicher Weise
1650 552 2788 621 beigelegt werden dürfte und daß das Verbot der „Reigen“¬
1649 596 2782 648 Aufführung vom Bürgermeister Reumann an die Polizei¬
1655 642 2352 704 direktion weitergeleitet werden wird.
1638 704 2798 766 Die heutige Rede des Ministers Dr. Glauz im
2044 746 2376 810 Nationalrate.
1736 789 2795 868 Bundesminister Dr. Glanz hatte heute abend eine
1643 848 2795 924 Konferenz mit dem Bundeskanzler Dr. Mayr, in der
1648 900 2788 958 die heutigen Vorfälle im Nationalrate besprochen worden
1655 946 2791 1019 ind. Bei diesem Anlasse konnte festgestellt werden, daß
1649 1000 2793 1051 dem Bundesminister Dr. Glanz bei seiner heutigen Rede
1646 1042 2789 1103 im Nationalrate jede Provozierung irgenduner Partei
1654 1090 2791 1150 fernlag und daß er auch mit dem von sozkaldemokrati¬
1656 1139 2795 1206 schen Rednern und Zwischenrufern am meisten be¬
1648 1189 2705 1255 anstandeten Schlußpassus seiner Ausführungen nicht
2721 1194 2792 1255 die
1645 1233 2682 1303 Absicht hatte, gegen seine Beuteitung der Sache vom
2705 1236 2778 1299 ver¬
1646 1279 2676 1350 fassungsrechtlichen Standpunkte die Kritik abzulehnen,
2721 1290 2784 1347 on
1639 1335 2678 1410 dern nur von dem Gesichtspunkte der Eignung
2717 1334 2795 1412 des
1639 1379 2373 1450 „Reigen“ zur öffentlichen Aufführung.
1741 1439 2684 1517 Die heutige Aufführung des „Reigen“
1717 1488 2786 1566 Der Direktion des Deutschen Volkstheaters und der
1636 1536 2788 1615 Kammerspiele war bis zur Stunde des Theaterbeginnes
1645 1592 2783 1659 keinerlei amtliche Mitteilung über das von der Bundes¬
1641 1648 2784 1701 regierung verfügte Verbot zugekommen. Direktor Bernau
1628 1687 2786 1753 hatte im Laufe des Nachmittags aus eigener Initiative
1638 1745 2784 1804 im Polizeipräsidium vorgesprochen, wo ihm dem Ver¬
1637 1783 2774 1851 nehmen nach mitgeteilt wurde, daß die Polizei nur im
1637 1831 2771 1891 Falle von Ruhestörungen oder lärmenden Demonstra¬
1627 1887 2770 1942 tionen einzugreifen gedenke. Die Landesregierung hatte
1633 1936 2783 1993 nämlich, wie der Landeshauptmann heute im Wiener
1639 1981 2788 2040 Landtage mitteilte, den Erlaß des Bundesministers Doktor
1635 2026 2774 2078 Glanz nicht an die Polizeidirektion weitergeleitet. Immer¬
1634 2075 2775 2138 hin war die Sicherheitswache vor dem Theater verstärkt
1633 2122 2766 2181 worden und man hatte Vorsorge getroffen, daß nur die
1640 2167 2768 2234 Besitzer von Theaterkarten in das Gebäude selbst gelangen
1631 2218 2771 2276 konnten. Zu diesem Zwecke war die Passage, die von der
1631 2263 2771 2329 Rotenturmstraße zum Eingange der Kammerspiele führt,
1641 2317 2779 2385 polizeilich abgesperrt worden. Das Haus war von Theater¬
1629 2361 2771 2424 besuchern, die ihre Karten bereits im Vorverkaufe gelöst
1633 2411 2783 2463 hatten, besetzt und die Vorstellung verlief bei einiger
1630 2458 2772 2526 leicht begreiflicher Nervosität von Darstellern und Zu¬
1642 2499 2770 2563 hörern ohne jeden Zwischenfall. Auch das Straßenbild
1630 2559 2769 2637 vor dem Theater wies keinerlei ungewöhnliche Momente
1635 2595 1725 2659 auf.
1807 2650 2606 2731 Aeußerungen Direktor Bernaus.
1708 2716 2770 2784 Direktor Bernau widerspricht der Begründung des
1644 2745 2770 2833 Aufführungsverbotes mit Rücksicht auf die öffentliche
1636 2809 2774 2885 Ordnung. Davon könne um so weniger die Rede sein, als
1636 2864 2773 2919 alle bisherigen Vorstellungen, auch die heutige, ohne
1648 2910 2774 2970 rgendwelche Störungen seitens des Publikums verlaufen
1645 2958 2769 3030 eien. Herr Bernau verweist auf die Lohnverhandlungen,
1636 3008 2767 3059 die er gegenwärtig mit den Delegierten des Bühnen¬
1632 3060 2773 3103 vereines führe. Angesichts der zu gewärtigenden weiteren
1624 3105 2769 3175 Belastung seines Betriebes empfinde er dessen Erschwerung
2409 3539 2718 3636 Wien, Samstag
1792 3547 2052 3642 Nr. 20280
1754 3640 2889 3706 durch das Verbot im Falle seiner wirklichen Durchführung
1753 3700 2883 3752 ungemein empfindlich. Direktor Bernau wirft ferner die
1759 3730 2875 3803 Frage auf, ob die Behörden, beziehungsweise die Bundes¬
1761 3789 2872 3844 regierung es nicht bei Aenderungen in der Inszenierung
1758 3842 2884 3893 bewenden lassen können. Er schlägt statt der Verdunklung
1744 3874 2867 3944 der Bühne das jedesmalige Fallenlassen des Vorhanges
1749 3922 2872 3986 vor und will auf Plakaten und Programmen des „Reigen“
1752 3968 2878 4045 fernerhin einen Vermerk aufnehmen, der Jugendliche
1752 4025 2873 4092 ausdrücklich von dem Besuche der Vorstellung ausschließt.
