3336 4416
217 383 565 482 Wien, Samstag
112 481 777 543 usheben. Dann hätte sich der
115 539 779 587 hließen, ob er diesem Auftrage des
57 541 116 593 t
121 575 778 631 will oder nicht. Herr Glanz hat
112 620 775 678 andeshauptmannes hinweg und der
54 665 677 721 eslauptmannes entgegen direkt
132 703 770 761 eine flagrante Verletzung
79 745 770 819 sübst im alten Oesterreich un¬
52 809 773 883 unk die bekannte Affäre des steirischen
60 874 777 927 ten Peinlich zur Sprache und übt
107 913 776 972 halten des Ministers auch in dieser
58 920 104 970 Be
62 956 779 1009 mmenhang damit bemerkt er: Glauben
55 1001 782 1065 um fähig und berufen ist, auf diesem
63 1043 785 1100 ni Sie, Herr Minister, nicht, daß Sie
55 1088 775 1147 tes haben, aber daß Ihnen die zur
88 1131 778 1181 des Innern in so ernster Zeit
66 1167 781 1226 rikein Fehler sein, im Gegenteil, Sie
69 1213 771 1276 ächneter Literaturkenner und Aesthet
86 1259 773 1325 fühlen, Werturteile abzugeben über
111 1302 774 1347 und den christlichen Kernstock, viel¬
98 1342 784 1392 chöne Feuilletons über Theaterstücke
70 1383 784 1444 ten Sie erkennen, daß Sie auf dem
84 1424 779 1481 isters für Inneres unmöglich sind.
95 1469 778 1522 hler, zu dem vielen Unglück, daß wir
96 1518 778 1579 noch das hinzuzufügen, daß man die
67 1542 435 1612 en Beamten plagt.
66 1587 783 1650 krifft, so wird der Landeshauptmann
77 1639 776 1699 ien dem Minister die gebührende
113 1679 775 1740 Ich glaube kaum, daß er seine Zu¬
75 1719 787 1780 it. Wir kennen den Landeshauptmann
70 1767 785 1817 ruhigen, besonnenen Mann. Er wird
72 1812 775 1864 n Glanz beliebt und ob er wegen einer
70 1849 616 1910 mismäßig untergeordneten
616 1847 785 1912 Frage
89 1894 788 1958 rfassungskampf zu er¬
497 1925 793 1990 diesen
71 1936 496 1995 n er aber
73 1974 785 2032 mpfunternimmt, dann
74 2017 776 2077 sfechten. Wir werden daran denken.
96 2061 785 2117 größeren und wichtigeren Fragen
67 2109 773 2163 einmal gestatteten, daß ein wichtiges
66 2146 784 2195 rd. Wir werden es nicht dulden, daß
63 2183 778 2241 übrigen Ländern einem selbstherrlichen
57 2229 776 2281 liefert ist, die Arbeiterschaft von Wien
59 2271 791 2330 chen christlichsozialen Bundesminister.
60 2313 785 2386 nd Händeklatschen bei den Sozial¬
58 2412 682 2488 für den Präsidenten Seitz.
66 2467 783 2530 nghofer: Abgeordneter Seitz hat
67 2518 778 2582 Inneres als einen unfähigen Beamten
71 2574 781 2619 für eine Ungehörigkeit, für ein
56 2609 788 2665 nentarischen Ausdrucksweise und rufe
70 2655 785 2708 Seitz deshalb zur Ordnung
55 2691 784 2767 Christlichsozialen. — Zwischenrufe bei
56 2761 777 2849 zialdemokrat): Wollen Sie nicht den
51 2818 191 2878 aufen?
53 2836 778 2916 nghofer: Da kein Redner mehr zum
62 2903 783 2974 ie Debatte über diesen Gegenstand ge¬
64 2946 237 3012 chenrufe.)
58 2991 472 3080 ifere Opposition.
57 3053 782 3122 bg. Sever wird beschlossen, die Gesetz'
53 3120 786 3166 Verlegung des Sitzes von Aktiengesell¬
706 3152 787 3206 von
59 3145 707 3210 betreffend die Außerkraftsetzung
57 3202 788 3251 igen, die mit dem fünften Teile des
66 3239 771 3288 t.= Germain nicht im Einklang stehen
63 3278 784 3347 Fnovelle einer ersten Lesung
81 3387 767 3462 Ordnungsrufes für Minister
66 3435 338 3517 Dr. Glanz.
87 3485 782 3564 Der Bundesminister für Inneres hat
63 3548 785 3607 ßerung gebraucht, die ich genau gehört
66 3590 777 3639 deutlichen und unzweideutigen Spitz
51 3632 783 3684 ie von unsrer Partei an ihm geübt
82 3676 787 3743 das Urteil darüber allen anständigen
63 3782 792 3844 ige, die mich nicht erreichten. Ich hätte
67 3835 784 3894 sen, seine Stimme zu hören. Er tat es
62 3882 795 3936 erteidiger: „Und so muß man es, hohes
76 3926 781 3992 nennen, meinen Klienten der Preis¬
74 3971 794 4036 einen Mann, der nach dem Gutachten
59 4020 793 4084 errn Sachverständigen... Niemand
54 4062 787 4121 ungskosten Schuhösen haben. Da ist
64 4108 784 4177 Schwund, da ist ein Waggon zu berück¬
62 4152 798 4206 thließlich für den Schuster an der Ecke
1134 390 1675 453 Neues Wiener Tagblats.
808 469 1976 536 Menschen. Diese Aeußerung wurde in einem Ton und in einer
816 528 1966 580 Weise vorgebracht, die über ihren Sinn keinen Zweifel übrig
812 578 1971 621 ieß. Der Präsident hat es nicht für notwendig erachtet, diese
813 607 1970 666 Beleidigung, die der Minister einer großen Partei des Hauses
800 652 1975 711 zugefügt hat, zu rügen. Auf Grund des § 76 der Geschäfts¬
814 696 1979 744 rdnung verlange ich, daß der Minister des Innern zur
800 734 1965 792 Ordnung gerufen werde. (Lebhafter Beifall bei den
900 798 1974 878 Präsident Dr. Dinghofer: Ich möchte zunächst fest¬
808 857 1964 920 stellen, daß ich während der Rede des Ministers des Innern
807 909 1966 959 nicht anwesend war und daher auch ein persönliches Urteil
812 949 1965 996 darüber nicht abgeben kann. Soviel ich aber aus den Aus¬
811 992 1973 1045 führungen des Abg. Dr. Bauer entnehme, muß ich entscheiden,
810 1030 1965 1098 daß ich nicht in der Lage bin, dem Herrn Minister wegen
813 1078 1735 1126 dieser Aeußerung einen Ordnungsruf zu erteilen.
897 1099 1963 1160 Abg. Seitz: Ich finde es höchst sonderbar, daß der Präsi¬
809 1154 1962 1206 dent, der soeben einen Ordnungsruf für einen Ausdruck erteilt
813 1196 1965 1247 hat, den man vielleicht als eine Wertung von Fähigkeiten be¬
810 1238 1968 1287 zeichnen kann, den Ordnungsruf gegenüber einem Ausdruck
806 1276 1900 1327 verweigert, durch den die moralischen Qualitäten andrer
1923 1279 1970 1328 in
1890 1313 1961 1370 für
805 1315 1892 1369 Frage gezogen werden. Ich halte eine solche Entscheidung
805 1364 1968 1418 ganz unzulässig. Man kann ein gane anständiger Mensch
811 1439 1961 1496 und es ist daher noch lange keine so schwere Beleidigung, jemand
803 1486 1963 1540 der Unfähigkeit zu zeihen, als wenn man sich in der Argumenta¬
810 1527 1964 1590 tion gegen jemand auf die Zustimmung aller anständigen
810 1568 1828 1626 Menschen beruft und ihn so der Unanständigkeit zeiht.
896 1585 1970 1649 Präsident Dr. Dinghofer: Ich habe keine Ver¬
801 1641 1962 1705 anlassung, eine andre Entscheidung zu treffen, und bleibe bei
813 1687 1785 1747 meiner ersten Entscheidung. (Lebhafte Zwischenrufe.)
896 1731 1962 1785 Die Sitzung wird hierauf geschlossen. — Der Termin der
809 1764 1972 1822 nächsten Sitzung wird im schriftlichen Wege mitgeteilt werden.
844 1868 1944 1961 Stürmische Debatte im Wiener Landtag.
897 1942 1961 2015 In der gestrigen Sitzung des Wiener Land¬
807 1997 1972 2051 tages wurde, wie zu erwarten war, das Verbot der
810 2044 1975 2099 Aufführung von Schnitzlers „Reigen“ gleichfalls zur
810 2092 1956 2144 Diskussion gestellt. Den Anlaß dazu gab ein von sozial
810 2140 1973 2199 demokratischer Seite eingebrachter Dringlichkeitsantrag,
812 2186 1895 2242 der von Speiser und Genossen vertreten wurde.
905 2231 1311 2303 Der Antrag lautet:
1195 2288 1593 2365 Die Inserpellation.
894 2345 1965 2417 „Dem Vernehmen nach hat der Bundesminister für
811 2394 1974 2453 Inneres und Unterricht die weitere Aufführung des Theater¬
812 2448 1571 2497 stückes von Schnitzler „Reigen“ verboten.
896 2482 1961 2543 Nach der Theaterverordnung vom 14. November 1850
814 2520 1970 2586 3, bedurf jede Bühne. produktion vor ihrer ersten Dar¬
816 2574 1968 2620 tellung der Aufführung bewilligung von seiten des Statt¬
810 2619 1965 2674 halters. Nach § 5 kann die erteilte Bewilligung aus Gründen
815 2661 1973 2706 der öffentlichen Ordnung jederzeit zurückgenommen
810 2695 1963 2747 werden. Zuständig zur Erteilung einer Aufführungsbewillt¬
814 2739 1966 2795 gung und zur Zurück ahme der Bewilligung ist somit der
821 2784 1971 2833 Statthalter. Nach dem neuen Bundesverfassungsgesetz ist
815 2826 1971 2876 an Stelle des Statthalters der Landeshauptmann getreten.
810 2866 1966 2915 Das Verbot des Bundesministers für Inneres und Unter¬
811 2911 1973 2960 richt greift also in die Kompetenz des Landes.
818 2946 1977 2998 hauptmannes ein. Ich stelle daher den Antrag: Der Herr
800 2992 1969 3034 Bür ermeister als Landesheuptmann wolle die
809 3023 1971 3077 Autonomie des Landes Wien gegen jedweden
819 3064 1959 3137 Cingriff der Bundesregierung energisch wahren.
900 3108 1969 3164 Die Gemeinderätin Frau Dr. Seitz=Motzko begleitet
809 3152 1968 3206 die Verlesung dieses Dringlickk itsantriges mit lebhaften Pfui¬
815 3195 1975 3250 rufen und fängt auch kurze Zeit mit ihrer Pultlade zu klopfen
810 3238 1969 3292 an. Auch andre Mitglieder der Minorität begleiten die Ver¬
817 3278 1487 3351 lesung mit lebhaften Zwischenrufen.
1262 3329 1532 3399 Die Debatte.
906 3372 1980 3441 Dem Antrage wird die Dringlichkeit zuerkannt.
808 3427 1971 3479 Gemeinderat Speiser führt in Begründung seines An¬
913 3504 1973 3562 Das Verbot des Bundesministers für Inneres und Unter¬
817 3548 1982 3612 richt stellt den ersten Versuch eines Eingriffes in
814 3597 1971 3647 die Autonomie des Landes Wien dar. Der Gegen¬
824 3640 1971 3696 tand, an dem sich dieser Eingriff vollzieht, ist eigentlich für
822 3686 1975 3739 neinen Dringlichkeitsantrag ohne Belang. Redner ver¬
823 3726 1976 3774 veist darauf, daß seine Partei für eine zentralistische Bundes¬
824 3770 1976 3821 erfassung der Republik Oesterreich gekämpft habe, aber
826 3816 1979 3861 chließlich sich fügen und der autonomistischen Gestaltung der
816 3855 1975 3908 Republik zustimmen mußte. „Nun aber sind wir selbstverständ¬
826 3896 1972 3948 ich entschlossen, die autonomen Rechte, die dem Lande Wien
819 3938 1981 3993 durch die Bundesverfassung gewährleistet sind, zu verteidigen;
824 3981 1971 4032 vir werden nicht zugeben, daß ein Bundesminister die Rechte
824 4021 1976 4074 dieses freien und autonomen Landes und seines Landeshaupt¬
827 4068 1983 4114 nannes einfach wegeskamotiert. Niemals hätte es dieser Herr
813 4110 1977 4158 Bundesminister gewagt, etwa mit dem Herrn Landeshauptmann
819 4150 1972 4197 von Vorarlberg oder Tirol so zu verfahren, wie er es sich gegen
2174 376 2551 443 12. Tebruer 1921.
2977 375 3143 450 Nr. 42
2002 465 3173 538 Redner beantragt, den Sachverhalt zu prüthen und dem
2006 528 3177 577 Gemeinderat darüber Bericht zu erstatten. (Besfall bei den
2010 569 2336 630 Thristlichsozialen.)
2049 612 3119 702 Eine Erklärung des Landeshauptmannes Neumann.
2084 685 3163 750 Landeshauptmann Reumann bedauert es, daß der
2000 723 3168 795 Anlaß zu dieser Debatte über ein wichtiges Verfassungsrecht
2005 778 3166 827 die Ursache in der Aufführung des „Reigen“ hat. Er hätte ge¬
1999 817 3164 873 wünscht, daß ein wichtigerer Anlaß dazu Gelegenheit
2001 868 3163 919 gegeben hätte. Da nun diese Frage so vom Zaune gebrochen
2001 909 3177 961 wurde, so müsse er vor allem darauf verweisen, daß in den ver¬
2010 944 3165 1005 chiedensten Tingel=Tangels die Sittlichkeit verletzt werde. (Zu¬
2007 988 3170 1041 timmung bei den Sozialdemokraten. Die christlichsozialen Ge¬
2008 1034 3166 1087 neinderäte machen in zahlreichen Zwischenrufen Einwendungen.)
2083 1070 3176 1127 Landeshauptmann Reumann: Denken Sie nur an den
1997 1105 3168 1169 Wimberger! Die Erinnerung an die Madame Aschanti
2005 1157 3167 1216 st Ihnen sehr zuwider. (Zustimmung bei den Sozialdemokraten
2003 1197 3175 1255 Heftige Gegenrufe der Christlichsozialen.) An mich ist die Frage
1995 1244 3176 1284 gestellt worden, warum ich die Aufführung des „Reigen“ ge¬
2003 1282 3176 1329 stattet habe. Der Zensurbeirat hat gegen die Aufführung nichts
2005 1326 3171 1382 eingewendet. Der ehemalige Vizepräsident der Statthakterei
2006 1365 3164 1426 Tiels und Herr Glossy haben dagegen nichts eingewendet
2002 1407 3171 1457 und nun verlangt man von einem Sozialdemokraten als Lan¬
1993 1450 3180 1499 deshauptmann, der ein Gegner der Zensur überhaupt ist, haß
2007 1488 3172 1544 r die Aufführung verbieten solle. Kein Skandal der
1997 1528 3174 1593 Welt wird mich dazu bringen, daß ich die Auf¬
2000 1574 3177 1623 führungen des „Reigen“ verbiete. (Wawerka
2004 1610 3170 1686 christlisozial): Zusperren die Schieberlokale! Preyer (christ¬
2001 1660 3010 1717 lichsozial): Wir lassen uns dieses Stück nicht gefallen!)
2093 1691 3179 1759 Ich stehe auf dem Standpunkte, daß jeder einzelne berufen
2008 1715 3165 1792 st dazu, das Verfassungsrecht der Stadt Wien nicht schänden
1996 1787 3167 1840 zu lassen, und das würde geschehen, wenn man einer Vorschrift
1994 1831 3171 1877 zustirnen würde, die von einem Mann gegeben wird, der nichts
2006 1873 3167 1927 u diktieren hat. Ich habe also keine Ursache, mich zu
1988 1909 3166 1957 dem Bedienten des Herrn Glanz herabzuwür¬
1994 1954 3166 2011 digen. (Rufe bei den Sozialdemokraten: Bravo! Sehr richtig!)
2009 1995 3168 2046 Ich habe, gestützt auf die staatliche Verordnung vom November
2002 2031 3180 2086 1850, dem Herrn Glanz bereits einmal gesagt, daß ich seinem
1994 2081 3179 2128 Gebote nicht Folge leisten werde. Herr Glanz hat mir in
1998 2112 3176 2173 beispielloser Ueberhebung einen Erlaß zugesandt, in dem er
2000 2155 3160 2224 am Schlusse verlangt, daß ich die Aufführungs¬
1995 2207 3179 2259 bewilligung des „Reigen“ außer Kraft setze. Hiezu
1994 2246 3176 2324 hat Herr Glanz kein Recht und man kann auch einer
1995 2289 2707 2352 solchen Rechtsbeugung nie zustimmen.
2009 2340 3017 2422 Die Amwort des Landeshauptmannes an das Bi
2459 2386 2717 2454 ministeriem.
2085 2436 3168 2504 Ich habe dem Derrn Glanz folgende Ankwort erteilt
2001 2487 3175 2554 „Durch Bericht seitens der Magistratsabteilung 55 bin sh in
2002 2533 3166 2595 Kenntnis gesetzt worden, daß mit dem an diese gerichteren Er¬
2008 2582 3171 2646 asse des Bundesministeriums für Inneres und Unterrich vom
2002 2626 3167 2682 10. Februar 1921 die mit Ihrer Entscheidung erreilte Auf¬
2011 2665 3169 2724 ührungsbewilligung für das Bühnenwerk „Reigen“ von Artur
2004 2706 3169 2768 Schnitzler außer Kraft gesetzt und die weiter Aufführung
2006 2751 3175 2808 untersagt wurde. Nach der Thoaterverornung dem 14 Ro¬
2003 2800 3162 2850 vember 1850 bedarf jede Bühnenproduktion vor ihrer ersten
2008 2837 3165 2894 Darstellung der Aufführungsbewilligung von seiten des Statt¬
2008 2883 3167 2940 halters. Nach § 5 kann die erteilte Bewilligung aus Beweg¬
2000 2925 3068 2984 gründen der öffentlichen Ordnung jederzeit zurückgenen
2006 2971 3163 3020 werden. Nach § 7 steht dem Theaterunternehmer gegen die Kut¬
2009 3014 3127 3065 scheidung des Statthalters der Rekurs an den Minister
2003 3056 3175 3109 Innern zu. Aus diesen gesetzlichen Bestimmungen gebt hernor,
2003 3098 3162 3151 daß die Untersagung der weiteren Aufführung abbereich¬
2006 3141 3180 3195 neten Bühnenwerkes nicht vom Bundesministerium
2003 3180 3168 3238 für Inneres und Unterricht ausgeben kann. Die
2008 3219 3173 3281 Magistratsabteilung 55 wurde von mir beauftratt, mit der exe¬
2001 3266 3163 3317 lutiven Durchführung des dienstämtlichen Erlas### im Wege
2009 3315 3169 3372 der Polizeidirektion innezuhalten. An Stelle des Statthalters
2000 3354 3165 3407 ist nun nach den Verfassungsgesetzen der Lan##ann von
2005 3394 3167 3449 Wien getreten. Ich werde als Landeshauptmang von dem mir
2001 3442 3167 3495 zustehenden Rechte um kein Jota abweichen. Das ist die
2008 3480 3173 3529 Entscheidung, und nan soll Herr Glanz das Gesetz verletzen.
2086 3529 3165 3582 Gogen Schluß der Rede des Landeshauptmannes, die zun
2005 3551 3170 3620 großen Teil von Gegenrufen der christlichsozialen Gemeinderäte
2010 3617 3163 3664 begleitet war, steigern sich die Gegenrufe immer mehr. Die
2020 3652 3169 3707 Sozialdemokraten rufen dem Bürgermeister am Schlusse seiner
2013 3697 3162 3757 Rede lebhafte Beifallsbezeigungen zu. Es werden Rufe laut:
2008 3738 2814 3797 Nieder mit der Regierung! Abzug Glanz!
2097 3758 3162 3840 Kunschak (christlichsozial): Der Herr Landeshauptmann
2009 3822 3161 3873 hat als stärkstes Argument zum Schutze der Ehre der Gemeinde
2002 3870 3161 3920 Wien es nicht gegen seinen Geschmack gefunden, zu verweisen
2004 3905 3160 3958 auf einen Fall, der sich vor einem Vierteljahr¬
2009 3947 3171 3999 hundert in Wien ereignet hat und in dem er einen Mann
2006 3996 3161 4048 genannt hat, über dessen Leib schon seit fünfzehn Jahren der
2009 4031 3170 4089 Rasen liegt. Der Herr Landeshauptmann hat es mit seinem
2007 4072 3159 4123 Geschmack vereinbarlich gefunden, dies Argument zu gebrauchen
2008 4118 3173 4163 obwohl er wissen mußte, daß der Mann, der das erstemal dieses
2007 4155 3174 4202 Argument gegen den verstorbenen Abgeordneten Gregorig
