3436 4224
276 93 792 192 11. Reigen
974 99 1383 179 box 17/1
888 1894 1731 2003 □ Eheater und Musik. 2%2
1010 1965 1574 2042 Schnitzlers „Reigen“.*)
924 2013 1742 2094 Nun ist auch in Teltschland der Zensor ühfer
835 2069 1739 2125 Schnitzlers „Reigen“ gekommen; jedenfalls ist
835 2113 1750 2166 dieses Verbot ein hinkender Bote, denn so und
831 2165 1744 2220 soviele Auflagen — ich glaube mehr, als irgend
1609 2205 1740 2259 — sind
836 2202 1606 2249 ein anderes Buch von Schnitzler erlebte
845 2288 1744 2341 blauen Bände mit den sezessionistischen Orna¬
846 2332 1736 2380 menten und schwer zu entziffernden Buchstaben
836 2374 1739 2420 der Ueberschrift aus dem „Wiener Verlag“ haben
846 2415 1739 2464 sich mit verblüffender Geschwindigkeit ihr Lese¬
839 2460 1741 2516 publikum erobert. Sie bereichern die Bibliothek
841 2504 1741 2553 jüngerer und älterer Lebemänner, sie fanden aber
838 2586 1738 2640 Es ist immer denkbar, etwas noch nicht da¬
839 2626 1748 2674 gewesenes zu bringen. Und in gewissem Sinne
840 2670 1738 2722 können wir Schnitzlers Buch so nennen, obgleich
840 2711 1738 2766 er uns durchaus nichts neues erzählt. Ich meine
836 2758 1742 2809 er besitzt wie kaum einer vor ihm den Mut, alles
846 2794 1751 2849 zu sagen. Doch davon abgesehen! Betrachten wir
923 2932 966 2974 *)
975 2923 1749 2978 Ohne uns mit dem Urteil vollständig zu
836 2965 1737 3017 identifizieren, teilen wir hier doch gern die Gedanken
845 3004 1733 3047 einer feinsinnigen modernen Frau über das vielum
845 3045 1354 3103 strittene Buch Schnitzlers mit
1557 3041 1713 3092 D. Red.
1896 523 1946 581 1
1953 503 2871 580 kennt jedermann. Auch will ja dies keine er¬
1958 569 2860 617 schöpfende Kritik sein, nur ein paar Geleitworte
1959 612 2865 656 möchte ich dem „Reigen“ mitgeben bei seinem
1970 646 2858 701 Untertauchen in — die Vergessenheit. Denn soviel
1960 688 2863 740 man auch heute noch davon spricht, so gewiß
1963 738 2864 788 wird er in einigen Jahren spurlos= vom Schau¬
1955 776 2867 831 platze verschwunden sein. Denn ist die Luft an
1970 813 2862 865 em noch nicht dagewesenen einmal gestillt, was
1957 855 2859 907 bleibt dann noch übrig? — Schnitzlers Anhänger
1954 903 2860 953 loben die Natürlichkeit des Dialoges, und mit
1954 946 2862 1001 Recht. Jedes Wort, sei es nun der Dirne oder
1956 985 2854 1039 der jungen Frau, dem Soldaten oder dem Grafen
1952 1027 2867 1082 in den Mund gelegt, könnte wirklich genau so
1953 1073 2865 1129 gesprochen worden sein. Aber da fällt mir
1964 1126 2807 1179 leider ein, was Paul Goldmann neulich sagte
1955 1153 2867 1201 auch von einem unserer Großen: ... „In
1957 1203 2868 1253 Wirklichkeit aber beweist ein Antor, der 5 Akte
1969 1241 2859 1305 hier 10 Dialoge) lang Gewöhnliches sprechen
1959 1283 2859 1330 läßt, damit wohl nur, daß er nichts Ungewöhn¬
1960 1323 2868 1372 liches zu sagen weiß.“ Freilich, etwas Bedeu¬
1955 1364 2867 1422 tendes konnte Schnitzler seinen Reigenhelden nicht
1957 1413 2857 1459 in den Mund legen, denn in Situationen wie
1958 1454 2871 1505 die, in welchen er sie reden läßt, pflegt man,
1955 1494 2866 1538 wenn man überhaupt, so doch gewiß, nicht geist¬
1955 1533 2866 1581 reich zu reden. Uebrigens wird der Autor als
1968 1584 2860 1632 echter Naturalist auch den Momenten des Schwei¬
1954 1617 2866 1681 gens gerecht. Sie werden gekennzeichnet durch
1962 1664 2612 1708 lange Reihen von Gedankenstrichen
1960 1699 2854 1757 Mein Vorwurf richtet sich also nicht gegen die
1954 1742 2858 1799 Darstellung, sondern bloß gegen den Gegenstand,
1959 1789 2868 1849 der keiner ist. Das sind Photographien aus dem
1954 1831 2165 1888 Leben —
2184 1833 2794 1891 aus den tiefsten Tiefen desselben
1959 1873 2859 1925 welche der Amateur in seiner Schublade be¬
1959 1910 2864 1971 wahren mag, wenn es ihm Vergnügen macht,
1952 1958 2866 2009 die er aber dem Publikum nicht preisgeben sollte.
1961 1999 2860 2051 Schnitzler dürfte dies selbst empfunden haben,
1951 2039 2864 2097 denn schon 1896—97 ist der Reigen entstanden,
1949 2084 2855 2132 und erst im Sommer 1903 gelangte er in die
1956 2127 2852 2183 Oeffentlichkeit. Die Bilder sind eben gelungen
1958 2166 2861 2224 und es mochte dem Dichter leid tun, sie dem
1950 2207 2860 2262 Publikum vorzuenthalten. Er vergaß dabei nur,
1956 2254 2866 2302 daß eine gute Photographie eben noch lange kein
1950 2299 2864 2354 Kunstwerk ist. Auch der verständige Photograph
1954 2337 2864 2384 soll ja mit scharfem Blick das Charakteristische
1950 2384 2854 2436 jeder Persönlichkeit erfassen und trachten, es
1950 2428 2854 2480 möglichst zur Geltung zu bringen. Der Künstler
1943 2463 2854 2522 hingegen gibt von seiner eigenen Auffassung
1949 2502 2861 2553 dazu, von seiner Individualität. Nun von Schnitz¬
1955 2549 2850 2595 lers Individualität ist in diesem Werke nicht
1950 2592 2856 2646 viel zu verspüren. Ich habe es als das Werk
1952 2634 2858 2705 seiner Reife preisen hören — seiner Mannesreife
1952 2679 2756 2727 vielleicht, seiner Dichterreife gewiß nicht ..
1955 2716 2843 2771 Unseren geistreichen Schnitzler erkennen wir höch¬
1948 2758 2851 2806 stens an der sinnreichen Anordnung der Personen
1940 2801 2856 2854 (daher der Titel „Reigen"). Ein guter Einfall
2021 2844 2856 2902 nicht weniger, nicht mehr. Das Wenige
1938 2885 2076 2936 aber,
2080 2887 2844 2944 welches, uns von eigener Lebens¬
1944 2929 2841 2984 auffassung des Dichters aus seinem Werke ent¬
1948 2978 2850 3024 gegentritt, gehört einem blasierten Cyniker, der
1945 3018 2844 3065 sich mit den traurigen Wahrheiten des Lebens
1935 3055 2843 3102 längst abgefunden hat und nun mit Behagen
1935 3099 2848 3149 durch seine Brille blickt und sich nicht einmal
1936 3144 2846 3187 Zeit nimmt, sie hie und da ein wenig zu putzen.
1942 3181 2843 3232 Sicher gibt es Weiber und Männer, wie sie uns
1938 3223 2839 3268 im „Reigen“ entgegentreten. Viele sind so, viel¬
1933 3261 2249 3321 leicht die meisten
2252 3264 2836 3317 — aber nicht alle. Jedes echte
1942 3310 2846 3361 Dichtwerk aber ist vielseitig wie die Namr selbst.
1942 3354 2836 3408 So hat Schnitzler auch der Naturwahrheit nicht
1939 3389 2836 3443 seinen vollen Tribut entrichtet, trotzdem er der
1925 3433 2834 3484 Natur auf Kosten der Kunst ein weites Feld
1937 3477 2846 3528 einräumte. Und es ist dies auch gar nicht möglich.
1928 3514 2839 3587 Denn schließlich ist alle Kunst doch nur Illusion.
1932 3556 2485 3620 Wozu also solche Illusionen?
2681 3556 2798 3618 E. R.
