3444 4320
459 211 623 265 erkrankt,
468 255 618 306 tis nach
457 291 617 369 Nyon
473 360 612 436 st. Im
500 422 615 477 grün¬
484 468 609 519 Wiener
493 510 615 566 sidium
517 553 615 606 eines
503 640 620 699 g soll
496 682 615 734 n und
496 725 611 778 erben,
507 770 618 821 on u
504 809 618 862 haben
509 853 619 899 sollen
492 891 621 944 öffnet
502 936 613 988 inter¬
543 980 611 1073 110
496 1027 547 1074 e.
501 1053 605 1111 Fran¬
526 1231 609 1284 der
482 1277 614 1330 a und
475 1321 600 1372 nen e
487 1364 611 1415 beran¬
546 1402 618 1453 je
476 1487 605 1565 hwie
443 1556 614 1638 Von der
445 1626 603 1680 gasse 23,
460 1672 600 1724 ersucht:
433 1703 615 1771 ige Leute
542 1759 609 1813 m.
441 1794 612 1855 fte abzu¬
433 1842 603 1896 n darauf
424 1884 608 1952 chtigt ist,
464 1927 612 1984 innehat
424 2011 613 2075 en gegen
440 2057 606 2115 zu miß¬
424 2139 601 2204 telschulen.
419 2194 614 2249 eschlossen,
430 2238 611 2295 inen und
429 2282 608 2353 für das
405 2347 605 2436 nittag er¬
411 2419 606 2473 wen= und
418 2457 598 2514 Präsident
415 2504 599 2562 enverband
421 2592 607 2646 ertretenen
421 2633 599 2689 reisabbau
429 2677 606 2732 ittelte
419 2719 598 2772 chführung
422 2761 607 2820 andle sich
410 2803 604 2861 e Schuhe,
411 2847 605 2901 rden nach
427 2891 605 2945 kalkuliert
434 2933 596 2991 der Kon¬
446 2974 598 3031 kontrol¬
436 3011 598 3079 Minder¬
466 3061 606 3118 müssen
433 3089 592 3159 esonders
437 3147 590 3205 nuß au
436 3191 597 3243 den und
439 3229 590 3289 nKauf¬
438 3274 601 3332 #r werde
438 3318 588 3376 ger Be¬
433 3363 591 3417 rist eine
443 3408 587 3460 nen zu¬
441 3447 602 3507 ssprache
432 3533 602 3607 Minder¬
1821 136 2088 206 een
654 165 1785 224 e 2 und
652 199 1783 269 Arbeitgeber aus Kärnten an die landwirtschaftliche Abteilung
1819 195 2961 271 lichen Schmerzen das Ohr der Oeffentlichseit oft genug
666 243 1789 300 für Arbeitsvermittlung bei der Landesregierung in Klagen¬
1819 247 2950 307 belästigt, wir haben gegen Wedekind und Schönherr und
668 288 1784 349 furt. In den Lohn= und Devutatsätzen für tschecho-slowakische
1824 293 2959 359 Sternheim gewettert, wir haben uns schon zu wieder¬
664 328 1783 396 Wanderarbeiter ist im allgemeinen keine Aenderung gegen
1825 342 2956 400 holten Malen als scheuklappentragende Kunstfeinde pro¬
650 373 1783 435 jene des Jahres 1920 eingetreten. Im Hinblick auf den nahe
1821 388 2954 452 duziert. Diesmal aber sind uns sogar aus Kreisen, die
649 418 1787 487 bevorstehenden Frühjahrsanbau ist größte Eile dringend ge¬
1831 444 2953 498 uns sonst verächtlich zu belächeln pflegten, Bundesgenossen
651 456 770 521 boten.
1825 491 2952 551 erstanden. In Berlin hat sich ein Maximilian Harden
736 483 1781 562 Die Fleckfieberfälle in Wien. Sonntag sind in Wien zwei
1828 534 2950 602 in heller Empörung gegen die dortigen „Reigen“= Auf¬
652 550 1786 602 neue Fälle Fleckfieber festgestellt worden, die Wiener Ein¬
1823 582 2951 654 führungen aufgelehnt und ein Moissi hat sich gar zu dem
651 589 1777 648 wohner betreffen und nicht mit der Artistengruppe in ur¬
655 628 1781 689 sächlichem Zusammenhang stehen. Di se Personen scheinen
1826 631 2952 687 Ausspruche verstanden, jede Schauspialerin, die im
651 677 1780 728 von aus dem Norden zugereisten Personen infiziert worden
1818 677 2956 746 „Reigen“ mitspiele, verdiene angespuckt zu werden (was
650 719 1779 776 zu sein. Zu diesen zwei Fällen kommen noch zwei Personen
1817 733 2950 786 wir ihm wahrhaftig nachfühlen können). Das sind denn
653 767 1779 819 mit Flecksieberverdacht. Sämtliche Personen wurden in
1816 768 2935 843 doch unverdächtige Zeugen dafür, daß man kein „Zelot“
651 801 1777 861 das Infektionssvital der Gemeinde gebracht und ihre
1821 825 2961 881 zu sein braucht, um über diese arge Schmach, die da
656 829 1773 906 Wohnungen desinfiziert. An der Erhebung weiterer Insek¬
1813 872 2950 935 dem Theafer und dem Publikum angetan wird, in
656 889 1424 950 tionen wird mit aller Energie gearbeitet.
1833 916 2961 984 lammende Wut zu geraten. Auch Leute, die sonst in
727 933 1773 991 Forderungen von Salzburger Invallden und Hein¬
1822 966 2945 1036 Fragen der Sittlichkeit ein sehr weites Herz dekundet
643 964 1783 1037 kehrern. Eine in Anwesenheit von Vertretern der Salzburger
1819 1007 2941 1085 haben, müssen, sotorne sie sich nur einiges Gefüll für
638 1025 1773 1082 Behörden in Salzdurg am 31. Jänner abgehaltene Versamm¬
644 1065 1784 1118 lung der Kriegsinvali den-Landesorganisation und der Heim¬
1822 1063 2958 1142 Reinlichkeit und Anstand bewahrt haben, diesmal an,
642 1109 1793 1172 ebrer nahm eine Entschlirßung an, worin #. #. eine Abltemn
1811 1106 2213 1174 unsere Seite treten.
659 1146 1768 1197 lung der Noten auf 50%, das Verbot der nfuhr vo¬
1895 1126 2958 1213 Mit dem Dichter Schnitzler abzurechnen ist eigentlick,
640 1176 1785 1252 Luxuswaren, eine energische Durchführung dei vermögens¬
1803 1177 2952 1263 (in wenio erspätet, denn er hat diese penetrante Dialog¬
643 1242 1772 1292 abgade, ein 50%iger Preisabbau mit 30%igem Lohn¬
1812 1244 2946 1304 reche vor Fahrzehnten geschrieben. Natürlich hätte er,
644 1278 1777 1329 abbau und eine energische Durchführung des Anschlusses
1805 1296 2944 1350 der uns inzwischen doch wesentlich maßvollere Proben
653 1321 1299 1379 an Deutschland gefordert werden.
1809 1342 2950 1397 seines Könnens geliefert hat (darunter den in gewissem
732 1353 1774 1428 Das Stelldichein der Salzburger Schieber gesperrt. Wie
1805 1392 2943 1447 Sinne sogar anständigen „Jungen Medardus“) sich
641 1419 1774 1475 aus Salzburg, 31. Jänner, gemeldet wird ist das im Sep¬
1808 1431 2948 1504 nicht — offenbar dem Geschäft zuliebe — verleiten lassen
644 1455 1772 1520 tember v. J. von dem Wiener Stidronski im Hotel Horn
1821 1479 2935 1552 ollen, diese übelduftende Jugendsünde aus ihrer Buch¬
644 1503 1777 1555 eröffnete Kabarett, dak bald zum Stelldichein der Schieber
1810 1538 2950 1597 vergessenheit hervorzuholen und damit das Theater zu
639 1546 1768 1620 von Salzburg und Umgebung wurde, von der Polizei ge¬
648 1579 961 1649 schlossen worden.
1811 1584 2941 1647 verunreinigen. Es gibt einen „Frau=von=Pollak“=Witz
733 1623 1780 1683 Eine tschechische Volkszählung in Deutschösterreich. Nach
1817 1636 2941 1692 (wie deren die Juden genug und mit Behagen zu er¬
644 1670 1768 1724 einer Meldung der Prager „Narodni Listy“ hat der
1808 1688 2938 1744 zählen wissen), da leistet sich diese Dame, deren Bildung
643 1713 1777 1770 tschecho=slowakische Nationalausschuß dem
1802 1732 2945 1780 mit ihrem Reichtume nicht Schritt zu halten vermag, das
640 1755 1767 1814 Antrage zugestimmt daß in Oesterreich eine private Zählung
1808 1781 2938 1834 unfreiwillige Wortspiel, zu einem gräflichen Besucher zu
645 1799 1770 1859 der tschecho-slowakischen Staatsangehörigen durchgeführt
1813 1829 2943 1884 sagen: „Ich danke Ihnen, Herr Graf! Sie haben mein
635 1841 775 1896 werde.
1803 1874 2941 1937 Haus zu einem Freudenhause gemacht!“ — Mit dem
722 1854 1767 1947 Ein Wolf in Krain. Bei Oberlaibach wurde dieser Tage
1802 1918 2944 1976 „Reigen“ hat Schnitzier das Theater, das uns ein Haus
639 1927 1771 1997 vom Ingenieur Franz Tavcar ein Wolf im Gewichte von
644 1966 1073 2048 38 Kilogramm erlegt.
1810 1973 2942 2027 edler Freuden sein sollte, zu einem Freudenhause, zum
1810 2023 2937 2078 Schauplatze von Vorgängen und Gesprächen gemacht, wie
709 2038 1770 2118 In Trauerfällen Schwarzfärberei aller Kleider in 24 Stun¬
1809 2070 2941 2132 sie sich schamloser in keiner Dirnenhöhle abreckeln können.
642 2093 1775 2154 den. Auch alle anderen Farben. Wiener Theaterpntzerei. 5. Be¬
1809 2115 2942 2178 Man erwarte von uns keine „literarische Wertung“ dieser
643 2150 1770 2208 zirk. Rüdigergasse 20, 1. Bezirk. Kübfußgasse 2, 4. Bezirk. Große
1802 2167 2935 2222 Dichtung! Was bekümmert es uns, daß sich darin manch¬
638 2187 885 2250 Neugasse 17.
1802 2218 2942 2285 mal Witz und sprachliche Behendigkeit äußern, daß hinter
1799 2260 2939 2323 mancher dieser Zoten naltdenkliche Melancholie stebt.
1050 2269 1338 2382 „Reigen“
1795 2309 2940 2365 Was auch bekümmert uns die „gute“ Darstellung, die
1797 2356 2942 2415 bloß geeignet ist, den abscheulichen Eindruck zu verstärken?
725 2345 1764 2428 Die Achtung vor dem Reinlichkeitsgefühl unserer
1803 2404 2940 2460 Wir entschlagen uns auf das Bestimmteste der Pflicht,
636 2413 1771 2474 Leser zwingt uns, sie bloß kurz und andeutungsweise mit
1796 2451 2934 2514 über diese ganze Geschichte wie über eine ernsthafte künst¬
640 2461 1769 2529 dem Tatsachengehalt dieser zehn Dialoge von Artur
1795 2504 2935 2562 lerische Angelegenheit zu sprechen. Mit höchstem Be¬
638 2514 1758 2568 Schnitzler bekannt zu machen. Zehn Personen schlin¬
1801 2543 2934 2606 fremden müssen wir es auch aufnehmen, daß eine Kinder¬
636 2567 1766 2624 gen den „Reigen“: die Dirne mit dem Soldaten, dann
1805 2599 2941 2657 hilfsaktion sich den Reinertrag der Generalprobe dieses
636 2612 1758 2664 der Soldat mit dem Stubenmädchen, dann das Stuben¬
1794 2648 2933 2708 Schandstückes zuführen lassen wollte und sich so in die
643 2659 1765 2715 mädchen mit dem jungen Herrn, dann der junge Herr
1796 2690 2938 2759 verpestete Dunstsphäre ziehen ließ. So bedürftig jeglicher
646 2702 1761 2763 mit der jungen Frau eines andern, hierauf dieser Andere
1801 2745 2939 2805 Unterstützung die Kinderhilfe auch sein mag, so darf ihre
648 2755 1759 2812 mit einem süßen Mädel, dann das süße Mädel mit dem
1793 2794 2940 2848 Bedenkenlosigkeit noch nicht so weit gehen, daß sie sich bei¬
632 2799 1768 2851 Dichter, hierauf der Dichter mit der Schauspielerin, dann
1794 2841 2934 2896 spielsmeise am Reinertrag von Bordellunternehmungen
637 2846 1751 2908 die Stauspielerin mit dem Grafen und endlich der Gra
1788 2890 1963 2958 beteiligt.
634 2898 1765 2956 mit der Dirne, so daß der Kreis geschlossen ist. Jede dieser
1885 2923 2930 3002 Bei höchsten Preisen, wie sie bloß den Verhältnissen
633 2950 1760 3004 zehn kurzen Szenen wird zum Akt; in jeder arten
1795 2971 2940 3036 übeister Verdiener angepaßt sind, soll jetzt eine lange
629 2995 1767 3045 Liebesgespräche schon nach wenigen Minuten zu einer
1792 3021 2927 3096 Serie von „Reigen“=Aufführungen beginnen. Schnau¬
636 3042 1756 3102 Handlung aus, die im Buche mit Gedankenstrichen an¬
1801 3084 2921 3134 fende Dickwänste mit ihrem weiblichen Anhange, der den
633 3093 1762 3154 gedeutet wird und die durch Verdunkelung der Bühne zu
1792 3133 2923 3185 Namen der deutschen Frau schändet, sollen sich jetzt dort
637 3139 1752 3211 markieren die Spielleitung vorläufig noch genug Rück¬
1796 3182 2927 3244 allabendlich ihre im wüsten Sinnentaumel erschlafften
638 3186 1758 3251 sicht besitzen muß. Wir sagen vorläufig „noch“ denn
1799 3229 2925 3280 Nerven aufkitzeln lassen. Allein wir gedenken den Herr¬
631 3236 1751 3295 nach einer neuerlichen Revolution und bei
1789 3275 2918 3330 schaften das Vergnügen bald zu verleiden. Das glauhen
1651 3283 1751 3335 wird
1013 3277 1281 3359 ausgedehnter
1322 3277 1558 3351 „Freiheit“
634 3282 738 3348 noch
793 3283 1019 3357 weiter
1791 3318 2928 3390 wir unserem Wiener Theater, unserem Volke und nicht
1403 3327 1763 3393 letzte Schranke
631 3317 1158 3396 vermutlich auch noch
1196 3325 1397 3395 diese
1788 3378 2930 3436 zuletzt auch den Künstlern schuldig zu sein, die dazu ver¬
629 3385 1762 3439 fallen, die uns derzeit noch von der Ungeniertheit trennt,
1792 3413 2921 3483 urteilt sind, sich Abend für Abend vor solchem Publikum
640 3436 1751 3485 mit der sich das Weidevieh auf der Alm oder die Hunde
1790 3465 2922 3536 aller Scham zu begeben. Schluß mit den „Reigen“=Auf¬
635 3474 1759 3532 auf der Gasse ihrem Liebesdrange hingeben. In der
631 3520 2087 3586 bösen Monarchic, die bekanntlich der Entfaltung der führungen!
