3392 4448
327 72 845 175 11. Reigen
1034 78 1448 171 box 18/1
804 891 1685 1005 Cheater, IDlusik und Kunst
1134 979 1344 1070 Reigen,
940 1039 1328 1115 Kleines Schaufp
1358 1034 1531 1111 elhaus.
802 1087 1725 1161 Das Kleine Schauspielhaus gehört der Hochschulc
737 1140 1729 1204 für Musik. Die Hochschule für Musik untersteht dem
745 1185 1743 1256 Kultusministerium. An der Spitze des Kultusmini¬
738 1229 1737 1282 steriums steht der bekannte Freidenker Konrad
733 1275 1731 1329 Haenisch. Ueber dem bekannten Freidenker Konrad
734 1307 1724 1366 Haenisch stehen die Februarwahlen. Und die Fe¬
735 1360 1726 1413 bruarwahlen werden mit seinem Ministerium Schluß
728 1391 1722 1454 machen? Keineswegs. Schon fand Herr Haenisch
736 1439 1722 1496 den Beifall eines deutschnationalen Abgeordneten, der
734 1487 1726 1536 von diesem Beifall Unannehmlichkeiten hatte. Herr
736 1518 1720 1580 Haenisch nimmt diesen Unannehmlichkeiten den
732 1559 1721 1617 Grund, indem er die Sittlichkeit schützt und Schnitzlers
734 1603 1086 1656 „Reigen“ verbietet.
792 1640 1728 1708 Oder sollte Herr Haenisch nur der Angeführte
730 1686 1722 1749 sein, und es sich — im Hinblick auf die kommenden
739 1730 1727 1793 Zeiten — um einen Vorstoß der Geheimräte handeln?
735 1782 1719 1829 Sollte einem sozialdemokratischen Minister im letzten
727 1809 1723 1866 Augenblick doch noch die Scham überkommen, sein
728 1851 1717 1919 Minsterium zu etwas hergegeben zu haben, was kein
728 1894 1720 1947 kaiserliches Ministerium jemals gewagt hatte? Näm¬
724 1935 1729 1997 lich die Direktoren eines Theaters mit — sechs Wochen
724 1976 1719 2036 Haft zu bedrohen, wenn sie eine Aufführung gegen
714 2016 1708 2084 die einstweilige Verfügung unternehmen sollten? Im
726 2057 1720 2122 Kleinen Schauspielhaus durfen — laut Mietsvertrag
773 2099 1713 2155 keine Stucke gegeben werden, die in politischer, reli¬
730 2142 1604 2212 niöser und sittlicher Hinsicht Anstoß erregen.
1648 2151 1714 2207 Ist
717 2180 1720 2229 Erotik unsittlich? Dann müßte das Kultusmini¬
721 2221 1707 2283 sterium sofort die Hochschule für Musik schließen.
714 2266 1552 2316 Denn Musik ist die erotischste aller Künste.
776 2305 1707 2369 „Reigen“ ist eine der reizendsten Dichtungen
714 2340 1707 2399 Schnitzlers, weil seine Dialoge aus diesen erotischen
714 2383 1706 2450 Nervengefühl geboren sind, das nur noch um einen
721 2427 1720 2496 Grad sublimiert zu werden brauchte um Klang, um
722 2466 1038 2520 Ton zu werden.
1038 2467 1709 2525 „Reigen“ ist auch eine der rein¬
720 2507 1717 2561 ichsten Dichtungen Schnitzlers, weil seine sinnlichen
717 2549 1707 2607 Schwebungen, seine erotischen Frivolitäten und
714 2584 1713 2643 Melancholien nicht feuilletonistisch umschmust, nicht
710 2635 1705 2693 mit Tiefsinn draviert, nicht unter Anspielungen ver¬
721 2672 1712 2731 steckt werden, weil sie sich darbieten als das was sie
715 2716 1713 2770 sind: graziöse Liebesspiele ohne geistige Verfälschung.
707 2754 1696 2825 Die Nachdenklichkeit ist das erotische Erlebnis selbst.
713 2791 1712 2867 Seine Ausstrahlungen, seine Schwingungen, seine
716 2835 1346 2882 Spannungen, seine Ermattungen.
784 2869 1707 2943 „Reigen“ ist Wien, ist der betäubende, lockende,
710 2903 1697 2983 verführerische Schimmer dieser herrlichen, fauligen,
713 2958 1704 3022 inkenden, versunkenen Stadt. „Anatol“ ist heute
711 2999 1712 3065 kaum noch zu ertragen, weil Schnitzler hier eine
698 3036 1711 3117 geistige Distanz zu den Abenteuerne# Chärmeurs
741 3127 1516 3250 Vcn tr ge V
1882 742 2911 799 sulier ArScN
1918 948 2926 997 vorspielt, die er nicht hat. Daß Schnitzler
1923 992 2921 1041 im „Anatol“ charmiert, verniedlicht, kokettiert, ironi¬
1928 1037 2912 1088 siert, tändelt, und darauf hinweist, daß er tändelt,
1930 1087 2919 1134 nacht diese Einakterreihe zu einem Abbilde auch
1928 1125 2918 1169 enes „geistigen“ Wiens dessen verlogene Süßlich¬
1931 1157 2925 1221 eit aufreizt. „Reigen“ aber ist das Spiel, die Leich¬
1927 1202 2925 1258 tigkeit selbst. Wenn mit der Dirne über den Sol¬
1924 1240 2922 1298 daten und das Stubenmädchen und den jungen Herrn
1926 1285 2915 1335 und die junge Frau und den Ehemann und das
1931 1327 2921 1375 süße Mädel und den Dichter und die Schauspielerin
1931 1366 2923 1413 und den Grafen alle verknüpft sind so ist dieser
1922 1411 2926 1458 Reigen von einer schwebenden Freiheit, die künst¬
1924 1440 2840 1502 lerisch entzückt und deshalb menschlich erheitert.
1990 1490 2928 1552 Viele Dramen von Schnitzler sind veraltet,
1935 1546 2928 1588 weil sie Probleme stellten und die Probleme
1924 1584 2920 1629 entweder zu leicht waren oder von der Zeit zer¬
1929 1618 2920 1676 fressen wurden. „Reigen“ ist unproblematisch und
1926 1661 2933 1708 wird in der deutschen erotischen Literatur, die arm
1927 1699 2922 1751 ist, bleiben. Es ist sicher, daß ein neuer Dichter ein
1935 1738 2922 1791 Stück, das allein den Geschlechtsakt umspielt, heute
1935 1780 2931 1838 nicht schreiben würde. Ebenso sicher aber ist, daß,
1929 1822 2926 1879 wenn er es schriebe, er es plumper schreiben würde.
1990 1861 2919 1923 Gertrud Eysoldt hatte recht, als sie sich vor
1929 1915 2927 1963 der Vorstellung hinter die Dichtung und die Dar¬
1935 1952 2921 2012 stellung stellte. Daß sie in ihrer Rede den Kampf
1932 1992 2924 2054 gegen das Kultusministerium auf sich nahm. (Das,
1934 2033 2924 2086 wie sie sagte, schon längst ein Interesse daran habe,
2042 2069 2083 2113 #.
1939 2081 2925 2129 hre Tirektion an die Luft zu setzen, weil es den
1931 2115 2917 2167 Theatersaal für seine eigenen Zwecke benutzen wolle.)
1935 2157 2935 2213 Sie ließ sich durch die Aufführung bestätigen. Diese
1937 2197 2924 2253 zerfiel in zwei Hälften. In eine langweilige (die die
1940 2240 2935 2295 Sittlichkekt nicht beunruhigte) und eine amusante (die
2696 2278 2935 2333 Die Schau¬
1934 2286 2624 2343 die Sittlichkeit nicht beunruhigte.)
1936 2334 2938 2385 spielkunst pflegt sich in erotischen Stücken auf die
1938 2360 2939 2417 Seite der Männer zu schlagen, weil die Frau die
1931 2401 2938 2461 erotische Phantasie direkter und auf der Buhne auch
1942 2453 2935 2499 ohne Uebersetzung in Kunst auszudrücken vermag.
1938 2487 2936 2550 Hier wurde sie mit Takt und Laune (allerdings nicht
1939 2525 2935 2583 immer mit Talent gegeben). Und wo schauspiele¬
1943 2563 2937 2627 ische Routine, wie bei Poldi Müller, mitsprach,
1936 2620 2365 2681 wurde sie leicht kitschig.
1989 2641 2939 2714 Wenn man bedenkt, mit welch knalliger Auf¬
1937 2700 2938 2756 dringlichkeit in der Residenztheater=Darstellung von
1940 2739 2944 2797 Sudermanns „Raschhoffs“, Olga Limburg eine
1932 2778 2945 2840 Dirne spielte, erscheint die Diskretion des Kleinen
1935 2821 2938 2879 Schauspielhauses vorbildlich. Die Schauspielkunst blieb
1937 2865 2950 2922 bei Kurt Goetz, der ironisch und elegisch den jungen
1939 2907 2954 2971 Herrn spielte, bei Robert Forster=Larrin¬
1939 2934 2949 3007 naga, der den Grafen mit persönlicher Gepflegtheit
1938 2985 2937 3055 gab und bei Karl Etlinger als Dichter. Karl
1943 3025 2946 3085 Etlinger ist ein improvisierender Schauspieler. Er
1936 3074 2943 3124 ist der letzte aus der langen Reihe der wiener Volks¬
1939 3105 2941 3164 komiker: saftig, verspielt und schrullig. Er ist ein
1944 3138 2937 3205 Original, eine Persönlichkeit — aber mit Schnitzler
1941 3188 2930 3246 kam er nicht immer zusammen. Etlinger ist kein
1936 3227 2930 3286 Schauspieler für Dialoge. Er muß mimisch phanta¬
1935 3268 2937 3333 sieren können. Dann leuchtet er auf, dann steht er im
1931 3317 2485 3388 Kontakt mit dem Publikum.
2001 3353 2943 3419 Die Dekorationen waren von Ernst=Stern. In
1934 3411 2743 3480 der Verspieltheit kam er zu seinem Recht.
2575 3421 2916 3516 Herbert Ihexing.
