3444 4320
1052 235 1473 328 box 17/5
357 225 866 338 11. Reigen
550 488 1350 628 Theater und Kunst.
831 607 1020 702 Reigen.
505 679 1507 749 Es war einmal vor vielen Jahren eine Stadi voll zu¬
404 739 1510 792 friedener, satter Menschen; sie hielten ihr. Gegend für den
410 790 1510 847 Mittelpunkt der Welt und die sorglose Jugend, besonders die
412 839 1494 907 der Wohlhabenden, brachte die viele freie Zeit mit Liebes¬
417 884 1497 956 abenteuern hin. Es war gebräuchlich, beiläufig zehn Jahre,
418 943 1501 998 so von zwanzig bis dreißig, mit der Liebe zu spielen. Man
407 989 1496 1058 spielte aus Langeweile, aus Mangel an ausreichender Beschäf¬
416 1033 1499 1098 tigung, das Gleichmaß der täglichen Geschehnisse lud dazu
415 1134 1507 1197 und niedrig war, auch mit dem Tod, man spielte hauptsächlich
419 1182 1505 1249 mit Worten, es gab kein Ding, würdig genug, um ernst ge¬
409 1232 1507 1295 nommen zu werden. So war. so dachte und fühlte die Wiener
419 1286 1505 1361 Umwelt, als Arthur Schnitzlen den damals unerhörten
403 1337 918 1400 Mut zum „Reigen“ fand.
512 1382 1512 1446 Vor einem Vierteljahrhundert ein Wagnis, ein kühnes
410 1428 1501 1487 Beginnen, einer Bravheit und Sittsamkeit heuchelnden Gesell¬
406 1485 1494 1542 schaft den Spiegel vorzuhalten, der sie nackt zeigte im Rausch
412 1530 1498 1588 jäh aufflammender und rasch wieder besänftigter Begierden,
407 1589 1499 1638 war die Reihe z'erlich gedrechselter Novellen in Zwiegespräch¬
406 1629 1500 1685 form lehrhafter Stoff, ein Dichter ließ sich herbei, über Allzu¬
410 1677 1504 1731 menschliches zu plaudern, eine Höhe ungewohnter, nie geübter
408 1726 1507 1776 Betrachtung entfernte die Vertraulichkeit. Das ist nun alles
411 1779 1500 1834 anders geworden. Eine Horde minderbegabter Nachbeter hat
403 1830 1506 1891 jede enzelne Szene des „Reigen“ mindestens siebzehnmal zu
409 1867 1507 1924 einem Einakter versudelt. Jeder Gymnasiast weiß Bescheid, so¬
407 1918 1511 1988 ferne er nicht gar dank seiner Leihbibliothek bis zum Studium
421 1967 1505 2021 der, ei, so leicht verständlichen „Psychopathia sexual's“ vorge¬
411 2027 1505 2076 drungen ist. Nicht eine Gemeinde Aufhorchender, sondern eine
415 2072 1512 2126 Herde Wissender, und ärger als das, die ganz große Menge, die
412 2118 1506 2180 sich seit vierundzwanzig Jahren so hoch die Leiter Zivilisation
420 2165 1513 2225 emporgeschwungen hat, daß sie bei ähnlichen Gelegenheiten
417 2215 1512 2285 denkt, wie es ihr ein gutgelaunter Dritter laut vorgedacht hat,
421 2272 1510 2320 sie wird im breiten Nachgefühl selbsterlebter Niedrigkeit behag¬
413 2305 1508 2379 lich schwelgen. War's damals, als die übermütige Idee an¬
410 2366 887 2427 geflogen kam, so gemeint?
512 2405 1514 2469 Wenn der Gedanke, der Einfall unabweislich nach Ge¬
420 2458 1515 2515 staltung drängt, dann wählt das Feingefühl die Kunstform.
422 2507 1514 2570 Schaumwein will aus dünnem Glaskelch getrunken sein, Bier
411 2552 1501 2616 aus Krügen. Bliebe eine Novelle Maupassants, für die Bühne
421 2604 1500 2664 bearbeitet, das reizende, einmalige, unübertreffliche Ku#stwerk
520 2662 1506 2723 Die Aufführung in den Kammerspielen des
412 2706 1515 2756 Deutschen Volkstheaters nimmt den zehn Szenen
421 2758 1513 2809 den heißen, stockenden Atem, die Sp elleitung (Dr. Schul¬
420 2795 1515 2851 baur) weiß, weshalb sich die Leute ins Theater drängen
404 2845 1502 2906 werden. De Temperatur der schwülen Zwiegespräche wird künst¬
415 2894 1510 2954 lich herabgesetzt, der heiße Hauch erregter Sinne ist nicht mehr
421 2938 1510 3002 spürbar, es ist ein gut gekühlter „Reigen“, nicht der ursprüng¬
417 2991 1514 3053 liche, nicht das abgerundete, abgeglichene Werk; ein Zwitter.
419 3048 1520 3111 Die Tänzerinnen im Reigen, Hedwig Keller, Traute
421 3092 1508 3155 Carlsen, Marietta Olly, und der köstliche Graf und
426 3150 1515 3203 Husarenoberleutnant Hans Lackner machen die Unterhal¬
414 3185 1513 3245 tungen über und rund um den Be schlaf erträglich. Wehe aber,
427 3240 1518 3299 wenn ein unbekümmerter, geschäftstüchtiger Spielleiter den
427 3282 1519 3349 wirklichen, den unverschleierten „Reigen“ aufzuführen unter¬
425 3340 1517 3394 nimmt: dann ist es mit der einmaligen Geldausgabe für den
419 3381 1521 3464 Sitzplatz nicht getan. Ist das die Aufgabe des deutschen
1282 3429 1489 3513 Walter.
416 3439 618 3514 Theaters?
1097 3632 1336 3742 N116 19.7
895 3776 1113 3864 Asent
870 3851 1039 3922 Wier
2148 870 2572 973 THEATER
1921 927 2773 1078 Eine Aktion der Christ¬
1953 1069 2782 1176 lichsozialen gegen den
2464 1148 2549 1221 10
2167 1162 2536 1264 „neigen !
1996 1247 2714 1316 Eine Ankündigung in der „Reichspost“.
1987 1314 2811 1372 Die „Reichspost“ bringt heute einen
1922 1374 2799 1422 mit ungewöhnlicher Heftigkeit ge¬
1920 1420 2812 1477 schriebenen Artikel über Sch###¬
1919 1451 2804 1521 lers=„Reigen“ und dessen Auf¬
1924 1501 2804 1571 führung. Im Laufe dieser Ausführungen wird
1928 1548 2807 1637 an die Behürden „mit aller Strange“ das Ver¬
1854 1710 2625 1816 Wiener Mitt## Leitung,
2579 1818 2709 1925 77
1817 1847 2053 1941 bruar 1921
2468 1885 2683 1963 Nr. 25
1856 1975 2733 2056 langen gestellt, „dieser volksver¬
1858 2029 2733 2107 giftenden Schmach“ ein Ende zu
1850 2068 2077 2128 bereiten.
1920 2126 2718 2204 Der Artikel schließt: „Bei höchsten Preisen,
1845 2153 2726 2248 wie sie bloß den Verhältnissen übelster Ver¬
1843 2211 2726 2299 diener angepaßt sind, soll jetzt eine lange
1844 2260 2728 2353 Serie von „Reigen“=Aufführungen
1823 2317 2724 2396 beginnen. Schnaufende Dickwänste mit ihrem
1833 2357 2717 2435 weiblichen Anhange, der den Namen der deut¬
1840 2403 2718 2490 schen Frau schändet, sollen sich jetzt dort all¬
1835 2455 2711 2531 abendlich ihre im wüsten Sinnentaumel er¬
1839 2496 2714 2585 schlaften Nerven aufkitzeln lassen. Allein
1833 2552 2705 2626 wir gedenken den Herrschaften
1835 2597 2710 2689 das Vergnügen bald zu verleiden.
1836 2643 2705 2726 Das glauben wir unserem Wiener Theater,
1829 2700 2699 2775 unserem Volke und nicht zuletzt auch den Künst¬
1836 2736 2706 2826 lern schuldig zu sein, die dazu verurteilt sind,
1830 2783 2708 2875 sich Abend für Abend vor solchem Publikum
1823 2841 2699 2914 aller Scham zu begeben. Schluß mit den
1822 2883 2450 2945 „Reigen“=Aufführungen!“
1899 2930 2698 3022 Es ist äußerst befremdend, daß nach der
1817 2969 2692 3054 Urteilsfällurg seitens der kompetenten Zensur¬
1821 3021 2684 3106 stelle, eine solche publizistische Attacke unter¬
1818 3074 2693 3163 nommen wird. Und kaum glaublich, daß sie
1813 3118 2568 3201 ohne Rückhalt unternommen wurde.
1881 3170 2694 3251 Es wird sich nun zeigen, ob Wien die
1806 3203 2684 3305 Berliner Blamage der „Reigen“
1812 3253 2689 3342 Hetze mitmachen wird. Jedenfalls muß
1806 3312 2691 3391 man entschieden dagegen protestieren, daß
1804 3362 2693 3432 aus politisch=moralistischen Gründen
1806 3405 2688 3487 künstlerische Ereignisse — und ein solches ist
1803 3449 2684 3529 die „Reigen“=Aufführung zumindest implieite —
1820 3494 2146 3573 estört werden.
