3444 4320
338 138 481 236 11.
1036 127 1445 220 box 17/5
529 141 843 244 Reigen
566 1702 1652 1809 Kammerspiele. Gestern also die "große Sensation“, die
478 1778 1645 1847 Premiere des „Reigen“; es ging zu fast wie bei einer feier¬
484 1817 1646 1897 lichen Klassikeraufführung: das Publikum saß still und andächtig
480 1862 1645 1950 da. nur ganz allmählich tauten die Leute auf. Die an den Abend
488 1913 1653 1993 geknüpften Erwartungen fanden lediglich in einigen, zum Teile
493 1954 1644 2035 sehr anerkennungswerten Decolletés im Publikum Ausdruck
484 2003 1648 2091 Ueber die auch gestern ungleichmäßige ##ung, die
498 2045 1651 2142 Schuitter# spitzeste Pointen oft gleichtammit desinfizierender
493 2091 1664 2174 Watte umwickelte, ist gesternim Feuilleton bereits alles gesagt
1528 2143 1603 2200 Cy
491 2168 653 2224 worden.
577 2159 1667 2247 * Im Br#kheater gelangt morgen Donnerstag zu
492 2229 1647 2308 erhöhten Preisen das Lustspiel „Die Fahrt ins Blaue
505 2256 1663 2350 von Caillavet, Flers und Rey zur Aufführung. Anfang 7 Uhr,
596 2312 1671 2390 * In der Staatsoper kommt morgen Donnerstag zu
503 2360 1672 2432 erhöhten Preisen „Tiefland“ mit den Damen Lehmann
1268 2397 1662 2455 den Herren Oestvig
505 2401 1228 2468 Szterenvi. Mihacsek, Kittel, Schöne,
510 2442 1669 2505 Betetto, Weil, Madin, Gallos zur Aufführung. Dirigent Herr
509 2492 934 2564 Alwin. Anlang 7 Uhr.
591 2513 1687 2590 * # hen hostinen Marstalle. E:. m
2130 449 2739 540 Scihlers—Reigen“
2072 530 2905 594 Eine Jugendarbeit, damals wohl aus Lust
2003 576 2870 637 am Verbotenen gedichtet. Für die heimliche
2011 629 2876 705 Schreibtischlade, später, da Schnitzler schon wer
2006 679 2874 734 war, dem Buchhandel als Kuriosum übergeben.
2003 729 2868 785 Jetzt erscheinen die zehn Dialoge unter Profest
1998 774 2902 824 der Germanen, die, Wotar sei Dank, wenigere
2007 827 2796 892 ins Theater gehen, als die Linksglänbigen.
2071 859 2870 933 Im „Reigen“ sind intime Lebensangenblicke
1996 911 2881 980 hergenommen und gestaltet. Das Ante und Post
1998 975 2869 1024 verschiedener Menschheitsschichten wieneri¬
2004 1021 2865 1074 schen Geblüts, Berliner benehmen sich, schlägt
2001 1070 2872 1119 die Liebesstunde, sicherlich anders. Pariser auch.
1993 1108 2873 1169 Und erst Amerikaner. Schnitzler hat einen
1994 1156 2879 1225 Wiener Decamerone geschrieben. Mit witzigem
1994 1208 2873 1277 Erfassen von Momenten, die auch ernst ge¬
1998 1252 2870 1319 nommen werden. Nirgenös handelt es sich bei
1993 1309 2866 1371 ihm um Leidenschaft, Liebe, Neigung, immer ist
1994 1348 2864 1404 Atmosphärisches ausschlaggebend, eine Situation.
1989 1401 2873 1457 eine Schwäche, Gelegenheit. Der „Reigen“ gibt
1996 1449 2867 1502 nicht die großen Gesten Liebender oder Ver¬
1993 1490 2867 1569 liebter, er läßt in amüsanter Perfidie die
1993 1537 2831 1601 Verlegenheitsrederei gufälliger Pärchen hören.
1994 1601 2074 1648 #e
2071 1595 2867 1648 Ein köstliches Werk, reigend im Grab¬
1990 1640 2877 1706 Lustigen des „Vorher“, wir in der leisen
1984 1693 2868 1744 Melancholie der satten Menschen. Grotik von
1994 1739 2866 1799 Damals, mit Stimmungsbehelfen wie Kaviere
1995 1793 2856 1841 spiel, Dämmerungen auf der Wieden, Kerze un
1992 1841 2866 1906 Auerlicht. Der elektrisch beleuchteten Betriell¬
1990 1888 2874 1951 samkeit von heute ein romantisches. Zeitalter,
1994 1923 2865 2013 fanft unwirklich, lendeldurchhuftet. Schon die
1985 1981 2856 2053 Paarung ist zum Teil von Gestern: „Süßes
1984 2026 2858 2084 Mädel“ und Dichter, Dichter und Schau¬
1980 2073 2865 2159 sielerin ... Die Eeschlechter grnppieren sich
1977 2117 2356 2190 jetzt vielfach anders.
2063 2157 2866 2243 Die ohyfiolagischen Hointen sind bei
1992 2208 2854 2283 Schnißzler mit delikater Pychologie ausgestattet
1978 2273 2856 2334 das Wort langt bis an die außerste Geenze, wo
1979 2326 2855 2384 sonst schon die Körper zu reden beginnen. Die
1982 2370 2851 2422 Dialoge gewähren gleichsam das Reußerste,
1986 2418 2858 2494 Letzte: spiritnelle Verfassung, Intensität, Temus
2574 2463 2655 2531 W
1976 2463 2517 2529 ihrer horizontalen Menschen.
2060 2511 2853 2567 Die Frauen sind beim Dichter und in der
1977 2557 2854 2618 Auffi###ung besser als die Münner. Namentlich
1976 2607 2854 2658 Fräu. a Kollers inniges, dlutvolles Wiener¬
1978 2656 2849 2711 tum durchwärmt die Szanen der „süsen
1978 2682 2882 2764 Mädels“. Sehr lustig und temperamentvoll sie
1974 2755 2838 2834 Frar Olle die sezelle Rontine der „Schen¬
2206 3061 2371 3155 Selte 6
2865 3068 3007 3150 Donne
2088 3169 2976 3248 spielerin“, Frau Carlsens immer etwas eisige
2098 3236 2971 3299 Aamut gibt der „jungen Frau“ angenehmen Um¬
2094 3277 2958 3332 riß. Nett auch Frau Hochwalds Stuben¬
2093 3327 2958 3379 mädchentyp und des Fräulein Markus dis¬
2088 3379 2973 3441 krete „Dirne“ Von den Männern Lackners
2097 3423 2962 3479 ungarischer Graf, unterhaltsam Geist der
2095 3476 2959 3523 Kavallerie spiegelnd und Herrn Zieglers
2093 3519 2957 3577 blonder Dichter, die wirksamsten. Die Auf¬
2096 3568 2963 3623 führung (Regie Dr. Schulbaur) als Ganzes,
2098 3617 2973 3674 delikatestes Theater, weicht allen ordinären
2080 3663 2963 3725 Lockungen taktvoll aus. Sie bringt Körperliches
2095 3716 2964 3765 nur andeutend, geschmackvoll zwischen roten
2086 3754 2984 3823 Vorhängen drapiert, den geistigen Stimmungs¬
2092 3814 2937 3880 reiz dieser amüsanten Kymödien. NIz.
