<?xml version="1.0" encoding="UTF-8" standalone="yes"?>
<PcGts xmlns="http://schema.primaresearch.org/PAGE/gts/pagecontent/2013-07-15" xmlns:xsi="http://www.w3.org/2001/XMLSchema-instance" xsi:schemaLocation="http://schema.primaresearch.org/PAGE/gts/pagecontent/2013-07-15 http://schema.primaresearch.org/PAGE/gts/pagecontent/2013-07-15/pagecontent.xsd">
    <Metadata>
        <Creator>prov=University of Rostock/Institute of Mathematics/CITlab/Gundram Leifert/gundram.leifert@uni-rostock.de:name=ONB_Newseye_GT_M1+(htr_id=10810)::::v=2.4.3
prov=University of Rostock/Institute of Mathematics/CITlab/Tobias Gruening/tobias.gruening@uni-rostock.de:name=de.uros.citlab.module.baseline2polygon.B2PSeamMultiOriented:v=2.4.3
prov=University of Rostock/Institute of Mathematics/CITlab/Tobias Gruening/tobias.gruening@uni-rostock.de:name=/net_tf/LA73_249_0mod360.pb:de.uros.citlab.segmentation.CITlab_LA_ML:v=2.4.3
Transkribus</Creator>
        <Created>2019-10-07T11:38:12.290+02:00</Created>
        <LastChange>2019-12-04T15:08:09.538+01:00</LastChange>
        <TranskribusMetadata docId="223982" pageId="9502899" pageNr="291" tsid="20394068" status="IN_PROGRESS" userId="40391" imgUrl="https://files.transkribus.eu/Get?id=XCMCQMAXITCDVUKXPZHGHFLQ&amp;fileType=view" xmlUrl="https://files.transkribus.eu/Get?id=VSHMEFOOUUXHQWKJWKQSEXKP" imageId="6193113"/>
    </Metadata>
    <Page imageFilename="223982_0291.jpeg" imageWidth="3444" imageHeight="4320">
        <ReadingOrder>
            <OrderedGroup id="ro_1711448359812" caption="Regions reading order">
                <RegionRefIndexed index="0" regionRef="r1"/>
                <RegionRefIndexed index="1" regionRef="r2"/>
                <RegionRefIndexed index="2" regionRef="r3"/>
                <RegionRefIndexed index="3" regionRef="r4"/>
            </OrderedGroup>
        </ReadingOrder>
        <TextRegion orientation="0.0" id="r1" custom="readingOrder {index:0;}">
            <Coords points="280,49 280,215 772,215 772,49"/>
            <TextLine id="r1l1" custom="readingOrder {index:0;}">
                <Coords points="271,169 408,172 444,155 565,196 609,171 743,198 779,188 782,90 705,112 641,90 541,106 516,90 396,118 367,97 273,108"/>
                <Baseline points="280,149 305,150 331,151 357,153 383,154 409,156 435,157 461,159 487,160 513,161 538,162 564,163 590,164 616,165 642,165 668,165 694,165 720,165 746,164 772,162"/>
                <TextEquiv>
                    <Unicode>11. Reigen</Unicode>
                </TextEquiv>
            </TextLine>
            <TextEquiv>
                <Unicode>11. Reigen</Unicode>
            </TextEquiv>
        </TextRegion>
        <TextRegion orientation="0.0" id="r2" custom="readingOrder {index:1;}">
            <Coords points="530,122 530,3966 1734,3966 1734,122"/>
            <TextLine id="r2l1" custom="readingOrder {index:0;}">
                <Coords points="985,171 1175,148 1269,185 1390,162 1390,93 1321,87 1306,98 1246,84 1175,122 1118,105 1036,112 985,92"/>
                <Baseline points="993,146 1019,148 1045,148 1071,150 1097,150 1123,150 1149,151 1175,150 1201,150 1227,150 1253,149 1279,149 1305,149 1331,148 1357,148 1383,148"/>
                <TextEquiv>
                    <Unicode>box 17/5</Unicode>
                </TextEquiv>
            </TextLine>
            <TextLine id="r2l2" custom="readingOrder {index:1;}">
                <Coords points="745,3541 859,3562 929,3529 1012,3555 1258,3529 1289,3553 1379,3527 1441,3559 1530,3555 1529,3446 1502,3428 1425,3465 1322,3439 1012,3466 978,3441 927,3471 744,3431"/>
                <Baseline points="752,3530 790,3529 829,3527 867,3526 906,3526 944,3525 983,3525 1021,3525 1060,3524 1098,3524 1137,3524 1176,3524 1214,3524 1253,3524 1291,3524 1330,3524 1368,3524 1407,3524 1445,3524 1484,3523 1523,3522"/>
                <TextEquiv>
                    <Unicode>Theater und Kunst.</Unicode>
                </TextEquiv>
            </TextLine>
            <TextLine id="r2l3" custom="readingOrder {index:2;}">
                <Coords points="870,3678 968,3678 1054,3651 1311,3674 1378,3654 1426,3672 1413,3603 1175,3589 1144,3608 1064,3591 963,3610 938,3587 869,3595"/>
                <Baseline points="877,3652 904,3651 931,3651 958,3650 985,3650 1012,3649 1039,3649 1066,3649 1093,3649 1120,3649 1147,3649 1174,3649 1201,3649 1228,3649 1255,3649 1282,3649 1309,3649 1336,3648 1363,3648 1390,3648 1418,3648"/>
                <TextEquiv>
                    <Unicode>Hinter den Kulissen.</Unicode>
                </TextEquiv>
            </TextLine>
            <TextLine id="r2l4" custom="readingOrder {index:3;}">
                <Coords points="1075,3707 1159,3722 1354,3707 1467,3733 1569,3703 1634,3721 1683,3713 1683,3650 1546,3682 1512,3671 1483,3693 1284,3663 1227,3685 1136,3668 1075,3687"/>
                <Baseline points="1082,3709 1111,3710 1141,3711 1170,3711 1200,3711 1230,3712 1259,3712 1289,3712 1319,3712 1348,3711 1378,3711 1408,3711 1437,3711 1467,3710 1497,3710 1526,3709 1556,3709 1586,3709 1615,3709 1645,3709 1675,3708"/>
                <TextEquiv>
                    <Unicode>— Das nächste neue, alte Stück.</Unicode>
                </TextEquiv>
            </TextLine>
            <TextLine id="r2l5" custom="readingOrder {index:4;}">
                <Coords points="523,3732 804,3730 834,3712 1067,3723 1066,3664 933,3692 730,3682 683,3660 522,3681"/>
                <Baseline points="530,3718 556,3718 582,3718 609,3718 635,3717 662,3717 688,3717 715,3717 741,3716 768,3716 794,3716 820,3715 847,3715 873,3715 900,3714 926,3714 953,3714 979,3713 1006,3713 1032,3713 1059,3713"/>
                <TextEquiv>
                    <Unicode>(Die Mode der alten Stücke.</Unicode>
                </TextEquiv>
            </TextLine>
            <TextLine id="r2l6" custom="readingOrder {index:5;}">
                <Coords points="1533,3768 1557,3776 1596,3759 1608,3770 1628,3758 1665,3770 1671,3764 1740,3761 1741,3713 1709,3708 1684,3722 1669,3714 1650,3712 1629,3721 1613,3713 1595,3722 1569,3704 1533,3716"/>
                <Baseline points="1540,3745 1567,3748 1594,3749 1622,3749 1649,3749 1677,3749 1704,3749 1732,3751"/>
                <TextEquiv>
                    <Unicode>Die sechzehn¬</Unicode>
                </TextEquiv>
            </TextLine>
            <TextLine id="r2l7" custom="readingOrder {index:6;}">
                <Coords points="1001,3767 1263,3748 1443,3762 1458,3754 1458,3722 1357,3710 1260,3725 1231,3706 1206,3723 1132,3710 1000,3721"/>
                <Baseline points="1009,3751 1035,3751 1061,3751 1087,3751 1113,3751 1139,3751 1165,3750 1191,3750 1217,3749 1243,3749 1269,3748 1295,3748 1321,3748 1347,3747 1373,3747 1399,3747 1425,3748 1451,3748"/>
                <TextEquiv>
                    <Unicode>Der zensurierte Mückenstich.</Unicode>
                </TextEquiv>
            </TextLine>
            <TextLine id="r2l8" custom="readingOrder {index:7;}">
                <Coords points="540,3779 578,3763 618,3775 644,3761 740,3770 812,3753 887,3771 901,3758 941,3761 940,3724 905,3718 831,3715 802,3732 779,3720 539,3730"/>
                <Baseline points="547,3759 572,3759 598,3758 624,3758 649,3757 675,3757 701,3756 727,3756 752,3755 778,3755 804,3754 830,3754 855,3754 881,3754 907,3754 933,3754"/>
                <TextEquiv>
                    <Unicode>„Reigen“ macht Schule.</Unicode>
                </TextEquiv>
            </TextLine>
            <TextLine id="r2l9" custom="readingOrder {index:8;}">
                <Coords points="1071,3796 1155,3788 1255,3818 1357,3790 1383,3808 1412,3794 1516,3798 1516,3743 1464,3762 1264,3749 1071,3759"/>
                <Baseline points="1078,3790 1103,3789 1128,3789 1153,3789 1179,3788 1204,3788 1229,3788 1255,3788 1280,3787 1305,3787 1330,3787 1356,3787 1381,3787 1406,3787 1432,3787 1457,3787 1482,3787 1508,3788"/>
                <TextEquiv>
                    <Unicode>Das akustischeste Theater.)</Unicode>
                </TextEquiv>
            </TextLine>
            <TextLine id="r2l10" custom="readingOrder {index:9;}">
                <Coords points="762,3807 829,3805 851,3818 866,3806 916,3814 928,3803 943,3808 969,3796 1008,3808 1007,3754 969,3763 941,3752 930,3762 904,3757 889,3770 846,3758 761,3760"/>
                <Baseline points="769,3795 794,3795 820,3795 845,3794 871,3793 896,3793 922,3792 947,3792 973,3792 999,3793"/>
                <TextEquiv>
                    <Unicode>jährige Fedak.</Unicode>
                </TextEquiv>
            </TextLine>
            <TextLine id="r2l11" custom="readingOrder {index:10;}">
                <Coords points="1061,3863 1133,3843 1173,3865 1329,3849 1419,3871 1676,3839 1729,3863 1741,3808 1658,3788 1423,3818 1060,3806"/>
                <Baseline points="1068,3849 1101,3849 1134,3850 1167,3850 1201,3850 1234,3850 1267,3849 1301,3849 1334,3849 1367,3848 1401,3848 1434,3847 1467,3847 1500,3846 1534,3846 1567,3846 1600,3846 1634,3846 1667,3847 1700,3847 1734,3848"/>
                <TextEquiv>
                    <Unicode>die der neue Burgtheaterdirektor mit</Unicode>
                </TextEquiv>
            </TextLine>
            <TextLine id="r2l12" custom="readingOrder {index:11;}">
                <Coords points="646,3865 780,3872 815,3860 840,3872 870,3856 946,3871 998,3860 987,3802 956,3812 930,3800 914,3815 851,3819 830,3806 794,3820 748,3812 716,3827 645,3815"/>
                <Baseline points="653,3855 678,3857 704,3858 730,3858 756,3858 782,3857 808,3857 834,3855 860,3854 886,3853 912,3852 938,3852 964,3851 990,3852"/>
                <TextEquiv>
                    <Unicode>Die „junge Kunst“</Unicode>
                </TextEquiv>
            </TextLine>
            <TextLine id="r2l13" custom="readingOrder {index:12;}">
                <Coords points="1068,3911 1741,3901 1740,3865 1657,3854 1067,3870"/>
                <Baseline points="1075,3899 1107,3899 1140,3898 1173,3898 1206,3897 1239,3897 1272,3897 1305,3896 1338,3895 1371,3895 1404,3895 1436,3894 1469,3894 1502,3894 1535,3894 1568,3894 1601,3894 1634,3894 1667,3894 1700,3895 1733,3896"/>
                <TextEquiv>
                    <Unicode>gibt den Direktoren der Privattheater</Unicode>
                </TextEquiv>
            </TextLine>
            <TextLine id="r2l14" custom="readingOrder {index:13;}">
                <Coords points="537,3923 578,3905 603,3925 651,3924 727,3900 744,3915 1024,3919 1035,3839 946,3871 865,3857 839,3872 656,3863 578,3881 536,3867"/>
                <Baseline points="545,3905 570,3906 595,3906 621,3906 646,3906 672,3906 697,3905 722,3905 748,3905 773,3904 799,3903 824,3902 850,3902 875,3901 900,3901 926,3901 951,3901 977,3901 1002,3901 1028,3902"/>
                <TextEquiv>
                    <Unicode>so großen Worten begrüßte</Unicode>
                </TextEquiv>
            </TextLine>
            <TextLine id="r2l15" custom="readingOrder {index:14;}">
                <Coords points="1047,3962 1740,3970 1740,3901 1282,3919 1047,3903"/>
                <Baseline points="1055,3947 1088,3947 1122,3947 1156,3947 1190,3947 1224,3946 1258,3946 1292,3945 1326,3945 1360,3944 1394,3944 1427,3943 1461,3943 1495,3943 1529,3942 1563,3942 1597,3942 1631,3943 1665,3943 1699,3944 1733,3945"/>
                <TextEquiv>
                    <Unicode>ist beispielsweise ein neuer Moluar in</Unicode>
                </TextEquiv>
            </TextLine>
            <TextLine id="r2l16" custom="readingOrder {index:15;}">
                <Coords points="527,3966 836,3956 959,3978 996,3957 1034,3962 1034,3920 951,3906 879,3928 835,3908 720,3903 659,3924 574,3914 527,3930"/>
                <Baseline points="535,3955 560,3954 586,3954 612,3953 638,3953 664,3953 690,3953 716,3953 742,3953 768,3953 793,3953 819,3953 845,3953 871,3953 897,3952 923,3951 949,3951 975,3950 1001,3949 1027,3947"/>
                <TextEquiv>
                    <Unicode>weuig Rätsel auf. Ihnen</Unicode>
                </TextEquiv>
            </TextLine>
            <TextEquiv>
                <Unicode>box 17/5
Theater und Kunst.
Hinter den Kulissen.
— Das nächste neue, alte Stück.
(Die Mode der alten Stücke.
Die sechzehn¬
Der zensurierte Mückenstich.
„Reigen“ macht Schule.
Das akustischeste Theater.)
jährige Fedak.
die der neue Burgtheaterdirektor mit
Die „junge Kunst“
gibt den Direktoren der Privattheater
so großen Worten begrüßte
ist beispielsweise ein neuer Moluar in
weuig Rätsel auf. Ihnen</Unicode>
            </TextEquiv>
        </TextRegion>
        <TextRegion orientation="0.0" id="r3" custom="readingOrder {index:2;}">
            <Coords points="1767,70 1767,3964 3002,3964 3002,70"/>
            <TextLine id="r3l1" custom="readingOrder {index:0;}">
                <Coords points="2116,108 2534,123 2597,111 2597,70 2430,88 2404,71 2236,67 2202,81 2166,62 2116,80"/>
                <Baseline points="2123,94 2148,95 2174,95 2200,96 2226,96 2252,96 2278,97 2304,97 2330,97 2356,98 2381,98 2407,98 2433,98 2459,99 2485,99 2511,99 2537,99 2563,99 2589,100"/>
                <TextEquiv>
                    <Unicode>RENEBEN</Unicode>
                </TextEquiv>
            </TextLine>
            <TextLine id="r3l2" custom="readingOrder {index:1;}">
                <Coords points="2178,169 2501,182 2525,168 2554,180 2596,168 2597,126 2547,116 2517,132 2484,119 2369,136 2311,114 2223,127 2179,106"/>
                <Baseline points="2186,161 2211,161 2236,162 2261,162 2286,162 2311,162 2336,163 2361,163 2387,163 2412,164 2437,164 2462,164 2487,165 2512,165 2537,165 2562,165 2588,165"/>
                <TextEquiv>
                    <Unicode>I., Kärntnerstrasse 26</Unicode>
                </TextEquiv>
            </TextLine>
            <TextLine id="r3l3" custom="readingOrder {index:2;}">
                <Coords points="2188,222 2270,212 2287,223 2336,203 2376,227 2391,216 2446,228 2591,212 2591,171 2579,169 2499,182 2189,168"/>
                <Baseline points="2196,201 2221,202 2247,203 2273,204 2299,205 2325,205 2351,205 2377,205 2402,205 2428,205 2454,205 2480,206 2506,206 2532,206 2558,207 2584,207"/>
                <TextEquiv>
                    <Unicode>Eingang: Schwangasse 1</Unicode>
                </TextEquiv>
            </TextLine>
            <TextLine id="r3l4" custom="readingOrder {index:3;}">
                <Coords points="1972,291 2445,273 2760,302 2789,298 2790,224 2585,254 2475,231 2436,255 2384,226 2341,250 2099,222 1972,242"/>
                <Baseline points="1980,277 2020,276 2060,276 2100,276 2140,276 2180,276 2220,276 2260,276 2300,276 2340,277 2381,277 2421,278 2461,279 2501,280 2541,281 2581,281 2621,282 2661,284 2701,285 2741,286 2782,287"/>
                <TextEquiv>
                    <Unicode>eröffnet heute seine Salons und bringt</Unicode>
                </TextEquiv>
            </TextLine>
            <TextLine id="r3l5" custom="readingOrder {index:4;}">
                <Coords points="1972,333 2787,346 2787,300 2672,286 1973,292"/>
                <Baseline points="1980,323 2022,324 2064,324 2106,324 2148,325 2190,325 2232,325 2274,326 2316,326 2358,326 2400,327 2442,327 2484,327 2526,328 2568,329 2610,329 2652,330 2694,330 2736,331 2779,332"/>
                <TextEquiv>
                    <Unicode>die neuesten Schöpfungen sewie die letzten</Unicode>
                </TextEquiv>
            </TextLine>
            <TextLine id="r3l6" custom="readingOrder {index:5;}">
                <Coords points="1977,380 2743,397 2795,390 2796,348 1977,331"/>
                <Baseline points="1985,373 2025,373 2065,373 2105,373 2145,373 2185,373 2225,373 2266,373 2306,374 2346,374 2386,374 2426,375 2466,375 2506,376 2547,376 2587,377 2627,378 2667,378 2707,379 2747,380 2788,381"/>
                <TextEquiv>
                    <Unicode>Original Farlser Modollhüte zur Schau¬</Unicode>
                </TextEquiv>
            </TextLine>
            <TextLine id="r3l7" custom="readingOrder {index:6;}">
                <Coords points="1775,653 2757,638 2947,674 2999,668 3000,622 1775,593"/>
                <Baseline points="1782,645 1842,646 1902,646 1963,646 2023,647 2084,647 2144,647 2205,648 2265,648 2326,648 2386,649 2446,649 2507,650 2567,651 2628,651 2688,652 2749,653 2809,654 2870,654 2930,655 2991,656"/>
                <TextEquiv>
                    <Unicode>der Liste der angenommenen Stücke lieber, als die gesamte</Unicode>
                </TextEquiv>
            </TextLine>
            <TextLine id="r3l8" custom="readingOrder {index:7;}">
                <Coords points="1767,694 1790,708 1847,703 1856,711 1927,697 2056,706 2056,643 2010,663 1975,651 1953,665 1935,651 1910,660 1846,648 1832,660 1767,651"/>
                <Baseline points="1775,694 1802,693 1829,693 1856,692 1884,691 1911,691 1938,691 1966,691 1993,692 2020,693 2048,695"/>
                <TextEquiv>
                    <Unicode>Produktion der</Unicode>
                </TextEquiv>
            </TextLine>
            <TextLine id="r3l9" custom="readingOrder {index:8;}">
                <Coords points="2060,700 2072,699 2078,705 2092,700 2101,709 2117,714 2132,707 2141,714 2164,712 2164,660 2155,658 2149,664 2139,661 2116,674 2109,666 2096,663 2072,680 2060,677"/>
                <Baseline points="2067,697 2097,699 2127,700 2157,695"/>
                <TextEquiv>
                    <Unicode>* „</Unicode>
                </TextEquiv>
            </TextLine>
            <TextLine id="r3l10" custom="readingOrder {index:9;}">
                <Coords points="2182,705 2604,717 2669,693 2776,721 2987,719 2975,659 2182,669"/>
                <Baseline points="2190,694 2229,695 2269,696 2308,697 2348,697 2387,698 2427,698 2466,698 2506,698 2545,698 2585,699 2624,699 2664,699 2703,699 2743,699 2782,699 2822,699 2861,699 2901,700 2940,700 2980,701"/>
                <TextEquiv>
                    <Unicode>aber man soll, ist man vom Standpunkt</Unicode>
                </TextEquiv>
            </TextLine>
            <TextLine id="r3l11" custom="readingOrder {index:10;}">
                <Coords points="1774,750 2992,763 2993,722 1775,702"/>
                <Baseline points="1782,740 1842,740 1902,740 1962,740 2022,740 2082,741 2142,741 2202,741 2262,742 2322,742 2383,743 2443,743 2503,744 2563,745 2623,745 2683,746 2743,747 2803,747 2863,748 2923,749 2984,750"/>
                <TextEquiv>
                    <Unicode>des Geschäftstheatermenschen dem modernen Schaffen so wenig</Unicode>
                </TextEquiv>
            </TextLine>
            <TextLine id="r3l12" custom="readingOrder {index:11;}">
                <Coords points="1773,800 2994,800 2956,755 1773,759"/>
                <Baseline points="1780,791 1840,790 1900,789 1960,789 2021,788 2081,788 2141,788 2202,789 2262,789 2322,790 2383,790 2443,791 2503,792 2563,792 2624,793 2684,793 2744,794 2805,794 2865,795 2925,795 2986,795"/>
                <TextEquiv>
                    <Unicode>geneigt, zumindest keine Namen nennen. Die Praxis hat jedenfalls</Unicode>
                </TextEquiv>
            </TextLine>
            <TextLine id="r3l13" custom="readingOrder {index:12;}">
                <Coords points="1772,842 2993,851 2975,802 1772,800"/>
                <Baseline points="1779,836 1839,836 1899,835 1960,835 2020,836 2080,836 2141,836 2201,836 2261,837 2322,837 2382,838 2442,838 2503,839 2563,839 2623,840 2684,840 2744,841 2804,842 2865,842 2925,842 2986,843"/>
                <TextEquiv>
                    <Unicode>bewiesen, daß die Theater mit der modernen Literatur über Wedekind</Unicode>
                </TextEquiv>
            </TextLine>
            <TextLine id="r3l14" custom="readingOrder {index:13;}">
                <Coords points="1779,899 2980,910 2995,851 1779,845"/>
                <Baseline points="1787,884 1850,883 1913,883 1976,883 2039,883 2102,883 2165,884 2228,884 2291,885 2354,885 2418,886 2481,887 2544,887 2607,888 2670,889 2733,890 2796,890 2859,891 2922,892 2986,892"/>
                <TextEquiv>
                    <Unicode>hinaus keine Geschäft machen können, und leere Häuser kann sich</Unicode>
                </TextEquiv>
            </TextLine>
            <TextLine id="r3l15" custom="readingOrder {index:14;}">
                <Coords points="1778,937 2990,954 2990,908 2821,891 1778,902"/>
                <Baseline points="1785,931 1844,930 1904,930 1964,930 2024,930 2084,931 2144,931 2203,931 2263,931 2323,932 2383,932 2443,933 2503,933 2563,934 2622,934 2682,935 2742,936 2802,937 2862,938 2922,938 2982,939"/>
                <TextEquiv>
                    <Unicode>ein Direktor bei bester künstlerischer Absicht heute nicht leisten.</Unicode>
                </TextEquiv>
            </TextLine>
            <TextLine id="r3l16" custom="readingOrder {index:15;}">
                <Coords points="1773,984 2999,993 2999,950 2941,944 1773,943"/>
                <Baseline points="1781,979 1841,979 1902,979 1962,979 2023,979 2083,979 2144,979 2204,979 2265,979 2325,979 2386,980 2447,980 2507,981 2568,981 2628,982 2689,982 2749,983 2810,984 2870,985 2931,985 2992,987"/>
                <TextEquiv>
                    <Unicode>Die Direkto en greisen daher nach den Stücken des alten handfesten</Unicode>
                </TextEquiv>
            </TextLine>
            <TextLine id="r3l17" custom="readingOrder {index:16;}">
                <Coords points="1763,1024 2989,1044 2960,992 1763,984"/>
                <Baseline points="1771,1026 1831,1026 1892,1026 1952,1026 2013,1026 2073,1027 2134,1027 2194,1027 2255,1027 2315,1027 2376,1027 2437,1028 2497,1028 2558,1028 2618,1029 2679,1030 2739,1030 2800,1031 2860,1033 2921,1034 2982,1035"/>
                <TextEquiv>
                    <Unicode>Theaters, weil sie wissen, daß dem Publikum die Sardon=Technik noch</Unicode>
                </TextEquiv>
            </TextLine>
            <TextLine id="r3l18" custom="readingOrder {index:17;}">
                <Coords points="1767,1084 2978,1088 2961,1037 1767,1037"/>
                <Baseline points="1775,1075 1834,1074 1894,1074 1954,1073 2014,1073 2073,1074 2133,1074 2193,1074 2253,1074 2312,1075 2372,1075 2432,1076 2492,1077 2551,1077 2611,1078 2671,1079 2731,1079 2790,1080 2850,1080 2910,1080 2970,1081"/>
                <TextEquiv>
                    <Unicode>immer näherist als die Georg Kaisers. Der Erfolg des „Fall Clémenceau“</Unicode>
                </TextEquiv>
            </TextLine>
            <TextLine id="r3l19" custom="readingOrder {index:18;}">
                <Coords points="1775,1127 3005,1138 3005,1094 2869,1082 2125,1110 1775,1078"/>
                <Baseline points="1782,1121 1842,1121 1903,1122 1964,1122 2025,1122 2086,1123 2146,1123 2207,1123 2268,1124 2329,1124 2390,1124 2450,1125 2511,1125 2572,1126 2633,1126 2694,1126 2754,1127 2815,1128 2876,1128 2937,1129 2998,1129"/>
                <TextEquiv>
                    <Unicode>von Dumas etwa, das Aufsehen, das ein mit den Mitteln</Unicode>
                </TextEquiv>
            </TextLine>
            <TextLine id="r3l20" custom="readingOrder {index:19;}">
                <Coords points="1775,1177 2999,1179 2990,1140 2740,1125 1775,1128"/>
                <Baseline points="1782,1170 1842,1170 1902,1170 1963,1170 2023,1170 2084,1170 2144,1170 2205,1170 2265,1171 2326,1171 2386,1172 2446,1172 2507,1173 2567,1174 2628,1174 2688,1175 2749,1175 2809,1175 2870,1176 2930,1176 2991,1176"/>
                <TextEquiv>
                    <Unicode>ältesten Theaters gemachtes Stück, wie „Geständnis“, erregt, be¬</Unicode>
                </TextEquiv>
            </TextLine>
            <TextLine id="r3l21" custom="readingOrder {index:20;}">
                <Coords points="1768,1226 2875,1245 3001,1226 3002,1183 1768,1179"/>
                <Baseline points="1775,1217 1839,1217 1903,1218 1967,1218 2031,1218 2095,1218 2159,1218 2224,1219 2288,1219 2352,1219 2416,1219 2480,1220 2544,1220 2609,1220 2673,1221 2737,1221 2801,1222 2865,1223 2929,1224 2994,1225"/>
                <TextEquiv>
                    <Unicode>stimmt die Direktoren, sich nach dem Repertoite des alten Burg¬</Unicode>
                </TextEquiv>
            </TextLine>
            <TextLine id="r3l22" custom="readingOrder {index:21;}">
                <Coords points="1768,1276 2803,1290 2995,1281 2996,1239 1768,1227"/>
                <Baseline points="1776,1265 1836,1265 1897,1265 1957,1265 2018,1265 2078,1265 2139,1265 2199,1266 2260,1266 2320,1267 2381,1267 2442,1267 2502,1268 2563,1269 2623,1269 2684,1270 2744,1271 2805,1271 2865,1272 2926,1273 2987,1274"/>
                <TextEquiv>
                    <Unicode>theaters und der früheren Wiener Privattheater umzusehen. In</Unicode>
                </TextEquiv>
            </TextLine>
            <TextLine id="r3l23" custom="readingOrder {index:22;}">
                <Coords points="1772,1323 2217,1333 2288,1301 2349,1340 2798,1341 2896,1303 2992,1334 2992,1282 2870,1275 1772,1274"/>
                <Baseline points="1779,1314 1839,1313 1899,1313 1959,1313 2020,1313 2080,1313 2140,1314 2200,1314 2261,1315 2321,1315 2381,1316 2441,1316 2502,1317 2562,1317 2622,1318 2682,1318 2743,1318 2803,1318 2863,1318 2923,1318 2984,1317"/>
                <TextEquiv>
                    <Unicode>der Neuen Wiener Bühne erscheint nächstens „Rabagas“ von</Unicode>
                </TextEquiv>
            </TextLine>
            <TextLine id="r3l24" custom="readingOrder {index:23;}">
                <Coords points="1780,1370 2992,1385 2992,1334 2883,1320 1780,1321"/>
                <Baseline points="1788,1361 1847,1361 1907,1361 1967,1361 2027,1362 2087,1362 2146,1362 2206,1363 2266,1363 2326,1363 2386,1364 2445,1364 2505,1365 2565,1365 2625,1365 2685,1365 2744,1366 2804,1366 2864,1366 2924,1365 2984,1365"/>
                <TextEquiv>
                    <Unicode>Sardon, ein politisches Stück, das einzige politische Stück von</Unicode>
                </TextEquiv>
            </TextLine>
            <TextLine id="r3l25" custom="readingOrder {index:24;}">
                <Coords points="1776,1410 3000,1416 2919,1363 2652,1394 1776,1369"/>
                <Baseline points="1784,1409 1844,1409 1904,1409 1965,1409 2025,1410 2086,1410 2146,1410 2206,1411 2267,1411 2327,1411 2388,1412 2448,1412 2508,1412 2569,1413 2629,1413 2690,1413 2750,1413 2810,1413 2871,1414 2931,1413 2992,1413"/>
                <TextEquiv>
                    <Unicode>Sardou. „Rabagas“ hat manches, das eine Brücke zu unserer</Unicode>
                </TextEquiv>
            </TextLine>
            <TextLine id="r3l26" custom="readingOrder {index:25;}">
                <Coords points="1782,1471 2994,1481 2994,1420 1782,1415"/>
                <Baseline points="1790,1459 1849,1458 1909,1457 1969,1457 2029,1457 2089,1457 2148,1457 2208,1457 2268,1458 2328,1458 2388,1459 2447,1459 2507,1459 2567,1460 2627,1460 2687,1461 2746,1461 2806,1461 2866,1461 2926,1461 2986,1461"/>
                <TextEquiv>
                    <Unicode>Zeit schlagen könnte, die Revolution und ihre Helden sind Akteure</Unicode>
                </TextEquiv>
            </TextLine>
            <TextLine id="r3l27" custom="readingOrder {index:26;}">
                <Coords points="1787,1518 2988,1524 3002,1477 1787,1478"/>
                <Baseline points="1794,1505 1854,1505 1914,1505 1974,1505 2034,1505 2094,1505 2154,1506 2214,1506 2274,1506 2334,1507 2394,1507 2454,1507 2514,1508 2574,1508 2634,1508 2694,1509 2754,1509 2814,1509 2874,1510 2934,1510 2994,1510"/>
                <TextEquiv>
                    <Unicode>er Komödie und manches beziehungsreiche Wort fällt. Wir werden</Unicode>
                </TextEquiv>
            </TextLine>
            <TextLine id="r3l28" custom="readingOrder {index:27;}">
                <Coords points="1780,1559 2995,1565 2995,1519 2895,1512 1780,1524"/>
                <Baseline points="1787,1554 1847,1554 1907,1554 1967,1554 2027,1554 2087,1554 2147,1554 2207,1554 2267,1555 2327,1555 2387,1555 2447,1556 2507,1556 2567,1556 2627,1556 2687,1557 2747,1557 2807,1557 2867,1557 2927,1557 2988,1557"/>
                <TextEquiv>
                    <Unicode>a sehen, wie „Rabagas“ einem heutigen Publikum gefällt. Eines</Unicode>
                </TextEquiv>
            </TextLine>
            <TextLine id="r3l29" custom="readingOrder {index:28;}">
                <Coords points="1787,1610 3004,1623 2989,1564 1788,1559"/>
                <Baseline points="1795,1600 1855,1600 1915,1599 1975,1599 2035,1599 2095,1599 2155,1600 2215,1600 2275,1600 2335,1601 2395,1601 2455,1602 2515,1602 2575,1603 2635,1603 2695,1603 2755,1603 2815,1603 2875,1603 2935,1603 2996,1603"/>
                <TextEquiv>
                    <Unicode>t sicher, die Theaterkniffe des alten Sardou sind die eines</Unicode>
                </TextEquiv>
            </TextLine>
            <TextLine id="r3l30" custom="readingOrder {index:29;}">
                <Coords points="1797,1653 2786,1675 2989,1664 2990,1612 1797,1607"/>
                <Baseline points="1805,1646 1863,1646 1922,1646 1981,1646 2040,1646 2099,1647 2158,1647 2216,1647 2275,1648 2334,1648 2393,1649 2452,1649 2511,1650 2570,1650 2628,1651 2687,1651 2746,1652 2805,1652 2864,1652 2923,1652 2982,1653"/>
                <TextEquiv>
                    <Unicode>Schriftstellers, der zwischen Kulissen Bescheid weiß. Es kann sich</Unicode>
                </TextEquiv>
            </TextLine>
            <TextLine id="r3l31" custom="readingOrder {index:30;}">
                <Coords points="1788,1714 2954,1737 2993,1674 1789,1657"/>
                <Baseline points="1796,1695 1855,1695 1914,1694 1974,1694 2033,1694 2093,1695 2152,1695 2212,1696 2271,1696 2331,1697 2390,1698 2449,1698 2509,1699 2568,1700 2628,1700 2687,1701 2747,1701 2806,1702 2866,1702 2925,1702 2985,1701"/>
                <TextEquiv>
                    <Unicode>lso nur darum handeln, ob das Thema an sich genug zeit¬</Unicode>
                </TextEquiv>
            </TextLine>
            <TextLine id="r3l32" custom="readingOrder {index:31;}">
                <Coords points="1782,1776 1811,1761 1866,1761 1895,1749 1931,1764 1963,1761 1963,1709 1917,1699 1892,1716 1857,1692 1831,1706 1820,1702 1812,1710 1782,1710"/>
                <Baseline points="1790,1743 1817,1742 1845,1742 1873,1742 1900,1742 1928,1742 1956,1743"/>
                <TextEquiv>
                    <Unicode>emäß ist.</Unicode>
                </TextEquiv>
            </TextLine>
            <TextLine id="r3l33" custom="readingOrder {index:32;}">
                <Coords points="1884,1796 2973,1813 2995,1745 1884,1749"/>
                <Baseline points="1891,1788 1945,1789 2000,1789 2055,1790 2110,1790 2165,1791 2219,1791 2274,1792 2329,1792 2384,1793 2439,1793 2493,1794 2548,1794 2603,1794 2658,1794 2713,1795 2767,1795 2822,1795 2877,1795 2932,1795 2987,1795"/>
                <TextEquiv>
                    <Unicode>Langsam wird nun die moderne französische Literatur wieder</Unicode>
                </TextEquiv>
            </TextLine>
            <TextLine id="r3l34" custom="readingOrder {index:33;}">
                <Coords points="1777,1848 2988,1853 2988,1811 2931,1800 1777,1805"/>
                <Baseline points="1784,1838 1843,1838 1903,1838 1963,1838 2023,1838 2083,1838 2142,1838 2202,1839 2262,1840 2322,1840 2382,1841 2441,1841 2501,1842 2561,1843 2621,1843 2681,1843 2740,1843 2800,1844 2860,1843 2920,1843 2980,1843"/>
                <TextEquiv>
                    <Unicode>auf unsere Bühnen kommen. Die Franzosen find ja bereit, ihre</Unicode>
                </TextEquiv>
            </TextLine>
            <TextLine id="r3l35" custom="readingOrder {index:34;}">
                <Coords points="1774,1899 2995,1901 2969,1850 1774,1848"/>
                <Baseline points="1781,1885 1841,1885 1901,1885 1962,1885 2022,1886 2082,1886 2143,1886 2203,1887 2263,1887 2324,1888 2384,1888 2444,1889 2505,1889 2565,1890 2625,1890 2686,1890 2746,1891 2806,1891 2867,1892 2927,1892 2988,1892"/>
                <TextEquiv>
                    <Unicode>Stücke deutschen Verlegern zu überlassen, aber die Bedingungen ...!</Unicode>
                </TextEquiv>
            </TextLine>
            <TextLine id="r3l36" custom="readingOrder {index:35;}">
                <Coords points="1780,1948 2993,1948 2993,1913 2917,1900 1780,1896"/>
                <Baseline points="1788,1934 1847,1933 1907,1933 1967,1933 2027,1933 2087,1934 2147,1934 2207,1934 2267,1935 2327,1935 2387,1936 2446,1936 2506,1937 2566,1938 2626,1938 2686,1939 2746,1939 2806,1940 2866,1940 2926,1941 2986,1941"/>
                <TextEquiv>
                    <Unicode>In Frank muß garantiert werden! Der Verleger ist da gezwungen,</Unicode>
                </TextEquiv>
            </TextLine>
            <TextLine id="r3l37" custom="readingOrder {index:36;}">
                <Coords points="1772,1999 2993,2006 2994,1948 1772,1953"/>
                <Baseline points="1780,1980 1840,1980 1900,1980 1960,1980 2021,1980 2081,1981 2141,1981 2202,1982 2262,1982 2322,1983 2383,1983 2443,1984 2503,1985 2563,1985 2624,1986 2684,1986 2744,1987 2805,1987 2865,1988 2925,1988 2986,1988"/>
                <TextEquiv>
                    <Unicode>ein kleines Vermögen in ein Stück zu investieren, das dann trotz</Unicode>
                </TextEquiv>
            </TextLine>
            <TextLine id="r3l38" custom="readingOrder {index:37;}">
                <Coords points="1774,2032 2955,2054 3001,2044 3002,1990 1774,1997"/>
                <Baseline points="1782,2027 1842,2027 1903,2028 1963,2028 2024,2028 2085,2029 2145,2029 2206,2030 2266,2030 2327,2031 2388,2032 2448,2032 2509,2033 2569,2033 2630,2034 2691,2034 2751,2035 2812,2035 2872,2035 2933,2035 2994,2034"/>
                <TextEquiv>
                    <Unicode>eines Riesenerfolges in Paris in Wien nicht gesällt. Solche</Unicode>
                </TextEquiv>
            </TextLine>
            <TextLine id="r3l39" custom="readingOrder {index:38;}">
                <Coords points="1780,2093 2998,2098 2998,2043 1780,2031"/>
                <Baseline points="1788,2075 1848,2075 1908,2076 1968,2077 2028,2077 2088,2078 2148,2078 2208,2079 2268,2079 2328,2080 2389,2080 2449,2081 2509,2081 2569,2081 2629,2081 2689,2082 2749,2082 2809,2081 2869,2081 2929,2081 2990,2080"/>
                <TextEquiv>
                    <Unicode>Fälle waren eben da. Eine sxanzösische Komödie „Les nouveaux</Unicode>
                </TextEquiv>
            </TextLine>
            <TextLine id="r3l40" custom="readingOrder {index:39;}">
                <Coords points="1764,2131 2847,2149 2997,2136 2998,2098 1764,2095"/>
                <Baseline points="1771,2124 1835,2124 1899,2124 1963,2124 2027,2124 2091,2125 2155,2125 2220,2126 2284,2126 2348,2127 2412,2127 2476,2128 2540,2128 2605,2129 2669,2130 2733,2130 2797,2130 2861,2130 2925,2130 2990,2129"/>
                <TextEquiv>
                    <Unicode>riches“ wanderte hier von einem Theater ins andere und</Unicode>
                </TextEquiv>
            </TextLine>
            <TextLine id="r3l41" custom="readingOrder {index:40;}">
                <Coords points="1766,2178 3004,2189 2951,2136 1766,2129"/>
                <Baseline points="1774,2169 1835,2171 1896,2172 1957,2173 2018,2173 2079,2174 2140,2175 2201,2175 2262,2176 2323,2176 2385,2176 2446,2176 2507,2177 2568,2177 2629,2177 2690,2177 2751,2177 2812,2178 2873,2178 2934,2178 2996,2178"/>
                <TextEquiv>
                    <Unicode>kein Direktor getraute sich zuzugreifen. Das Stück war in</Unicode>
                </TextEquiv>
            </TextLine>
            <TextLine id="r3l42" custom="readingOrder {index:41;}">
                <Coords points="1766,2226 2996,2237 2996,2185 2826,2176 1766,2178"/>
                <Baseline points="1773,2220 1833,2220 1894,2220 1955,2220 2016,2220 2076,2220 2137,2220 2198,2221 2259,2221 2319,2222 2380,2222 2441,2223 2502,2223 2562,2224 2623,2224 2684,2225 2745,2225 2805,2226 2866,2226 2927,2227 2988,2227"/>
                <TextEquiv>
                    <Unicode>Paris über sunshundertmal aufgeführt worden, denn es schildert so</Unicode>
                </TextEquiv>
            </TextLine>
            <TextLine id="r3l43" custom="readingOrder {index:42;}">
                <Coords points="1771,2278 3000,2275 2940,2230 1771,2230"/>
                <Baseline points="1778,2270 1838,2269 1899,2269 1960,2268 2020,2268 2081,2268 2142,2269 2202,2269 2263,2269 2324,2270 2385,2270 2445,2271 2506,2271 2567,2272 2627,2272 2688,2273 2749,2273 2809,2273 2870,2273 2931,2273 2992,2273"/>
                <TextEquiv>
                    <Unicode>spezifisch Pariser Verhältnisse, daß eine Lokalisierung das be¬</Unicode>
                </TextEquiv>
            </TextLine>
            <TextLine id="r3l44" custom="readingOrder {index:43;}">
                <Coords points="1762,2322 2994,2326 2994,2291 2908,2275 1762,2279"/>
                <Baseline points="1770,2314 1830,2315 1891,2315 1952,2315 2013,2315 2074,2316 2134,2316 2195,2316 2256,2317 2317,2317 2378,2318 2438,2318 2499,2318 2560,2319 2621,2319 2682,2320 2742,2320 2803,2321 2864,2321 2925,2322 2986,2323"/>
                <TextEquiv>
                    <Unicode>sondere Pafüm der Szenen genommen hätte. Ein Pariser Stück,</Unicode>
                </TextEquiv>
            </TextLine>
            <TextLine id="r3l45" custom="readingOrder {index:44;}">
                <Coords points="1769,2366 2821,2388 2976,2378 3000,2342 1769,2325"/>
                <Baseline points="1776,2361 1836,2362 1897,2362 1958,2363 2019,2363 2080,2364 2140,2364 2201,2364 2262,2365 2323,2365 2384,2366 2444,2366 2505,2366 2566,2367 2627,2367 2688,2367 2748,2368 2809,2368 2870,2368 2931,2369 2992,2369"/>
                <TextEquiv>
                    <Unicode>das einen großen Erfolg auch außerhalb Paris in sich trägt. „L’école</Unicode>
                </TextEquiv>
            </TextLine>
            <TextLine id="r3l46" custom="readingOrder {index:45;}">
                <Coords points="1769,2420 2941,2431 2996,2428 2997,2373 1769,2366"/>
                <Baseline points="1777,2409 1837,2409 1898,2410 1958,2410 2019,2410 2079,2411 2140,2412 2200,2412 2261,2412 2321,2413 2382,2413 2443,2414 2503,2414 2564,2415 2624,2415 2685,2415 2745,2415 2806,2415 2866,2415 2927,2414 2988,2414"/>
                <TextEquiv>
                    <Unicode>des cocotes“, ist gerade auf dem Wege aus Paris in die</Unicode>
                </TextEquiv>
            </TextLine>
            <TextLine id="r3l47" custom="readingOrder {index:46;}">
                <Coords points="1771,2467 2992,2484 2992,2431 2909,2410 1771,2420"/>
                <Baseline points="1779,2457 1839,2457 1899,2457 1959,2457 2020,2458 2080,2458 2140,2458 2200,2459 2261,2459 2321,2460 2381,2460 2441,2460 2502,2461 2562,2461 2622,2462 2682,2462 2743,2462 2803,2462 2863,2462 2923,2462 2984,2461"/>
                <TextEquiv>
                    <Unicode>besiegten Länder. Vielleicht bekommen wir es nächstens zu sehen.</Unicode>
                </TextEquiv>
            </TextLine>
            <TextLine id="r3l48" custom="readingOrder {index:47;}">
                <Coords points="1769,2513 2989,2517 2952,2468 1769,2466"/>
                <Baseline points="1777,2504 1837,2505 1897,2505 1957,2506 2017,2506 2078,2506 2138,2507 2198,2507 2258,2507 2318,2507 2379,2508 2439,2508 2499,2508 2559,2508 2619,2508 2680,2509 2740,2509 2800,2509 2860,2509 2920,2509 2981,2509"/>
                <TextEquiv>
                    <Unicode>Auch eine der beiden neuen Sacha=Guitry=Komödien „Mein</Unicode>
                </TextEquiv>
            </TextLine>
            <TextLine id="r3l49" custom="readingOrder {index:48;}">
                <Coords points="1763,2566 2989,2563 2978,2514 2839,2544 1763,2515"/>
                <Baseline points="1771,2552 1831,2552 1892,2553 1952,2554 2013,2554 2073,2555 2134,2555 2194,2556 2255,2556 2315,2556 2376,2556 2436,2557 2497,2557 2557,2557 2618,2557 2678,2557 2739,2557 2799,2557 2860,2557 2920,2558 2981,2558"/>
                <TextEquiv>
                    <Unicode>Vater hat recht“ oder „Ich liebe dich“ wird wohl hier gespielt</Unicode>
                </TextEquiv>
            </TextLine>
            <TextLine id="r3l50" custom="readingOrder {index:49;}">
                <Coords points="1761,2602 2629,2627 2861,2596 2981,2632 3000,2563 1761,2566"/>
                <Baseline points="1769,2600 1830,2600 1891,2601 1952,2601 2013,2601 2074,2602 2135,2602 2197,2603 2258,2603 2319,2604 2380,2604 2441,2605 2502,2605 2563,2605 2625,2606 2686,2606 2747,2606 2808,2606 2869,2606 2930,2606 2992,2605"/>
                <TextEquiv>
                    <Unicode>werden. Guitrys schönste Arbeit, das Lebensbild „Pasteur“ eignet</Unicode>
                </TextEquiv>
            </TextLine>
            <TextLine id="r3l51" custom="readingOrder {index:50;}">
                <Coords points="1771,2658 2984,2665 2984,2614 2860,2601 1771,2609"/>
                <Baseline points="1778,2647 1837,2648 1897,2649 1957,2649 2017,2650 2077,2651 2137,2651 2197,2652 2257,2652 2317,2653 2377,2653 2436,2653 2496,2654 2556,2654 2616,2654 2676,2654 2736,2654 2796,2654 2856,2654 2916,2654 2976,2653"/>
                <TextEquiv>
                    <Unicode>sich für unser großes Publikum nicht, weil ihm die Basis der</Unicode>
                </TextEquiv>
            </TextLine>
            <TextLine id="r3l52" custom="readingOrder {index:51;}">
                <Coords points="1767,2722 1893,2705 1929,2721 1981,2702 2009,2716 2149,2703 2202,2721 2268,2709 2268,2672 2242,2660 2081,2669 2013,2652 1980,2672 1924,2653 1894,2668 1768,2657"/>
                <Baseline points="1775,2700 1800,2699 1826,2699 1851,2698 1877,2698 1902,2697 1928,2697 1954,2697 1979,2697 2005,2697 2030,2698 2056,2698 2081,2698 2107,2698 2133,2699 2158,2699 2184,2699 2209,2700 2235,2700 2261,2700"/>
                <TextEquiv>
                    <Unicode>Popularität Pasteurs fehlt.</Unicode>
                </TextEquiv>
            </TextLine>
            <TextLine id="r3l53" custom="readingOrder {index:52;}">
                <Coords points="1882,2762 2988,2773 2988,2723 2885,2705 1882,2708"/>
                <Baseline points="1890,2752 1944,2753 1999,2754 2053,2755 2108,2756 2162,2756 2217,2757 2271,2757 2326,2758 2380,2758 2435,2758 2489,2758 2544,2759 2598,2759 2653,2759 2707,2759 2762,2760 2816,2760 2871,2761 2925,2761 2980,2762"/>
                <TextEquiv>
                    <Unicode>Augenblicklich sind die Theaterkanzleien damit beschäftigt,</Unicode>
                </TextEquiv>
            </TextLine>
            <TextLine id="r3l54" custom="readingOrder {index:53;}">
                <Coords points="1768,2805 3000,2819 2962,2768 1768,2765"/>
                <Baseline points="1776,2800 1836,2800 1897,2801 1958,2802 2019,2802 2080,2803 2140,2804 2201,2804 2262,2805 2323,2805 2384,2805 2444,2806 2505,2806 2566,2807 2627,2807 2688,2808 2748,2808 2809,2808 2870,2809 2931,2809 2992,2809"/>
                <TextEquiv>
                    <Unicode>Stücke abzulehnen, die Szenenreihen à la „Reigen“ bringen.</Unicode>
                </TextEquiv>
            </TextLine>
            <TextLine id="r3l55" custom="readingOrder {index:54;}">
                <Coords points="1765,2854 3000,2857 3000,2819 2795,2802 1765,2809"/>
                <Baseline points="1773,2848 1834,2848 1895,2849 1956,2849 2017,2850 2078,2850 2139,2851 2200,2852 2261,2852 2322,2853 2383,2853 2444,2854 2505,2854 2566,2854 2627,2855 2688,2855 2749,2855 2810,2855 2871,2855 2932,2855 2993,2854"/>
                <TextEquiv>
                    <Unicode>Bekanntere und unbekanniere Autoren sind bestrebt, die „Reigen“.</Unicode>
                </TextEquiv>
            </TextLine>
            <TextLine id="r3l56" custom="readingOrder {index:55;}">
                <Coords points="1767,2903 2960,2921 3001,2869 1767,2852"/>
                <Baseline points="1774,2897 1834,2897 1895,2898 1956,2898 2017,2898 2078,2899 2139,2899 2200,2900 2261,2900 2322,2900 2383,2901 2443,2901 2504,2902 2565,2902 2626,2902 2687,2903 2748,2903 2809,2903 2870,2903 2931,2903 2992,2904"/>
                <TextEquiv>
                    <Unicode>Kühnheit Schnitzlers in den Schatten zu stellen. Eines dieser</Unicode>
                </TextEquiv>
            </TextLine>
            <TextLine id="r3l57" custom="readingOrder {index:56;}">
                <Coords points="1766,2954 2987,2963 2975,2911 1766,2903"/>
                <Baseline points="1773,2944 1833,2944 1893,2944 1954,2945 2014,2945 2074,2946 2135,2946 2195,2947 2255,2948 2316,2948 2376,2949 2436,2949 2497,2950 2557,2950 2617,2950 2678,2951 2738,2951 2798,2950 2859,2950 2919,2949 2980,2949"/>
                <TextEquiv>
                    <Unicode>Stücke ist stärter als des andere. Die Phantafie von Gymnasiasten</Unicode>
                </TextEquiv>
            </TextLine>
            <TextLine id="r3l58" custom="readingOrder {index:57;}">
                <Coords points="1765,2999 2992,3019 2992,2962 2954,2958 1765,2955"/>
                <Baseline points="1773,2991 1833,2992 1894,2992 1954,2992 2015,2993 2076,2993 2136,2994 2197,2995 2257,2995 2318,2996 2379,2996 2439,2997 2500,2997 2560,2997 2621,2998 2682,2998 2742,2998 2803,2998 2863,2998 2924,2998 2985,2997"/>
                <TextEquiv>
                    <Unicode>holt Verschollenes aus der Geheimlade und glaubt nun die Zeit</Unicode>
                </TextEquiv>
            </TextLine>
            <TextLine id="r3l59" custom="readingOrder {index:58;}">
                <Coords points="1766,3050 3009,3051 3009,3005 2968,3003 1766,3000"/>
                <Baseline points="1774,3040 1835,3040 1896,3041 1958,3041 2019,3041 2081,3042 2142,3042 2203,3042 2265,3043 2326,3043 2388,3044 2449,3044 2510,3045 2572,3045 2633,3045 2695,3046 2756,3046 2817,3046 2879,3046 2940,3046 3002,3046"/>
                <TextEquiv>
                    <Unicode>für gekommen. Dekadente Dichter mühen sich, den „Reigen“ zu</Unicode>
                </TextEquiv>
            </TextLine>
            <TextLine id="r3l60" custom="readingOrder {index:59;}">
                <Coords points="1770,3092 3010,3112 3010,3050 1770,3048"/>
                <Baseline points="1778,3085 1839,3086 1900,3086 1961,3087 2022,3088 2084,3089 2145,3089 2206,3090 2267,3090 2328,3091 2390,3091 2451,3091 2512,3092 2573,3092 2634,3092 2696,3092 2757,3093 2818,3093 2879,3093 2940,3094 3002,3094"/>
                <TextEquiv>
                    <Unicode>übertrumpfen, allüberall sucht man nach erotischer Literatur und</Unicode>
                </TextEquiv>
            </TextLine>
            <TextLine id="r3l61" custom="readingOrder {index:60;}">
                <Coords points="1766,3144 2978,3155 2978,3095 1766,3095"/>
                <Baseline points="1773,3133 1832,3134 1892,3135 1952,3135 2012,3136 2072,3136 2132,3137 2192,3138 2252,3138 2312,3139 2372,3139 2431,3140 2491,3140 2551,3140 2611,3140 2671,3141 2731,3141 2791,3141 2851,3141 2911,3141 2971,3140"/>
                <TextEquiv>
                    <Unicode>die Plakatsäulen kündigen schon einen Schwank: „Aber</Unicode>
                </TextEquiv>
            </TextLine>
            <TextLine id="r3l62" custom="readingOrder {index:61;}">
                <Coords points="1767,3192 2987,3197 2987,3157 2846,3144 1768,3145"/>
                <Baseline points="1775,3182 1835,3182 1895,3182 1955,3182 2016,3183 2076,3183 2136,3184 2196,3184 2257,3185 2317,3185 2377,3186 2437,3186 2498,3187 2558,3187 2618,3188 2678,3188 2739,3188 2799,3188 2859,3188 2919,3187 2980,3187"/>
                <TextEquiv>
                    <Unicode>lauf doch nicht so nackt herum“ an. Dieser Schwank und sein</Unicode>
                </TextEquiv>
            </TextLine>
            <TextLine id="r3l63" custom="readingOrder {index:62;}">
                <Coords points="1762,3236 2989,3256 2990,3194 1762,3190"/>
                <Baseline points="1770,3229 1830,3229 1891,3229 1951,3229 2012,3230 2073,3230 2133,3231 2194,3231 2254,3232 2315,3233 2376,3234 2436,3234 2497,3235 2557,3235 2618,3236 2679,3236 2739,3236 2800,3236 2860,3236 2921,3235 2982,3235"/>
                <TextEquiv>
                    <Unicode>Titel sind nämlich von Georges Feydeau, aber die Zensur wollte</Unicode>
                </TextEquiv>
            </TextLine>
            <TextLine id="r3l64" custom="readingOrder {index:63;}">
                <Coords points="1764,3288 2870,3291 2870,3251 2824,3239 1764,3239"/>
                <Baseline points="1772,3278 1826,3277 1881,3277 1935,3277 1990,3277 2044,3278 2099,3278 2153,3279 2208,3279 2262,3280 2317,3280 2371,3281 2426,3282 2480,3283 2535,3283 2589,3283 2644,3284 2698,3284 2753,3284 2807,3283 2862,3283"/>
                <TextEquiv>
                    <Unicode>sich trotzdem anfangs nicht bequemen, den Titel zuzulassen.</Unicode>
                </TextEquiv>
            </TextLine>
            <TextLine id="r3l65" custom="readingOrder {index:64;}">
                <Coords points="2890,3294 2907,3290 2913,3292 2917,3287 2944,3288 2952,3295 2962,3287 2973,3290 2972,3244 2958,3246 2948,3240 2939,3240 2935,3245 2924,3242 2912,3252 2907,3247 2889,3248"/>
                <Baseline points="2897,3285 2931,3281 2965,3283"/>
                <TextEquiv>
                    <Unicode>Sie</Unicode>
                </TextEquiv>
            </TextLine>
            <TextLine id="r3l66" custom="readingOrder {index:65;}">
                <Coords points="1770,3334 2997,3357 2998,3294 1770,3288"/>
                <Baseline points="1778,3327 1838,3327 1899,3326 1959,3326 2020,3326 2081,3326 2141,3327 2202,3327 2262,3328 2323,3329 2384,3329 2444,3330 2505,3330 2565,3331 2626,3332 2687,3332 2747,3332 2808,3332 2868,3332 2929,3332 2990,3331"/>
                <TextEquiv>
                    <Unicode>schlug Bekleidungen der nackten Dame vor. Doch schließlich ließ</Unicode>
                </TextEquiv>
            </TextLine>
            <TextLine id="r3l67" custom="readingOrder {index:66;}">
                <Coords points="1770,3383 2988,3401 2988,3347 2913,3337 1770,3335"/>
                <Baseline points="1778,3374 1838,3374 1898,3374 1958,3374 2018,3374 2078,3375 2138,3375 2198,3376 2258,3376 2318,3377 2379,3377 2439,3378 2499,3378 2559,3379 2619,3379 2679,3379 2739,3380 2799,3380 2859,3379 2919,3379 2980,3379"/>
                <TextEquiv>
                    <Unicode>sie es doch dabei. Sie gestattete nur nicht, doß die Dame, um</Unicode>
                </TextEquiv>
            </TextLine>
            <TextLine id="r3l68" custom="readingOrder {index:67;}">
                <Coords points="1759,3429 2892,3435 2855,3384 1760,3383"/>
                <Baseline points="1767,3422 1822,3421 1878,3421 1934,3421 1990,3421 2046,3421 2102,3422 2157,3422 2213,3423 2269,3423 2325,3424 2381,3424 2437,3425 2493,3426 2548,3426 2604,3426 2660,3426 2716,3427 2772,3426 2828,3426 2884,3425"/>
                <TextEquiv>
                    <Unicode>die es sich handelt — sie wird von einer Mücke gestochen</Unicode>
                </TextEquiv>
            </TextLine>
            <TextLine id="r3l69" custom="readingOrder {index:68;}">
                <Coords points="2943,3437 2950,3436 2952,3434 2960,3441 2974,3440 2969,3405 2960,3406 2952,3400 2949,3403 2938,3403"/>
                <Baseline points="2949,3427 2964,3425"/>
                <TextEquiv>
                    <Unicode>—</Unicode>
                </TextEquiv>
            </TextLine>
            <TextLine id="r3l70" custom="readingOrder {index:69;}">
                <Coords points="1766,3478 2995,3490 2995,3439 2943,3431 1766,3429"/>
                <Baseline points="1773,3470 1833,3470 1894,3469 1955,3469 2016,3469 2076,3470 2137,3470 2198,3471 2259,3471 2319,3472 2380,3472 2441,3473 2502,3474 2562,3474 2623,3475 2684,3475 2745,3475 2805,3475 2866,3475 2927,3474 2988,3474"/>
                <TextEquiv>
                    <Unicode>daß diese Dame in jenen Körperteil gestochen werde, den die</Unicode>
                </TextEquiv>
            </TextLine>
            <TextLine id="r3l71" custom="readingOrder {index:70;}">
                <Coords points="1766,3531 2981,3532 2972,3479 1766,3474"/>
                <Baseline points="1773,3518 1833,3518 1893,3518 1953,3518 2013,3518 2073,3518 2133,3518 2193,3518 2253,3519 2313,3519 2373,3520 2433,3520 2493,3520 2553,3521 2613,3521 2673,3522 2733,3522 2793,3522 2853,3522 2913,3522 2973,3522"/>
                <TextEquiv>
                    <Unicode>Regiebemerkung Feydeaus vorschreibt, sondern der Stich muß ein</Unicode>
                </TextEquiv>
            </TextLine>
            <TextLine id="r3l72" custom="readingOrder {index:71;}">
                <Coords points="1764,3576 2985,3597 2985,3537 2916,3524 1764,3534"/>
                <Baseline points="1772,3566 1832,3566 1892,3566 1952,3566 2013,3566 2073,3566 2133,3566 2194,3567 2254,3567 2314,3568 2375,3568 2435,3569 2495,3569 2555,3570 2616,3570 2676,3570 2736,3570 2797,3570 2857,3570 2917,3570 2978,3570"/>
                <TextEquiv>
                    <Unicode>wenig tiefer kommen ... Ins Bein. Hoffentlich kommt das</Unicode>
                </TextEquiv>
            </TextLine>
            <TextLine id="r3l73" custom="readingOrder {index:72;}">
                <Coords points="1770,3632 2518,3622 2518,3603 2325,3572 1770,3575"/>
                <Baseline points="1777,3616 1813,3615 1850,3614 1886,3614 1923,3613 1960,3613 1996,3613 2033,3613 2070,3613 2106,3613 2143,3613 2180,3613 2216,3613 2253,3614 2290,3614 2326,3614 2363,3615 2400,3616 2436,3616 2473,3617 2510,3618"/>
                <TextEquiv>
                    <Unicode>Theater auch dabei auf seine Kosten ...</Unicode>
                </TextEquiv>
            </TextLine>
            <TextLine id="r3l74" custom="readingOrder {index:73;}">
                <Coords points="1876,3674 2866,3659 2990,3692 2990,3626 1877,3623"/>
                <Baseline points="1884,3661 1938,3661 1993,3660 2048,3661 2103,3661 2158,3661 2213,3661 2268,3662 2323,3662 2378,3663 2433,3663 2487,3663 2542,3664 2597,3664 2652,3665 2707,3665 2762,3665 2817,3665 2872,3665 2927,3665 2982,3665"/>
                <TextEquiv>
                    <Unicode>Die Fedak spielt jetzt im Kabarett, weil sie dort eine</Unicode>
                </TextEquiv>
            </TextLine>
            <TextLine id="r3l75" custom="readingOrder {index:74;}">
                <Coords points="1770,3717 2988,3729 2988,3688 2933,3672 1770,3667"/>
                <Baseline points="1777,3710 1837,3709 1897,3709 1957,3708 2017,3708 2077,3708 2137,3708 2198,3708 2258,3709 2318,3709 2378,3710 2438,3710 2498,3711 2558,3711 2619,3712 2679,3712 2739,3713 2799,3713 2859,3713 2919,3713 2980,3713"/>
                <TextEquiv>
                    <Unicode>Gage bekommt, die ihr die Theater nicht zahlen können. Aber</Unicode>
                </TextEquiv>
            </TextLine>
            <TextLine id="r3l76" custom="readingOrder {index:75;}">
                <Coords points="1774,3769 2975,3769 2975,3731 2858,3713 1774,3726"/>
                <Baseline points="1781,3758 1840,3757 1899,3757 1959,3756 2018,3756 2077,3756 2137,3756 2196,3756 2255,3757 2315,3757 2374,3757 2433,3758 2493,3758 2552,3758 2611,3759 2671,3759 2730,3760 2789,3760 2849,3760 2908,3760 2968,3761"/>
                <TextEquiv>
                    <Unicode>vielleicht entschließt sie sich nächstens doch in einem Privattheater</Unicode>
                </TextEquiv>
            </TextLine>
            <TextLine id="r3l77" custom="readingOrder {index:76;}">
                <Coords points="1766,3811 2987,3821 2958,3768 1766,3769"/>
                <Baseline points="1773,3806 1833,3806 1893,3805 1954,3805 2014,3805 2074,3805 2135,3804 2195,3804 2255,3804 2316,3805 2376,3805 2436,3805 2497,3805 2557,3806 2617,3806 2678,3807 2738,3807 2798,3808 2859,3808 2919,3809 2980,3809"/>
                <TextEquiv>
                    <Unicode>aufzutreten. Sie hat es der Renaissancebühne versprochen und</Unicode>
                </TextEquiv>
            </TextLine>
            <TextLine id="r3l78" custom="readingOrder {index:77;}">
                <Coords points="1777,3857 2989,3875 2990,3820 1777,3820"/>
                <Baseline points="1785,3854 1844,3853 1904,3853 1964,3853 2024,3852 2084,3852 2144,3852 2203,3852 2263,3852 2323,3853 2383,3853 2443,3853 2503,3853 2563,3854 2622,3854 2682,3855 2742,3855 2802,3855 2862,3856 2922,3856 2982,3857"/>
                <TextEquiv>
                    <Unicode>andere Direktoren würden sie nicht ungern als Gast sehen. Die</Unicode>
                </TextEquiv>
            </TextLine>
            <TextLine id="r3l79" custom="readingOrder {index:78;}">
                <Coords points="1768,3911 2985,3911 2985,3871 2874,3857 1768,3858"/>
                <Baseline points="1776,3903 1836,3902 1896,3902 1956,3901 2016,3901 2076,3901 2136,3901 2196,3901 2256,3901 2316,3901 2376,3901 2436,3902 2496,3902 2556,3902 2616,3902 2676,3902 2736,3902 2796,3902 2856,3902 2916,3902 2977,3901"/>
                <TextEquiv>
                    <Unicode>Fedak möchte unter anderem sehr gern einen Schwank Wiener</Unicode>
                </TextEquiv>
            </TextLine>
            <TextLine id="r3l80" custom="readingOrder {index:79;}">
                <Coords points="1772,3966 2814,3973 2981,3958 2981,3907 1772,3909"/>
                <Baseline points="1779,3952 1838,3951 1898,3951 1958,3951 2018,3950 2077,3950 2137,3950 2197,3950 2257,3950 2316,3950 2376,3950 2436,3951 2496,3951 2555,3951 2615,3951 2675,3951 2735,3951 2794,3951 2854,3952 2914,3951 2974,3951"/>
                <TextEquiv>
                    <Unicode>Herkunft spielen. Den „Schrei nach dem Kind“. Dieser Schrei.</Unicode>
                </TextEquiv>
            </TextLine>
            <TextEquiv>
                <Unicode>RENEBEN
I., Kärntnerstrasse 26
Eingang: Schwangasse 1
eröffnet heute seine Salons und bringt
die neuesten Schöpfungen sewie die letzten
Original Farlser Modollhüte zur Schau¬
der Liste der angenommenen Stücke lieber, als die gesamte
Produktion der
* „
aber man soll, ist man vom Standpunkt
des Geschäftstheatermenschen dem modernen Schaffen so wenig
geneigt, zumindest keine Namen nennen. Die Praxis hat jedenfalls
bewiesen, daß die Theater mit der modernen Literatur über Wedekind
hinaus keine Geschäft machen können, und leere Häuser kann sich
ein Direktor bei bester künstlerischer Absicht heute nicht leisten.
Die Direkto en greisen daher nach den Stücken des alten handfesten
Theaters, weil sie wissen, daß dem Publikum die Sardon=Technik noch
immer näherist als die Georg Kaisers. Der Erfolg des „Fall Clémenceau“
von Dumas etwa, das Aufsehen, das ein mit den Mitteln
ältesten Theaters gemachtes Stück, wie „Geständnis“, erregt, be¬
stimmt die Direktoren, sich nach dem Repertoite des alten Burg¬
theaters und der früheren Wiener Privattheater umzusehen. In
der Neuen Wiener Bühne erscheint nächstens „Rabagas“ von
Sardon, ein politisches Stück, das einzige politische Stück von
Sardou. „Rabagas“ hat manches, das eine Brücke zu unserer
Zeit schlagen könnte, die Revolution und ihre Helden sind Akteure
er Komödie und manches beziehungsreiche Wort fällt. Wir werden
a sehen, wie „Rabagas“ einem heutigen Publikum gefällt. Eines
t sicher, die Theaterkniffe des alten Sardou sind die eines
Schriftstellers, der zwischen Kulissen Bescheid weiß. Es kann sich
lso nur darum handeln, ob das Thema an sich genug zeit¬
emäß ist.
Langsam wird nun die moderne französische Literatur wieder
auf unsere Bühnen kommen. Die Franzosen find ja bereit, ihre
Stücke deutschen Verlegern zu überlassen, aber die Bedingungen ...!
In Frank muß garantiert werden! Der Verleger ist da gezwungen,
ein kleines Vermögen in ein Stück zu investieren, das dann trotz
eines Riesenerfolges in Paris in Wien nicht gesällt. Solche
Fälle waren eben da. Eine sxanzösische Komödie „Les nouveaux
riches“ wanderte hier von einem Theater ins andere und
kein Direktor getraute sich zuzugreifen. Das Stück war in
Paris über sunshundertmal aufgeführt worden, denn es schildert so
spezifisch Pariser Verhältnisse, daß eine Lokalisierung das be¬
sondere Pafüm der Szenen genommen hätte. Ein Pariser Stück,
das einen großen Erfolg auch außerhalb Paris in sich trägt. „L’école
des cocotes“, ist gerade auf dem Wege aus Paris in die
besiegten Länder. Vielleicht bekommen wir es nächstens zu sehen.
Auch eine der beiden neuen Sacha=Guitry=Komödien „Mein
Vater hat recht“ oder „Ich liebe dich“ wird wohl hier gespielt
werden. Guitrys schönste Arbeit, das Lebensbild „Pasteur“ eignet
sich für unser großes Publikum nicht, weil ihm die Basis der
Popularität Pasteurs fehlt.
Augenblicklich sind die Theaterkanzleien damit beschäftigt,
Stücke abzulehnen, die Szenenreihen à la „Reigen“ bringen.
Bekanntere und unbekanniere Autoren sind bestrebt, die „Reigen“.
Kühnheit Schnitzlers in den Schatten zu stellen. Eines dieser
Stücke ist stärter als des andere. Die Phantafie von Gymnasiasten
holt Verschollenes aus der Geheimlade und glaubt nun die Zeit
für gekommen. Dekadente Dichter mühen sich, den „Reigen“ zu
übertrumpfen, allüberall sucht man nach erotischer Literatur und
die Plakatsäulen kündigen schon einen Schwank: „Aber
lauf doch nicht so nackt herum“ an. Dieser Schwank und sein
Titel sind nämlich von Georges Feydeau, aber die Zensur wollte
sich trotzdem anfangs nicht bequemen, den Titel zuzulassen.
Sie
schlug Bekleidungen der nackten Dame vor. Doch schließlich ließ
sie es doch dabei. Sie gestattete nur nicht, doß die Dame, um
die es sich handelt — sie wird von einer Mücke gestochen
—
daß diese Dame in jenen Körperteil gestochen werde, den die
Regiebemerkung Feydeaus vorschreibt, sondern der Stich muß ein
wenig tiefer kommen ... Ins Bein. Hoffentlich kommt das
Theater auch dabei auf seine Kosten ...
Die Fedak spielt jetzt im Kabarett, weil sie dort eine
Gage bekommt, die ihr die Theater nicht zahlen können. Aber
vielleicht entschließt sie sich nächstens doch in einem Privattheater
aufzutreten. Sie hat es der Renaissancebühne versprochen und
andere Direktoren würden sie nicht ungern als Gast sehen. Die
Fedak möchte unter anderem sehr gern einen Schwank Wiener
Herkunft spielen. Den „Schrei nach dem Kind“. Dieser Schrei.</Unicode>
            </TextEquiv>
        </TextRegion>
        <TextRegion orientation="0.0" id="r4" custom="readingOrder {index:3;}">
            <Coords points="3065,2960 3065,3117 3098,3117 3098,2960"/>
            <TextLine id="r4l1" custom="readingOrder {index:0;}">
                <Coords points="3059,3075 3073,3073 3083,3076 3091,3068 3108,3066 3092,2994 3079,2998 3066,2992 3062,2999 3055,2997 3043,3001"/>
                <Baseline points="3065,3067 3098,3060"/>
                <TextEquiv>
                    <Unicode>C</Unicode>
                </TextEquiv>
            </TextLine>
            <TextEquiv>
                <Unicode>C</Unicode>
            </TextEquiv>
        </TextRegion>
    </Page>
</PcGts>
