3336 4352
67 4052 578 4174 ee im Wiener La
663 4059 763 4158 ag
864 600 1527 679 Illustriertes Wiener Extrablatt
686 676 1642 753 es eine Bundesregierung zum ersten Male versucht
685 724 1654 796 die Autonomie des Landes Wien anzutasten, dagegen
688 773 1647 842 sofort und mit aller Eneraie zur Wehre setzen.
692 808 1650 887 Niemals hätte es dieser Herr Bundesminister gewagt,
690 852 1647 933 etwa mit dem Herrn Landeshauptmann
698 900 1656 973 von Vorarlberg oder Tirol so zu
692 936 1656 1017 verfahren, wie er es sich gegenüber dem Herrn
704 979 1657 1059 Landeshauptmann von Wien heraus¬
700 1034 1654 1100 nimmt. Indem wir diesen ersten Angriff auf unser
710 1065 1656 1145 Autonomie energisch abweisen, verteidigen wir unser
705 1114 1666 1187 autonomen Freiheiten für alle Zeit. (Großer Beifall
704 1172 1178 1256 bei den Sozialdemokraten.)
1608 1190 1663 1253 der
830 1191 1570 1274 Frau Dr. Seitz (christlichsozial) sagt,
703 1241 1666 1319 Bürgermeister habe sich schwer gegen das Volk von
704 1306 1006 1372 Wien versündigt
830 1303 1622 1404 Tosender Widerspruch bei der Mehrheit.
707 1377 1319 1452 Händeklatschen bei der Opposition.
830 1418 1662 1495 Frau Dr. Seitz: Der „Reigen“ ist nichts anderes.
720 1462 1664 1536 als eine Konzession an die Geilheit eines auswärtigen
716 1524 977 1587 Schiebertums
826 1551 1281 1628 Heftiger Lärm im Saale.
838 1600 1668 1668 Frau Dr. Seitz: Wir erheben flammenden
711 1635 1674 1705 Protest gegen dieses Vorgehen, das die Würde und
726 1688 1601 1752 Ehre deutscher Frauen auf das Tiefste verletzt
722 1720 1676 1797 Wir begrüßen freudig den Mut der Regierung, diesem
720 1785 1152 1849 Skandal Einhalt zu tun
832 1800 1277 1881 Minutenlanger Spektakel.
835 1848 1677 1929 Rufe bei den Sozialdemokraten: Melbinger¬
723 1904 1680 1971 Moral! Hier handelt es sich um die Autonomie
734 1962 982 2029 der Gemeinde.
836 1979 1691 2064 Frau Dr. Seitz (sehr erregt): Hüten Sie sich.
724 2040 1483 2098 spielen Sie nicht mit dem Aeußersten ...
849 2088 1172 2149 Tumult im Saale.
856 2123 1695 2195 Frau Dr. Seitz schließt mit der Aufforderung
734 2161 1690 2231 an den Bürgermeister, das Stück zu verbieten. (Die
741 2204 1688 2275 Christlichsozialen klatschen lebhaft in die Hände. Die
736 2251 1480 2320 Sozialdemokraten wehren den Beifall ab.)
789 2313 1664 2406 Ein Zusammenstoß zwischen Frauen.
856 2387 1702 2453 Zwischen der sozialdemokratischen Abgeordneten
746 2428 1701 2499 Fräulein Kramer und einigen christlichsozialen Frauen¬
750 2471 1697 2547 Abgeordneten entsteht ein heftiger Streu. Letziere rufen
752 2514 1700 2586 dem Fräulein Kramer zu: „Pfm Teufel, das will
753 2563 1709 2628 eine Lehrerin sein! Schämen Sie sich, den Schmutz
748 2602 1377 2675 für das Dirnentum zu verteidigen!“
863 2646 1703 2713 Kunschak nennt den „Reigen“ ein Saustück und
750 2687 1718 2760 beantragt dem Landtage, nach Prüfung des Tat¬
748 2739 1269 2813 bestandes Bericht zu erstatten.
866 2772 1720 2845 Auch während dieser Rede prasseln fortwährend
756 2823 1717 2894 wilderregte Zwischenrufe auf. Der Lärm steigert sich
754 2879 993 2960 zum Randal.
773 2919 1694 3011 Landeshauptmann Neumann hat das
1163 2992 1319 3062 Wort:
874 3035 1724 3122 Unter großer Spannung nimmt der Landes¬
770 3089 1721 3163 hauptmann Neumann das Wort und sagte u. a.
770 3134 1721 3216 In den verschiedenen Tingl=Taugl wird die Sittlichkeit
769 3203 891 3270 verletzt
885 3196 1700 3301 Die Christlichsozialen unterbrechen den Redner.
880 3269 1722 3345 Landeshauptmann Reumann: Denker
763 3314 1723 3391 Sienur anden Wimberger! Die Er
770 3361 1729 3435 innerung an die Madame Aschanti
777 3423 1183 3488 ist Ihnen sehr zuwider.
892 3445 1741 3528 Zustimmung bei den Sozialdemokraten. Heftige
769 3514 1335 3575 Gegenrufe der Christlichsozialen.
894 3541 1732 3615 Landeshauptmann (kreuzt die Arme über der
775 3588 1736 3664 Brust und fährt ruhig fort): An mich ist die Frage
780 3631 1739 3715 gestellt worden, warum ich die Aufführung des
784 3675 1745 3755 „Reigen“ gestattet habe? Der Zensurbeirat
792 3720 1748 3803 hat gegen die Aufführung nichts eingewendet. Der
783 3763 1741 3847 ehemalige Vizepräsident der Statthalterei Tils und
793 3809 1746 3886 Hofrat Glossy haben dagegen nichts eingewendet
788 3859 1736 3927 und nun verlangt man von einem Sozialdemokraten
787 3893 1752 3972 als Landeshauptmann, der ein Gegner der Zensur
786 3938 1711 4020 überhaupt ist, daß er die Aufführung verbieten solle.
910 3996 1728 4054 Rufe bei den Sozialdemokraten: Sehr richtig.
912 4033 1758 4107 Reumann (sehr energisch): Kein Skandal
788 4090 1759 4157 der Welt wird mich dazu bringen.
802 4122 1752 4210 Taßich die Aufführungen des „Reigen“
2040 572 2601 650 12. Februar 1921 Seite 3
1678 656 2632 733 hat mir in beispielloser Ueberhebung einen Erlaß zu¬
1689 702 2642 769 gesandt, in dem er am Schlusse verlangt, daß ich die
1696 746 2641 813 Aufführungsbewilligung des „Reigen“ außer Kraft
1686 799 2634 859 setze. Hiezu hat Herr Glanz kein Recht und man kann
1689 837 2643 900 auch einer solchen Rechtsbeugung nie zustimmen. Ich
1689 874 2654 956 habe dem Herrn Glanz folgende Antwort erteilt:
2573 920 2647 972 55
1690 917 2571 988 „Durch Bericht seitens der Magistratsabteilung
2611 969 2664 1013 in
1693 964 2584 1030 bin ich in Kenntnis gesetzt worden, daß mit dem
2598 1005 2650 1058 für
1693 1018 2589 1072 diese gerichteten Erlasse des Bundesministeriums
1694 1051 2578 1121 Inneres und Unterlicht vom 10. Februar 1921
1702 1099 2658 1159 nit ihrer Entscheidung erteilte Aufführungsbewilligung
1692 1136 2656 1204 für das Bühnenwerk „Reigen“ von Artur Schnitzler
1706 1181 2656 1247 ußer Kraft gesetzt und die weitere Aufführung unter¬
1703 1227 2659 1290 sagt wurde. Nach der Theaterverordnung vom
1699 1271 2659 1333 14. November 1850 bedarf jede Bühnenproduktion vor
1698 1309 2661 1382 ihrer ersten Darstellung der Aufführungsbewilligung
1709 1352 2662 1421 on Seite des Statthalters. Nach § 5 kann die erteilte
1702 1392 2670 1467 Bewilligung aus Beweggründen der öffentlichen
1707 1438 2658 1508 Otdnung jederzeit zurückgenommen werden. Nach § 7
1704 1489 2661 1557 steht dem Theaterunternehmer gegen die Entscheidung
1700 1530 2654 1598 des Statthalters der Rekurs an den Minister des
1710 1569 2666 1643 Innern zu. Aus diesen gesetzlichen Bestimmungen
1712 1610 2662 1684 geht hervor, daß die Untersagung der weiteren Auf¬
1713 1660 2664 1723 führung obbezeichneten Bühnenwerkes nicht vom
1710 1697 2673 1775 Bundesministerium für Inneres und Unterricht aus¬
1706 1746 2670 1821 gehen kann. Die Magistratsabteilung 55 wurde von
1704 1790 2672 1863 mir beauftragt, mit der exekutiven Durchführung des
1720 1836 2677 1905 imtlichen Erlasses im Wege der Polizeidirektion inne¬
1718 1867 2680 1955 zuhalten. (Allgemeine Zustimmung bei den Sozial¬
1709 1939 1932 1998 demokraten.)
1837 1946 2684 2029 Neumann (mit erhobener Stimme): Ich werde
1714 2001 2678 2082 als Landeshauptmann von dem mir zustehenden Rechte
1712 2064 2158 2131 um kein Jola abweichen.
1827 2067 2686 2159 Brausende Zustimmung bei den Sozialdemo¬
1722 2144 2622 2211 kraten. Heftige Gegenrufe bei den Christlichsozialen.
1834 2161 2688 2253 Reumann: Das ist die Entscheidung und nun
1718 2240 2359 2307 soll Herr Glanz das Gesetz verletzen.
1839 2246 2689 2329 Abermaliger rauschender Beifall bei der Mehr¬
1728 2306 2688 2386 heit. Man hört Rufe: Pfui! Abzug Glanz! Nieder mit
1728 2374 1991 2435 der Regierung!
1837 2389 2697 2465 Nach einer erregten Abwehr Kunschaks, der
1728 2436 2689 2516 gegen die Hineinziehung der Affäre bei Wimberger
1734 2486 2700 2564 protestiert, wird der Antrag Speiser mit Mehrheit der
1742 2533 2691 2610 geschäftsordnungsmäßigen Behandlung zugewiesen und
1736 2572 2700 2642 dann die Sitzung des Landtages geschlossen, über deren
1738 2613 2602 2701 weiteren Verlauf wir an anderer Stelle berichten.
1908 2718 2554 2820 Was Direktor Bernan sagt.
1847 2793 2708 2876 Direktor Bernau, der Leiter des Deutschen
1742 2855 2700 2921 Volkstheaters und der Kammerspiele, teilte uns gestern
1742 2894 2709 2962 abends mit: „Ich sprach heute im Bundesministerium
1744 2942 2703 3008 des Innern vor, traf aber den Minister nicht an,
1746 2989 2702 3050 sondern hatte mit seinem Vertreter eine Unterreiung.
1751 3014 2718 3106 Ich erklärte, daß die angebliche Aufregung der
1757 3069 2709 3137 offentlichen Meinung nicht auf Grund eines
1755 3106 2717 3179 Skandales entstanden — denn es kam nur am
1750 3148 2719 3230 Montag zu einem belanglosen Zwischenfall — sondern
1761 3192 2723 3268 auf äußere Einflüsse zurückzuführen sei. Ich
1760 3233 2723 3308 machte darauf aufmerksam, daß der „Reigen“ von
1771 3281 2725 3363 er Zensur freigegeben und mir seine Aufführung er¬
1773 3320 2730 3396 aubt wurde. Bis zur Stunde ist mir kein Auf¬
1770 3377 2720 3445 ührungsverbot zugekommen, das ja von der Landes¬
1770 3407 2733 3485 regierung an mich herabgelangen müßte. Es ist
1763 3459 2721 3526 nicht meine Aufgabe, mich in Kompetenzstreitig¬
1771 3496 2720 3569 keiten der Behörden zu mengen. Wenn zehn Vor¬
1767 3541 2720 3616 stellungen des Stückes einen ruhigen Verlauf nahmen,
1779 3581 2733 3659 o kann ich eine Störung der elften oder zwölften
1778 3624 2722 3699 Aufführung nicht als Ausdruck der öffentlichen
1767 3668 2585 3752 Meinung, sondern als bestellte Sache ansehen.
1875 3715 2731 3790 Die Affäre, die wider Erwarten solche Di¬
1777 3758 2739 3836 mensionen annahm, ist mir, wie ich zugab, äußerst
1784 3807 2737 3878 deinlich; aber es ist für einen Theaterdirektor, der
1787 3844 2735 3921 nit den Schwierigkeiten der jetzigen Verhältnisse zu
1787 3890 2734 3962 kämpfen hat. Schwierigkeiten, die durch die neuen
1787 3933 2736 4008 hohen Gagenforderungen des Bühnenpersonals ver¬
1786 3974 2737 4053 schärft werden, hart, ein Stück abzusetzen, das ihm
1787 4020 2742 4101 die Ungunst der Zeit überwinden hilft. Ich gab indes
1793 4070 2737 4139 meiner Bereitwilligkeit Ausdruck, morgen wieder im
1793 4105 2738 4180 Bundesministerium zu erscheinen und an jenen Stellen,
2190 4152 2719 4222 P
