3336 4416
2797 146 2856 196 —
507 161 1666 210 die Arbeiterschaft in den übrigen Ländern einem selbsthorrlichen
1701 161 2776 230 der von Speiser und Genossen vertreten wurde.
496 204 1664 257 Landeshauptmann ausgeliefert ist, die Arbeiterschaft von Wien
1788 209 2210 277 Der Antrag lautet:
498 254 1673 299 aber einem selbstherrlichen christsichsozialen Bundesminister.
2086 274 2478 342 Die Interpellation.
499 292 1673 351 (Stürmischer Beifall und Händeklatschen bei den Sozial¬
496 329 738 388 demokraten.)
1793 331 2854 398 „Dem Vernehmen nach hat der Bundesminister für
1697 373 2857 449 Inneres und Unterricht de weitere Aufführung des Theater¬
607 381 1571 452 Ordnungsruf für den Präsidenten Seitz.
1691 424 2457 478 stückes von Schnitzler „Reigen“ verboten.
595 446 1660 503 Präsident Dr. Dinghofer: Abgeordneter Seitz hat
1795 446 2851 518 Nach der Theaterverordnung vom 14. November 1850
497 481 1664 552 den Bundesminister für Inneres als einen unfähigen Beamten
1705 504 2846 562 3, bedarf jede Bühne. produktion vor ihrer ersten Dar¬
496 540 1663 591 bezeichnet. Ich halte das für eine Ungehörigkeit, für ein
1713 549 2855 607 tellung der Aufführung bewilligung von seiten des Statt¬
497 583 1661 630 Ueberschreiten der parlamentarischen Ausbrucksweise und rufe
1702 592 2852 648 halters. Nah § 5 kann die erteilte Bewilligung aus Gründen
501 625 1655 678 den Abgeordneten Seitz deshalb zur Ordnung
1695 637 2849 683 der öffentlichen Ordnung jederzeit zurückgenommen
499 667 1659 715 (Lebhafter Beifall bei den Christlichsozialen. — Zwischenrufe bei
1701 678 2858 723 werden. Zuständig zur Erteilung einer Aufführungsbewillt¬
499 706 929 773 den Sozialdemokraten.)
1692 722 2859 765 gung und zur Zurück ahme der Bewilligung ist somit der
592 743 1662 802 Abg. Sever (Sozialdemokrat): Wollen Sie nicht den
1696 754 2850 814 Statthalter. Nach dem neuen Bundesverfassungsgesetz ist
492 777 1065 846 Minister zur Ordnung rufen?
1687 802 2854 859 an Stelle des Statthalters der Landeshauptmann getreten.
590 826 1661 888 Präsident Dr. Dinghofer: Da kein Redner mehr zum
1703 845 2856 888 Das Verbot des Bundesministers für Inneres und Unter¬
490 870 1664 938 Worte gemeldet ist, ist die Debatte über diesen Gegenstand ge¬
1696 888 2849 941 richt greift also in die Kompetenz des Landes.
497 917 1122 973 schlossen. (Lebhafte Zwischenrufe.)
1700 927 2861 983 hauptmannes ein. Ich stelle daher den Antrag: Der Herr
1689 972 2855 1018 Bür ermeister als Landeshauptmann wolle die
834 974 1346 1055 Schärfere Opposiiion.
1694 1013 2855 1053 Autonomie des Landes Wien gegen jedweden
591 1028 1665 1098 Auf Antrag des Abg. Sever wird beschlossen, die Gesetz
1699 1056 2846 1119 Cingriff der Bundesregierung energisch wahren
494 1088 1666 1133 entwürfe betreffend die Verlegung des Sitzes von Aktiengesell¬
1797 1082 2864 1145 Die Gemeinderätin Frau Dr. Seitz=Motzko begleitet
1592 1134 1660 1180 von
507 1132 1593 1172 schaften ins Ausland, betreffend die Außerkraftsetzung
1693 1134 2849 1186 die Verlesung dieses Dringlichkeitsantrages mit lebhaften Pfui¬
511 1173 1667 1219 Gesetzen und Verordnungen, die mit dem fünften Teile des
1707 1178 2860 1228 ufen und fängt auch kurze Zeit mit ihrer Pultlade zu klopfen
506 1211 1663 1264 Staatsvertrages von St.= Germain nicht im Einklang stehen
1705 1217 2857 1272 in. Auch andre Mitglieder der Minorität begleiten die Ver¬
505 1252 1665 1309 ferner die Wehrgesetznovelle einer ersten Lesung
1704 1254 2368 1321 esung mit lebhaften Zwischenrufen.
499 1296 793 1370 zu unterziehen.
2144 1306 2413 1378 Die Devatte.
511 1362 1648 1434 Verweigerung des Ordnungsrufes für Minister
1782 1344 2856 1420 Dem Antrage wird die Dringlichkeit zuerkannt
1697 1404 2853 1458 Gemeinderat Speiser führt in Begründung seines An
948 1404 1225 1492 Dr. Glanz.
1697 1455 1911 1512 trages aus:
592 1463 1661 1531 Abg. Dr. Bauer: Der Bundesminister für Inneres hat
1793 1468 2865 1539 Das Verbot des Bundesministers für Inneres und Unter¬
497 1529 1666 1580 in seiner Rede eine Aeußerung gebraucht, die ich genau gehört
1694 1534 2860 1596 richt stellt den ersten Versuch eines Eingriffes In
492 1569 1655 1622 habe. Er sagte mit einer deutlichen und unzweideutigen Spitz
1693 1582 2862 1638 die Autonomie des Landes Wien dar. Der Gegen¬
495 1616 1664 1662 gegenüber der Kritik, die von unsrer Partei an ihm geübt
1696 1615 2853 1674 stand, an dem sich dieser Eingriff vollzieht ist eigentlich für
496 1656 1672 1714 worden ist, er überlasse das Urteil darüber allen anständigen
1702 1666 2865 1720 neinen Dringlichkeitsantrag ohne Belang. Redner ver¬
1689 1707 2850 1755 weist darauf, daß seine Partei für eine zentralistische Bundes
1690 1752 2760 1805 verfassung der Republik Oesterreich gekämpft habe,
2761 1751 2866 1808 aber
496 1774 1662 1824 wie es schien, gern. Dinge, die mich nicht erreichten. Ich hätte
1697 1793 2857 1839 schließlich sich fügen und der autonomistischen Gestaltung der
500 1815 1661 1877 es mich etwas kosten lassen, seine Stimme zu hören. Er tat es
1690 1837 2865 1896 Republik zustimmen mußte. „Nun aber sind wir selbstverständ¬
508 1858 1665 1919 nicht. Eben sagte der Verteidiger: „Und so muß man es, hohes
1701 1881 2853 1937 lich entschlossen, die autonomen Rechte, die dem Lande Wien
498 1916 1658 1960 Gericht, geradezu frivol nennen, meinen Klienten der Preis¬
1699 1921 2856 1976 durch die Bundesverfassung gewährleistet sind, zu verteidigen
495 1953 1661 2014 treiberei zu bezichtigen, einen Mann, der nach dem Gutachten
1698 1968 2864 2026 wir werden nicht zugeben, daß ein Bundesminister die Rechte
1495 1999 1671 2059 Niemand
503 2001 1487 2049 des hochverehrten Herrn Sachverständigen...
1704 2005 2859 2049 ieses freien und autonomen Landes und seines Landeshaupt¬
1704 2044 2850 2094 nannes einfach wegeskamotiert. Niemals hätte es dieser Her
509 2048 1666 2115 glaubt, welche Gestehungskosten Schuhösen haben. Da ist
1690 2089 2856 2141 Bundesminister gewagt, etwa mit dem Herrn Landeshauptmann
500 2090 1673 2153 Gewichtsverlust, da ist Schwund, da ist ein Waggon zu berück¬
1695 2136 2855 2192 von Vorarlberg oder Tirol so zu verfahren, wie er es sich gegen¬
493 2137 1672 2198 sichtigen, der, mit ausschließlich für den Schuster an der Ecke
1699 2173 2857 2226 über dem Herrn Landeshauptmann von Wien herausnimmt.“
500 2186 1670 2248 bestimmten Oesen gefüllt, vor Gänserndorf verbrannte — kurz
1786 2210 2855 2274 Gemeinderätin Dr Seitz=Motzko (christlichsozial) er¬
506 2239 1675 2290 und gut: die Sache stand böse für mich. Ob sie mich einsperren
1707 2255 2867 2318 lärt unter großer Unruhe, daß der Landeshauptmann von
504 2281 1659 2335 würden? Da .. . in einem Verzweiflungsaugenblick, über¬
1707 2296 2852 2349 Wien sich schwer gegen das Volk von Wien versündigt habe
495 2328 1665 2382 wand ich meinen Stolz und rief: „Das ist nicht alles! Der
1709 2341 2850 2394 Es ist geradezu unglaublich, daß dieses Stück „Der Reigen“
496 2370 1664 2426 Angeklagte hat mich auch tätlich mißhandelt!“ Dies erregte
1702 2381 2865 2433 das nichts andres ist. als eine Konzession an die Geilheit eines
510 2420 1668 2473 noch größeren Unwillen gegen mich, denn es hielt auf
1696 2423 2858 2482 auswärtigen Schiebertums, in Wien aufgeführt werden dürfe
509 2465 1672 2517 „Dehnen S' die Anklage auf 411 aus, Kollega?“ fragte der
1698 2470 2870 2521 und daß entgegen allen Einsprachen der Bürgermeister von
1701 2507 2868 2560 Wien als Landeshauptmann ein berartiges Stück schützt. Wir
504 2516 1671 2565 Richter und schrieb schon etwas mit Bleistift auf den Akten¬
1705 2552 2862 2600 erheben flammenden Protest gegen dieses Vorgehen, das die
498 2551 1666 2614 umschlag. Jetzt endlich mußte der Vertreter des Staates
1695 2590 2857 2650 Würde und die Ehre deutscher Frauen auf das tiefste verletzt
502 2609 1669 2653 reden. Nein. Er nickte. „Ich mache Sie aufmerksam, ein amts¬
1703 2633 2863 2686 Wir Frauen von Wien begrüßen es von ganzem Herzen, daß
493 2651 1664 2706 ärztliches Parere ist nicht im Akt!“ warnte mich der Richter
1698 2676 2868 2725 die Regierung den Mut gehabt hat, diesem Skandal Einhalt
501 2689 1667 2762 „Ich kann es beschaffen!“ versicherte ich. Oh, hätte ich
1704 2716 2858 2772 zu bieten, und wir verlangen vom Landeshauptmann, daß er
499 2743 1665 2794 geschwiegen! Denn der Richter erklärte nichts als: „Vertagt!
1706 2759 2864 2814 ein Verhalten hier rechtfertige. (Fortgesetzte stürmische
508 2783 1657 2839 Zur Einholung eines Gutachtens der Preisprüfungsstelle un
1707 2797 2867 2857 Zwischenrufe der Sozialdemokraten, aus denen man immer
512 2834 1665 2888 Beischaffung eines amtsärztliches Pareres.“ — „Die Schuhe!“
1697 2845 2873 2896 wieder die Worte heraushört: „Melbingermoral! Hier handelt
502 2875 1655 2936 bat ich zitternd, „es ist August..., wenigstens die Schuhe....!
1698 2884 2864 2941 es sich um die Verteidigung der Autonomie!“) Der Landes¬
511 2924 1665 2976 Aber es wurde bereits „Sibonte Weißstein — Mathilde Bach
1704 2922 2867 2974 hauptmann wird sich hier rechtfertigen müssen, wie er dazu
1702 2964 2861 3022 gekommen ist, dem ganzen Volk von Wien Trotz zu
503 2969 1672 3020 Ehrenbeleidigung!“ aufgerufen. Und da der öffentliche An¬
1698 3008 2865 3060 bieten. (Mit erhobener Stimme:) Hüten Sie sich, und
506 3014 1668 3066 kläger den Saal verließ, fragte ich ihn verzweifelt, ob die
1704 3046 2857 3102 spielen Sie nicht mit dem Aeußersten. Es gibt eine
509 3057 1672 3111 nächste Verhandlung wenigstens bald zu erwarten sei. Jetzt
1710 3088 2857 3149 Gewalt, die sich stärker erweisen wird, als Sie. Ich verlange
507 3111 1654 3166 sprach er. Seine Worte waren: „So um den Oktober herum . .!
1702 3132 2866 3192 im Namen meiner Parteigenossen, daß der Herr Bürgermeister
505 3155 1668 3206 Vor Weihnachten war der Prozeß zu Ende. Ich wurde nicht
1710 3172 2857 3234 uins über sein Verhalten Rechenschaft gibt und frage, obe¬
512 3199 1669 3254 eingesperrt. Der Schuster an der Ecke auch nicht. Die Schuhe
1698 3214 2863 3281 gewillt ist, das Verbot über dieses Stück auszusprechen.
510 3244 1666 3295 erhielt ich, nachdem ich 1875 K. bezahlt hatte, zurück. Auf der
1705 3260 2856 3310 (Stürmischer Beifall bei den Christlichsozialen. Gegenrufe bei
508 3293 1680 3344 Kaype des rechten haftete ein stattlicher runder Tintenfleck mit
1709 3305 2862 3359 den Sozialdemokraten.) Vor den Bänken der Christlichsozialen
1707 3344 2863 3405 entsteht ein heftiger Meinungsaustausch zwischen der Gemeinde¬
511 3384 1675 3435 Als ich sie am heiligen Abend zum erstenmal trug, sagte meine
1703 3386 2864 3441 rätin Kramer und einigen christlichsozialen Gemeinde¬
1708 3429 2868 3478 rätinnen, die ihr zurufen: „Pfui Teufel!“, das will eine
511 3426 1668 3502 Wirtschafterin: „Könnten sich die alten gelben Schuh' auch
1705 3464 2859 3514 Lehrerin sein, schämen Sie sich, den Schutz für das Dirnen¬
512 3469 1092 3553 schon schwarz färben lassen...!“
1705 3504 2083 3562 tum zu verteidigen!“
1794 3541 2860 3603 Kunschak (christlichsozial) beginnt seine Rede unter
1704 3581 2866 3651 heftigen Zwischenrufen und meint, es sei bezeichnend, daß die
613 3591 1674 3655 „Tja.“ machte Herr von Issewitz=Oppenrode etwas nach¬
1709 3633 2860 3693 Aufführung eines Schaustückes, das Saustück genannt werden
513 3642 1665 3696 denklicher, „tjaa.... Na und Sie, Doktor,“ wandte er sich an
1707 3671 2865 3737 könne, zu Weiterungen zwischen den Parteien führen könne.
514 3692 1675 3744 mich, als ich auch jetzt nicht Miene machte, zu reden, „Sie
1705 3715 2864 3780 Nicht nur die Bevölkerung Wiens, sondern auch die Bevölke¬
508 3731 1671 3790 schweigen ja immerzu?“ — „Gewiß,“ erwiderte ich. „Weil ich
1707 3757 2857 3804 rung andrer Städte, auch im Deutschen Reich, habe die Auf¬
515 3780 1673 3835 zuviel zu sagen hätte Soviel jedenfalls, um Sie nie mehr
1708 3799 2856 3856 führung des „Reigen“ abgelehnt. Wenn schon der Friedens¬
512 3826 1670 3872 darüber im Zweifel zu lassen, daß einer, der hierzulande ein
1712 3847 2867 3904 vertrag den Anschluß Oesterreichs an das Deutsche Reich unter¬
520 3868 1681 3925 Michael Kohlhaas sein wollte, ein Tartüff oder zumindest ein
1709 3881 2858 3941 sage, so sei doch nicht verboten, daß sich Oesterreich in sittlicher
516 3913 1350 3985 Götz von Berlichingen werden müßte ...!“.
1679 3914 2858 4000 und kultureller Beziehung an das Deutsche Reich anschließe.
2881 149 3312 202 Am Sse T
2882 189 3276 238 bewilligung des
3273 199 3306 237 „
2885 226 3306 282 hat Herr Glanz!
2881 273 3306 331 solchen Rechtsbeugung
2904 316 3323 398 Die Anwort des La
2981 418 3317 488 Ich habe dem H#
2886 470 3311 529 „Durch Bericht seitens
2889 520 3310 566 Kenntnis gesetzt worde
2892 557 3313 607 lasse des Bundesminist
2896 598 3307 660 10. Fobruar 1921 die
2890 640 3341 705 führungsbewilligung fül
2890 689 3330 748 Schnitzler außer Kraft
2887 740 3330 795 untersagt wurde. Na
2893 771 3275 832 vember 1850 bedarf
2893 808 3321 875 Darstellung der Auffül
2894 861 3318 918 halters. Nach § 5 kanz
2895 901 3312 961 gründen der öffentlich
2892 938 3308 1006 werden. Nach § 7 steht
2893 989 3341 1057 scheidung des Stattha
2887 1038 3325 1089 Innern zu. Aus diesen
2888 1077 3326 1129 daß die Untersagu
2892 1115 3282 1174 neten Bühnenwerkes
2896 1149 3304 1219 ür Inneres und
2894 1200 3319 1263 Magistratsabteilung 55
2888 1247 3307 1304 kutiven Durchführung
2890 1282 3321 1345 der Polizeidirektion im
2884 1326 3324 1392 ist nun nach den Verfas
2884 1373 3314 1437 Wien getreten. Ich wer
2894 1419 3320 1476 zustehenden Rechte um
2896 1463 3312 1521 Entscheidung, und nur
2980 1506 3312 1566 Gogen Schluß der
2891 1525 3327 1614 großen Teil von Gegen
2889 1593 3313 1651 begleitet war, steigern
2895 1633 3328 1692 Sozialdemokraten rufen
2890 1676 3341 1741 Rede lebhafte Beifalls
2891 1720 3327 1781 Nieder mit der Regier
2972 1757 3311 1819 Kunschak (chriff
2895 1801 3319 1865 hat als stärkstes Argum
2890 1848 3323 1905 Wien 28 nicht gegense
2884 1890 3309 1937 auf einen Fall, der
2891 1932 3310 1979 hundert in Wiene
2888 1978 3321 2029 genannt hat, über dess
2886 2010 3326 2068 Rasen liegt. Der Herr
2896 2053 3311 2112 Geschmack vereinbarlich
2891 2100 3341 2153 obwohl er wissen mußte
2895 2136 3296 2194 Argument gegen den
3286 2142 3324 2188 b
2890 2183 3328 2233 gebrauchte, vor dem Ge
2893 2219 3311 2275 monatiger Kerkerstrafe
2889 2259 3320 2313 Rufe: Soein Landes
2889 2303 3320 2355 bei den Christlichsozial
2896 2341 3318 2403 hinzuzufügen und übe
2894 2389 3312 2445 sich selbst darüber ein
2899 2421 3305 2489 ziedrigt, der in solcher
2894 2463 3318 2537 brauch macht. (Lebhaft
2890 2507 3223 2565 Christlichsozialen.)
2987 2546 3312 2615 Der Antrag des
2890 2567 3307 2647 Mehrheit abgerehn
2887 2634 3275 2692 Mehrheit der gesch
2889 2676 3066 2737 gewiesen.
2984 2766 3313 2863 Kompetenzst
3127 2835 3342 2927 ministen
2986 2954 3340 3038 Der Streit zwische
2897 3018 3330 3080 Landeshauptmann von
2888 3060 3340 3126 des Innern Dr. Glan
2903 3108 3340 3174 olgende Kernfrage: Be
2902 3151 3342 3215 assungsmäßig gleichgest
2884 3201 3340 3261 Bundesminister, eine #
2893 3245 3328 3308 der andre, der Lande
2899 3287 3341 3351 Frage ist nicht leicht zu
2895 3336 3340 3393 vom 1. Oktober 1920 no
2896 3387 3342 3442 vielfacher Ergänzungsg
2993 3419 3330 3485 Die Bundesverfas
2894 3465 3340 3532 die Befugnisse des Bun
2887 3517 3321 3577 gebung und Vollziehun
2889 3556 3285 3624 bestimmt Artikel 15,
2894 3600 3302 3661 ausdrücklich durch
2891 3654 3338 3704 oder auch der Vollziehm
2893 3699 3340 3756 ständigen Wirkungsbere
2888 3750 3341 3809 angelegenheiten sind un
2894 3788 3322 3851 gezählt, bezüglich deren
2894 3834 3323 3890 zwischen Bund und Lä
2898 3882 3322 3940 kommende Materie der
2891 3920 3315 3997 Theaterstücken ist bisher
