3392 4256
468 89 554 170 R
285 105 808 201 11. igen
999 96 1399 185 box 18/1
1679 578 2053 640 Die Deutsche Bühne
946 685 1840 750 schiedensten Lebenskreise hindurchführen, ein
1949 690 2765 764 Beethovens „Fidelio“ hatte in seiner
947 740 1827 794 wehmütiger Humor, der die Verkennung der
1882 751 2772 818 ersten Fassung bei der Wiener Uraufführung
938 794 1828 854 Lebenswerte beleuchtet. Die Dialoge wirken
1883 804 2769 860 am 20. November 1805 infolge verschiedener
944 849 1832 899 also durchaus nicht sinnlich anfreizend, viel¬
1891 848 2769 911 ungünstiger Umstände bekanntlich einen so
943 896 1840 949 mehr aufklärend über die Täuschungen, denen
1884 897 2769 956 vollständigen Mißerfolg, daß eine Weiter¬
938 938 1822 990 viele Menschen im Bereiche der Erotik aus¬
1896 938 2767 1011 verbreitung daraufhin ganz ausgeschlossen
942 993 1828 1048 gesetzt sind und unter denen sie leiden, ohne
1892 998 2775 1070 war. Erst nach wiederholter Umarbeitung
946 1035 1835 1094 sich von ihnen Rechenschaft zu geben. Eine
1897 1046 2768 1107 and das Werk 1814 in Wien freundliche
939 1086 1833 1133 sittlich bedenkliche Wirkung erscheint mir
1895 1083 2767 1144 Aufnahme und Anerkennung; zu allgemeiner
944 1132 1830 1185 darum nach beiden gekennzeichneten Seiten
1889 1136 2764 1201 Verbreitung verhalfen ihm aber erst die
944 1177 1323 1244 hin ausgeschlossen.
1888 1187 2777 1248 vollen Siege, die „Fidelio“ im Winter
1888 1239 2761 1305 1815/16 in der preußischen Königstadt da¬
1007 1237 1701 1312 Berlin, den 24. Dezember 1920.
1890 1288 2759 1354 vontrug. Es gereicht dem Berliner Theater¬
1278 1291 1780 1369 gez. Prof. Alfred Klaar.
1888 1331 2756 1395 publikum zur Ehre, daß es die gußerordent¬
1889 1385 2765 1437 liche Bedeutung dieses neuartigen Werkes
1894 1440 2768 1506 ogleich erkannte und durch lebhaften Beifall
1007 1422 1761 1515 Beethoven und Berlin.
1884 1488 2765 1547 wurdigte. Auch in der vervollkommneten,
1070 1501 1708 1567 Von Wilhelm Widmann.
1874 1536 2768 1592 meisterlichen Fassung von 1814 begegnete
1018 1566 1823 1627 Wann zum erstenmale den Berlinern
1890 1588 2767 1646 „Fidelio“ in den meisten deutschen Städten noch
946 1600 1827 1681 Beethovensche Musik in öffentlicher Auf¬
1882 1633 2758 1688 mangelndem Verständnis, unglaublicher Teil¬
945 1667 1825 1732 führung dargeboten wurde, läßt sich nicht
1880 1682 2761 1737 nahmslosigkeit oder entschiedener Ablehnung.
931 1732 1834 1792 mehr feststellen. Die Presse, zu Beginn
1889 1726 2772 1782 „Sie verstehen's nicht! man könnte des
946 1770 1821 1821 des 19. Jahrhunderts noch sehr bescheiden
1883 1775 2769 1842 Teufels werden!“ klagte ergrimmt Carl
935 1824 1826 1884 an Umfang und Inhalt, registrierte nicht
1891 1825 2757 1895 Maria v. Weber, der 1816 „Fidelio“
943 1872 1822 1937 alle musikalischen Ereignisse, zumal Ouver¬
1889 1879 2771 1925 n der Musikstadt Prag erfolglos eingeführt
941 1918 1825 1989 turen, Sinfonien und andere Orchesterwerke
1879 1918 2764 1992 hatte. Die Mehrheit der Berliner Theater¬
945 1960 1829 2025 oft ohne besondere Ankündigung zur Ein¬
1874 1976 2766 2030 und Musikgemeinde aber fühlte das Große
939 2019 1822 2070 leitung der Theatervorstellungen oder als
1878 2021 2765 2078 des Werkes heraus und jubelte der Neuheit
945 2065 1822 2130 Zwischenaktsmusik neu aufgeführt wurden.
1876 2072 2767 2131 begeistert zu. Der Zettel kündigte die Erst¬
944 2118 1833 2169 So ist am 26. Februar 1813 Beethovens
1882 2124 2764 2176 aufführung (in dem alten, 1843 abgebrannten)
936 2162 1822 2230 Ouverture „Zu Egmont“ gespielt worden,
1873 2165 2524 2240 Opernhause folgendermaßen an:
948 2213 1824 2265 aber nicht zu Goethes Dichtung, die von
2073 2221 2583 2309 Königliche Schauspiele
953 2255 1822 2318 hrem ersten Erscheinen im Jahre 1801 an
1958 2290 2694 2374 Mittwoch, den 11. Oktober 1815
942 2303 1832 2370 bis 1819 mit der von Kapellmeister Reichardt
2131 2347 2522 2418 Zum Erstenmale:
946 2357 1824 2424 dazu komponierten Musik gegeben wurde.
946 2401 1817 2469 „Vorgestern habe ich Beethovens Ouverture
2226 2410 2408 2476 Fidelio
952 2460 1814 2517 zum „Egmont“, recht gut ausführen hören“
1966 2463 2481 2526 Oper in zwei Abtheilungen,
2494 2469 2680 2533 nach dem
945 2507 1822 2569 berichtete am 27. Februar 1813 der Direktor
2021 2510 2404 2569 französischen, von F
2436 2513 2635 2564 Treitschke.
2000 2554 2421 2612 Musik vom Herrn van
2459 2552 2646 2619 eethoven.
945 2550 1821 2610 der Berliner Singakademie und Begründer
2232 2595 2410 2658 Personen:
942 2598 1015 2657 der
1020 2598 1819 2665 „Liedertafel“ Karl Friedrich
1890 2633 2326 2685 Don Fernando, Minister
2470 2640 2712 2702 Hr. Beschort
934 2645 1818 2714 Zelter, seinem Freunde Goethe nach
1891 2678 2424 2728 on Pizarro, Gouverneur eines
947 2695 1829 2767 Weimar. „Von Rechtswegen müßte jedes
1917 2721 2245 2771 Staatsgefängnisses
2473 2691 2669 2772 Hr. Blume
940 2750 1828 2816 bedeutende Deutsche Theaterstück seine eigene
1883 2746 2343 2810 Florestan, ein Gefangener
2467 2763 2667 2832 Hr. Eunike
1878 2795 2422 2843 Leonore, seine Gemahlin, unter
941 2791 1814 2856 Musik haben, Es läßt sich kaum berechnen,
1912 2834 2327 2885 dem Namen: Fidelio
2466 2833 2691 2890 Mad. Schulz
939 2846 1825 2918 wieviel Gutes daraus entstehen könnte für
1875 2873 2264 2931 Rokko, Kerkermeister
2266 2878 2329 2928 *
2462 2882 2701 2932 Herr Wauer
938 2896 1713 2954 Dichter, Komponisten und Publikum.
1776 2908 1827 2956 *
1875 2912 2343 2964 Marzelline, seine Tochter
2466 2918 2743 2970 Mlle. Sebastiani
2351 2929 2441 2971 *
942 2941 1824 3012 Diesmal ward die Ouvexture ohne das Stück
1881 2956 2200 3011 aquino, Pförtner
2463 2956 2762 3011 Herr Rebenstein
1879 2990 2130 3051 Hauptman.
2458 2995 2719 3065 Herr Rüthling
2144 2997 2419 3048 * „ „ „ „
939 3001 1817 3064 gehört, wie der sel. Giela immer den Hut
949 3043 1678 3111 Friedrichs des Großen vorzeigte.
1742 3048 1824 3110 Die
1952 3034 2768 3121 Die ersie Leonore auf Berlins weltbe¬
946 3094 1823 3164 Ouverture aus f-moll kündigt in einer Folge
1877 3101 2769 3171 deutenden Brettern war also Frau Josephine
950 3141 1826 3200 insterer Akkorde eine Tragödie an, geht in
1874 3151 2759 3206 Schulze, geb. Killitschgy, nicht (wie so
942 3184 1817 3252 ein republikanisches Wesen über, dem das
1871 3196 2756 3264 oft behauptet wurde) Anna Milder. Auch
946 3236 1816 3299 Kriegerische nicht fehlt, wird wohl= und
1873 3246 2762 3309 Josephine Killitschgy, die 1812 den Juristen
937 3291 1815 3359 wehmütig, träumerisch, tumultuarisch und
1891 3298 2761 3365 Schulze geheiratet hatte, war aus Wien
935 3342 1820 3393 endet siegreich. Ein Verdienst mehr an
1869 3349 2759 3404 gekommen und „glänzte als Bravour¬
936 3382 1814 3453 dieser Musik ist das Zeitgemäße: Sie ist
1878 3400 2765 3458 und Koloratursängerin durch ihre gewaltige
941 3435 1816 3492 gerade so lang, als ich sie wünschte, und die
1889 3442 2756 3501 Stimme, ihre vollkommene Schule und per¬
941 3490 1817 3552 erste Szene schließt sich recht gut an das
1872 3494 2761 3543 lende Koloratur“. Nach verschiedenen zeit¬
942 3523 1445 3593 Ende der Ouverture an.“
1863 3546 2755 3610 genössischen Zeugnissen war sie eine vor¬
927 3627 968 3708 2
