<?xml version="1.0" encoding="UTF-8" standalone="yes"?>
<PcGts xmlns="http://schema.primaresearch.org/PAGE/gts/pagecontent/2013-07-15" xmlns:xsi="http://www.w3.org/2001/XMLSchema-instance" xsi:schemaLocation="http://schema.primaresearch.org/PAGE/gts/pagecontent/2013-07-15 http://schema.primaresearch.org/PAGE/gts/pagecontent/2013-07-15/pagecontent.xsd">
    <Metadata>
        <Creator>prov=University of Rostock/Institute of Mathematics/CITlab/Gundram Leifert/gundram.leifert@uni-rostock.de:name=ONB_Newseye_GT_M1+(htr_id=10810)::::v=2.4.3
prov=University of Rostock/Institute of Mathematics/CITlab/Tobias Gruening/tobias.gruening@uni-rostock.de:name=de.uros.citlab.module.baseline2polygon.B2PSeamMultiOriented:v=2.4.3
prov=University of Rostock/Institute of Mathematics/CITlab/Tobias Gruening/tobias.gruening@uni-rostock.de:name=/net_tf/LA73_249_0mod360.pb:de.uros.citlab.segmentation.CITlab_LA_ML:v=2.4.3
Transkribus</Creator>
        <Created>2019-10-07T11:38:35.863+02:00</Created>
        <LastChange>2019-12-04T16:11:13.313+01:00</LastChange>
        <TranskribusMetadata docId="223982" pageId="9503202" pageNr="367" tsid="20402849" status="IN_PROGRESS" userId="40391" imgUrl="https://files.transkribus.eu/Get?id=KYTXHAUJPMJHMOKXBUJHCZIS&amp;fileType=view" xmlUrl="https://files.transkribus.eu/Get?id=JJSXFTMVBNMKYNBVJDIPJQOD" imageId="6193416"/>
    </Metadata>
    <Page imageFilename="223982_0367.jpeg" imageWidth="3496" imageHeight="4320">
        <ReadingOrder>
            <OrderedGroup id="ro_1711448403372" caption="Regions reading order">
                <RegionRefIndexed index="0" regionRef="r1"/>
                <RegionRefIndexed index="1" regionRef="r2"/>
                <RegionRefIndexed index="2" regionRef="r3"/>
            </OrderedGroup>
        </ReadingOrder>
        <TextRegion orientation="0.0" id="r1" custom="readingOrder {index:0;}">
            <Coords points="567,201 567,2438 687,2438 687,201"/>
            <TextLine id="r1l1" custom="readingOrder {index:0;}">
                <Coords points="559,237 575,239 583,232 587,237 599,234 624,241 643,230 648,234 661,230 668,235 694,233 697,194 679,196 661,178 645,176 634,164 613,178 565,165"/>
                <Baseline points="567,224 597,224 627,228 657,231 687,230"/>
                <TextEquiv>
                    <Unicode>11.</Unicode>
                </TextEquiv>
            </TextLine>
            <TextLine id="r1l2" custom="readingOrder {index:1;}">
                <Coords points="600,894 611,895 620,889 630,889 635,884 647,890 654,890 663,884 674,884 677,837 670,837 665,841 659,839 644,848 635,844 626,848 618,840 604,841"/>
                <Baseline points="609,876 638,878 667,880"/>
                <TextEquiv>
                    <Unicode>ing</Unicode>
                </TextEquiv>
            </TextLine>
            <TextLine id="r1l3" custom="readingOrder {index:2;}">
                <Coords points="593,933 620,942 636,938 642,942 649,938 661,948 668,948 668,886 660,886 655,890 643,887 636,893 627,887 618,890 609,899 606,896 593,898"/>
                <Baseline points="601,927 631,927 661,927"/>
                <TextEquiv>
                    <Unicode>eich</Unicode>
                </TextEquiv>
            </TextLine>
            <TextLine id="r1l4" custom="readingOrder {index:3;}">
                <Coords points="607,1040 614,1041 622,1035 633,1036 647,1046 653,1042 660,1047 669,1046 672,1003 663,1001 655,1004 653,1000 647,999 638,992 610,990"/>
                <Baseline points="615,1030 662,1033"/>
                <TextEquiv>
                    <Unicode>nd.</Unicode>
                </TextEquiv>
            </TextLine>
            <TextLine id="r1l5" custom="readingOrder {index:4;}">
                <Coords points="609,1092 617,1093 622,1089 624,1092 632,1087 639,1090 645,1086 648,1089 656,1090 659,1044 650,1043 645,1045 638,1038 613,1038"/>
                <Baseline points="618,1080 649,1082"/>
                <TextEquiv>
                    <Unicode>bei</Unicode>
                </TextEquiv>
            </TextLine>
            <TextLine id="r1l6" custom="readingOrder {index:5;}">
                <Coords points="599,1134 611,1134 613,1137 626,1141 633,1137 644,1148 656,1148 659,1089 644,1087 637,1090 632,1086 625,1092 622,1090 614,1094 609,1099 601,1098"/>
                <Baseline points="607,1130 649,1132"/>
                <TextEquiv>
                    <Unicode>die</Unicode>
                </TextEquiv>
            </TextLine>
            <TextLine id="r1l7" custom="readingOrder {index:6;}">
                <Coords points="596,1511 613,1510 620,1516 629,1514 640,1504 643,1506 655,1505 653,1461 634,1463 625,1456 618,1463 601,1453 593,1454"/>
                <Baseline points="604,1504 648,1502"/>
                <TextEquiv>
                    <Unicode>ge</Unicode>
                </TextEquiv>
            </TextLine>
            <TextLine id="r1l8" custom="readingOrder {index:7;}">
                <Coords points="601,1556 627,1557 632,1560 638,1557 652,1567 659,1567 662,1516 652,1517 639,1507 622,1517 613,1510 603,1510"/>
                <Baseline points="609,1548 653,1550"/>
                <TextEquiv>
                    <Unicode>tel,</Unicode>
                </TextEquiv>
            </TextLine>
            <TextLine id="r1l9" custom="readingOrder {index:8;}">
                <Coords points="606,1646 617,1644 624,1650 628,1646 634,1646 646,1653 664,1655 664,1609 652,1607 643,1615 639,1612 620,1612 614,1616 606,1616"/>
                <Baseline points="614,1643 656,1643"/>
                <TextEquiv>
                    <Unicode>en</Unicode>
                </TextEquiv>
            </TextLine>
            <TextLine id="r1l10" custom="readingOrder {index:9;}">
                <Coords points="600,1708 612,1709 616,1704 627,1710 631,1706 639,1705 646,1697 656,1698 654,1653 646,1654 640,1650 632,1658 627,1655 623,1658 608,1656 598,1658"/>
                <Baseline points="606,1690 648,1688"/>
                <TextEquiv>
                    <Unicode>nd</Unicode>
                </TextEquiv>
            </TextLine>
            <TextLine id="r1l11" custom="readingOrder {index:10;}">
                <Coords points="607,1750 614,1749 621,1741 628,1740 639,1745 648,1754 658,1757 664,1751 672,1750 667,1696 651,1698 643,1705 637,1704 626,1711 616,1704 612,1708 603,1708"/>
                <Baseline points="613,1737 638,1735 663,1733"/>
                <TextEquiv>
                    <Unicode>en</Unicode>
                </TextEquiv>
            </TextLine>
            <TextLine id="r1l12" custom="readingOrder {index:11;}">
                <Coords points="599,1794 607,1793 619,1798 628,1789 634,1787 639,1788 645,1794 647,1792 656,1793 651,1749 644,1749 628,1740 624,1745 611,1750 602,1743 594,1744"/>
                <Baseline points="605,1783 647,1779"/>
                <TextEquiv>
                    <Unicode>nk¬</Unicode>
                </TextEquiv>
            </TextLine>
            <TextLine id="r1l13" custom="readingOrder {index:12;}">
                <Coords points="606,2108 624,2109 631,2103 633,2105 644,2101 650,2104 664,2104 662,2043 654,2043 648,2039 632,2050 604,2048"/>
                <Baseline points="613,2098 656,2097"/>
                <TextEquiv>
                    <Unicode>r</Unicode>
                </TextEquiv>
            </TextLine>
            <TextLine id="r1l14" custom="readingOrder {index:13;}">
                <Coords points="622,2156 631,2156 635,2151 650,2154 654,2149 657,2151 664,2150 661,2103 650,2104 649,2102 646,2103 643,2101 639,2105 634,2104 629,2110 618,2111"/>
                <Baseline points="628,2144 656,2142"/>
                <TextEquiv>
                    <Unicode>bs</Unicode>
                </TextEquiv>
            </TextLine>
            <TextLine id="r1l15" custom="readingOrder {index:14;}">
                <Coords points="613,2204 621,2203 626,2198 646,2196 649,2199 654,2194 663,2193 661,2155 653,2155 650,2152 641,2152 640,2150 633,2154 631,2152 628,2155 625,2153 610,2155"/>
                <Baseline points="620,2190 656,2188"/>
                <TextEquiv>
                    <Unicode>ck¬</Unicode>
                </TextEquiv>
            </TextLine>
            <TextLine id="r1l16" custom="readingOrder {index:15;}">
                <Coords points="616,2292 623,2293 637,2289 663,2316 671,2316 674,2256 652,2257 637,2243 625,2250 618,2250"/>
                <Baseline points="623,2286 665,2288"/>
                <TextEquiv>
                    <Unicode>er</Unicode>
                </TextEquiv>
            </TextLine>
            <TextLine id="r1l17" custom="readingOrder {index:16;}">
                <Coords points="614,2335 622,2335 632,2340 638,2347 645,2348 653,2358 655,2356 660,2363 672,2365 675,2306 660,2308 641,2302 630,2291 617,2292"/>
                <Baseline points="622,2329 666,2331"/>
                <TextEquiv>
                    <Unicode>ie</Unicode>
                </TextEquiv>
            </TextLine>
            <TextLine id="r1l18" custom="readingOrder {index:17;}">
                <Coords points="631,2396 643,2396 645,2392 647,2394 650,2390 659,2390 652,2348 640,2348 637,2350 636,2349 633,2352 624,2352"/>
                <Baseline points="636,2381 650,2379"/>
                <TextEquiv>
                    <Unicode>n,</Unicode>
                </TextEquiv>
            </TextLine>
            <TextLine id="r1l19" custom="readingOrder {index:18;}">
                <Coords points="623,2437 632,2438 644,2445 655,2446 660,2390 651,2389 642,2396 637,2395 634,2392 627,2392"/>
                <Baseline points="632,2426 650,2427"/>
                <TextEquiv>
                    <Unicode>1.</Unicode>
                </TextEquiv>
            </TextLine>
            <TextEquiv>
                <Unicode>11.
ing
eich
nd.
bei
die
ge
tel,
en
nd
en
nk¬
r
bs
ck¬
er
ie
n,
1.</Unicode>
            </TextEquiv>
        </TextRegion>
        <TextRegion orientation="0.0" id="r2" custom="readingOrder {index:1;}">
            <Coords points="672,206 672,4210 1868,4210 1868,206"/>
            <TextLine id="r2l1" custom="readingOrder {index:0;}">
                <Coords points="1256,251 1302,257 1328,238 1382,244 1417,230 1460,258 1504,233 1528,247 1670,234 1670,170 1510,173 1432,203 1398,185 1297,185 1256,164"/>
                <Baseline points="1264,229 1290,230 1317,231 1343,232 1370,232 1396,233 1423,233 1449,234 1476,234 1502,234 1529,233 1555,233 1582,233 1608,232 1635,232 1662,231"/>
                <TextEquiv>
                    <Unicode>box 17/5</Unicode>
                </TextEquiv>
            </TextLine>
            <TextLine id="r2l2" custom="readingOrder {index:1;}">
                <Coords points="740,252 854,265 913,248 926,257 1024,254 1046,266 1073,258 1073,192 1054,187 965,189 887,169 860,185 781,168 741,180"/>
                <Baseline points="748,239 774,240 801,240 827,240 854,241 880,241 907,241 933,241 960,241 986,242 1013,242 1039,242 1066,243"/>
                <TextEquiv>
                    <Unicode>Reigen</Unicode>
                </TextEquiv>
            </TextLine>
            <TextLine id="r2l3" custom="readingOrder {index:2;}">
                <Coords points="1026,819 1062,823 1079,816 1114,826 1150,819 1148,728 1133,722 1098,741 1085,736 1066,746 1024,741"/>
                <Baseline points="1033,795 1060,793 1088,792 1115,791 1143,793"/>
                <TextEquiv>
                    <Unicode>Kraur</Unicode>
                </TextEquiv>
            </TextLine>
            <TextLine id="r2l4" custom="readingOrder {index:3;}">
                <Coords points="1402,830 1423,831 1442,823 1463,834 1473,825 1485,829 1507,823 1523,832 1551,829 1549,764 1540,765 1533,757 1516,757 1492,775 1468,764 1453,763 1447,769 1441,764 1400,765"/>
                <Baseline points="1408,800 1435,799 1462,797 1489,796 1516,795 1543,797"/>
                <TextEquiv>
                    <Unicode>SMlatt</Unicode>
                </TextEquiv>
            </TextLine>
            <TextLine id="r2l5" custom="readingOrder {index:4;}">
                <Coords points="1244,828 1257,820 1268,823 1268,821 1275,817 1244,755 1231,760 1231,762 1227,764 1222,764 1214,768"/>
                <Baseline points="1242,809 1258,801"/>
                <TextEquiv>
                    <Unicode>—</Unicode>
                </TextEquiv>
            </TextLine>
            <TextLine id="r2l6" custom="readingOrder {index:5;}">
                <Coords points="679,883 1835,905 1876,852 680,839"/>
                <Baseline points="686,873 745,875 804,876 863,876 922,877 981,878 1040,879 1099,879 1158,880 1217,880 1277,881 1336,881 1395,882 1454,882 1513,883 1572,884 1631,885 1690,885 1749,886 1808,888 1868,889"/>
                <TextEquiv>
                    <Unicode>man alle liberalen Journalisten zur Verant¬</Unicode>
                </TextEquiv>
            </TextLine>
            <TextLine id="r2l7" custom="readingOrder {index:6;}">
                <Coords points="696,929 1872,951 1853,892 697,885"/>
                <Baseline points="704,919 762,921 820,922 878,923 936,924 994,925 1052,926 1110,927 1168,927 1226,928 1284,929 1342,929 1400,930 1458,930 1516,931 1574,931 1632,932 1690,932 1748,932 1806,933 1864,933"/>
                <TextEquiv>
                    <Unicode>dortung ziehen möge. In dem Streit der Meinungen bildet</Unicode>
                </TextEquiv>
            </TextLine>
            <TextLine id="r2l8" custom="readingOrder {index:7;}">
                <Coords points="689,972 1871,1001 1872,952 689,928"/>
                <Baseline points="696,965 754,966 812,967 871,968 929,969 988,970 1046,971 1104,972 1163,974 1221,974 1280,975 1338,976 1396,977 1455,978 1513,979 1572,979 1630,979 1688,980 1747,980 1805,980 1864,980"/>
                <TextEquiv>
                    <Unicode>die bereits erwähnte Angelegenheit der Zensur den einzigen</Unicode>
                </TextEquiv>
            </TextLine>
            <TextLine id="r2l9" custom="readingOrder {index:8;}">
                <Coords points="696,1015 1869,1038 1828,987 697,972"/>
                <Baseline points="704,1011 761,1012 819,1013 877,1014 935,1015 993,1017 1051,1018 1108,1019 1166,1020 1224,1021 1282,1022 1340,1023 1398,1024 1456,1024 1513,1025 1571,1026 1629,1026 1687,1027 1745,1027 1803,1027 1861,1027"/>
                <TextEquiv>
                    <Unicode>onkreten Punkt. Die Regierung und auch jene Kreise, die die</Unicode>
                </TextEquiv>
            </TextLine>
            <TextLine id="r2l10" custom="readingOrder {index:9;}">
                <Coords points="687,1068 1861,1082 1853,1033 687,1022"/>
                <Baseline points="694,1059 752,1060 810,1061 868,1061 926,1062 984,1063 1042,1064 1100,1065 1158,1066 1216,1067 1274,1068 1332,1069 1390,1070 1448,1071 1506,1071 1564,1072 1622,1073 1680,1074 1738,1074 1796,1075 1854,1075"/>
                <TextEquiv>
                    <Unicode>Zeit für die Abschaffung der Zensur bis vor kurzem noch nicht</Unicode>
                </TextEquiv>
            </TextLine>
            <TextLine id="r2l11" custom="readingOrder {index:10;}">
                <Coords points="686,1116 1863,1136 1859,1078 687,1067"/>
                <Baseline points="693,1104 751,1105 809,1106 867,1107 925,1108 983,1109 1041,1110 1100,1111 1158,1112 1216,1113 1274,1114 1332,1115 1390,1116 1448,1117 1507,1117 1565,1118 1623,1119 1681,1120 1739,1121 1797,1122 1856,1123"/>
                <TextEquiv>
                    <Unicode>für gekommen erachtet hatten, sind nunmehr der Ansicht, daß</Unicode>
                </TextEquiv>
            </TextLine>
            <TextLine id="r2l12" custom="readingOrder {index:11;}">
                <Coords points="690,1158 1852,1190 1863,1134 690,1114"/>
                <Baseline points="697,1152 754,1152 812,1153 870,1153 928,1154 986,1155 1044,1156 1102,1157 1160,1158 1218,1159 1276,1160 1333,1161 1391,1162 1449,1164 1507,1165 1565,1166 1623,1167 1681,1168 1739,1169 1797,1169 1855,1170"/>
                <TextEquiv>
                    <Unicode>die Zensur abgeschafft werden müsse. Die Regierung verfolgt</Unicode>
                </TextEquiv>
            </TextLine>
            <TextLine id="r2l13" custom="readingOrder {index:12;}">
                <Coords points="686,1204 1859,1236 1859,1188 1705,1166 687,1156"/>
                <Baseline points="694,1199 751,1199 809,1200 867,1201 925,1201 983,1202 1041,1203 1099,1204 1157,1205 1215,1206 1273,1207 1330,1208 1388,1210 1446,1211 1504,1212 1562,1213 1620,1214 1678,1215 1736,1215 1794,1216 1852,1217"/>
                <TextEquiv>
                    <Unicode>auch hiebei die Absicht, der Ballaschen Oppositionsparkei den</Unicode>
                </TextEquiv>
            </TextLine>
            <TextLine id="r2l14" custom="readingOrder {index:13;}">
                <Coords points="677,1249 1860,1270 1828,1217 678,1202"/>
                <Baseline points="684,1243 742,1245 800,1246 859,1248 917,1248 976,1250 1034,1251 1092,1252 1151,1253 1209,1253 1268,1254 1326,1255 1384,1256 1443,1257 1501,1258 1560,1259 1618,1260 1676,1261 1735,1262 1793,1264 1852,1265"/>
                <TextEquiv>
                    <Unicode>Wind aus den Segeln zu nehmen und dadurch die Regierungs¬</Unicode>
                </TextEquiv>
            </TextLine>
            <TextLine id="r2l15" custom="readingOrder {index:14;}">
                <Coords points="680,1304 1852,1333 1867,1265 681,1249"/>
                <Baseline points="688,1291 746,1292 805,1294 863,1295 922,1296 980,1297 1039,1298 1097,1299 1156,1300 1214,1301 1273,1301 1332,1302 1390,1303 1449,1304 1507,1305 1566,1306 1624,1307 1683,1308 1741,1309 1800,1310 1859,1312"/>
                <TextEquiv>
                    <Unicode>fähigkeit des jüngst geschaffenen Systems des Parteibündnisses</Unicode>
                </TextEquiv>
            </TextLine>
            <TextLine id="r2l16" custom="readingOrder {index:15;}">
                <Coords points="679,1349 1853,1364 1827,1318 679,1303"/>
                <Baseline points="686,1339 747,1340 808,1341 869,1342 930,1342 991,1343 1052,1345 1113,1346 1174,1347 1235,1348 1296,1349 1357,1350 1418,1351 1479,1352 1540,1353 1601,1353 1662,1354 1723,1355 1784,1355 1845,1356"/>
                <TextEquiv>
                    <Unicode>zu dokumentieren. Unter solchen Umständen ist die Ab¬</Unicode>
                </TextEquiv>
            </TextLine>
            <TextLine id="r2l17" custom="readingOrder {index:16;}">
                <Coords points="694,1384 1849,1412 1849,1368 1674,1355 695,1344"/>
                <Baseline points="702,1384 761,1386 821,1388 881,1389 941,1391 1001,1392 1061,1393 1121,1394 1181,1395 1241,1395 1301,1396 1361,1397 1421,1398 1481,1399 1541,1400 1601,1401 1661,1402 1721,1403 1781,1404 1841,1406"/>
                <TextEquiv>
                    <Unicode>chaffung der Zensur für die nächste Zeit mit</Unicode>
                </TextEquiv>
            </TextLine>
            <TextLine id="r2l18" custom="readingOrder {index:17;}">
                <Coords points="692,1439 1638,1470 1838,1464 1850,1417 693,1383"/>
                <Baseline points="699,1431 756,1432 813,1434 870,1435 927,1437 984,1438 1041,1439 1099,1440 1156,1441 1213,1442 1270,1442 1327,1443 1384,1444 1441,1445 1499,1446 1556,1447 1613,1448 1670,1449 1727,1450 1784,1452 1842,1453"/>
                <TextEquiv>
                    <Unicode>Bestimmtheit zu erwarten, während anderseits die</Unicode>
                </TextEquiv>
            </TextLine>
            <TextLine id="r2l19" custom="readingOrder {index:18;}">
                <Coords points="689,1486 1847,1512 1848,1462 1799,1455 690,1442"/>
                <Baseline points="697,1479 754,1480 811,1481 868,1482 925,1483 982,1484 1039,1485 1096,1486 1153,1488 1210,1488 1268,1489 1325,1490 1382,1492 1439,1493 1496,1494 1553,1495 1610,1496 1667,1497 1724,1498 1781,1499 1839,1501"/>
                <TextEquiv>
                    <Unicode>Gegensätze zwischen dem liberalen und christlichen Lager voraus¬</Unicode>
                </TextEquiv>
            </TextLine>
            <TextLine id="r2l20" custom="readingOrder {index:19;}">
                <Coords points="685,1557 1545,1556 1545,1509 1433,1495 687,1484"/>
                <Baseline points="693,1526 735,1527 777,1528 819,1530 862,1531 904,1532 946,1533 988,1534 1031,1534 1073,1535 1115,1536 1157,1536 1200,1537 1242,1537 1284,1538 1326,1538 1369,1539 1411,1540 1453,1540 1495,1540 1538,1541"/>
                <TextEquiv>
                    <Unicode>sichtlich noch geraume Zeit fortdauern dürften.</Unicode>
                </TextEquiv>
            </TextLine>
            <TextLine id="r2l21" custom="readingOrder {index:20;}">
                <Coords points="687,1692 1847,1716 1849,1623 1743,1651 1457,1609 688,1606"/>
                <Baseline points="694,1667 751,1670 808,1673 865,1675 923,1676 980,1677 1037,1679 1095,1679 1152,1680 1209,1681 1267,1681 1324,1682 1381,1682 1438,1683 1496,1684 1553,1685 1610,1686 1668,1687 1725,1689 1782,1690 1840,1693"/>
                <TextEquiv>
                    <Unicode>Auflassung der Staatssekretariate in Angarn.</Unicode>
                </TextEquiv>
            </TextLine>
            <TextLine id="r2l22" custom="readingOrder {index:21;}">
                <Coords points="769,1751 1849,1769 1828,1705 1690,1694 770,1702"/>
                <Baseline points="777,1731 830,1733 883,1735 936,1737 989,1738 1043,1740 1096,1741 1149,1742 1202,1742 1255,1743 1309,1744 1362,1744 1415,1745 1468,1746 1521,1747 1575,1748 1628,1749 1681,1750 1734,1752 1787,1754 1841,1756"/>
                <TextEquiv>
                    <Unicode>Budapest, 16. Februar. (Ung. Tel.=Korr.=Bur.) Der</Unicode>
                </TextEquiv>
            </TextLine>
            <TextLine id="r2l23" custom="readingOrder {index:22;}">
                <Coords points="685,1793 1840,1812 1839,1763 1761,1747 686,1740"/>
                <Baseline points="692,1777 749,1779 806,1781 863,1782 920,1784 977,1785 1034,1785 1091,1787 1148,1787 1205,1788 1262,1789 1319,1790 1376,1790 1433,1791 1490,1792 1547,1793 1604,1793 1661,1794 1718,1795 1775,1796 1833,1798"/>
                <TextEquiv>
                    <Unicode>heutige Ministerrat hat beschlossen, die bisher beibehaltenen</Unicode>
                </TextEquiv>
            </TextLine>
            <TextLine id="r2l24" custom="readingOrder {index:23;}">
                <Coords points="692,1833 1846,1847 1846,1807 1784,1800 693,1794"/>
                <Baseline points="700,1824 759,1825 819,1827 879,1828 939,1829 999,1830 1059,1831 1119,1832 1179,1833 1239,1834 1299,1835 1359,1836 1419,1837 1479,1838 1539,1839 1599,1840 1659,1841 1719,1843 1779,1844 1839,1845"/>
                <TextEquiv>
                    <Unicode>politischen Staatssekretariate der Ministerien aufzu¬</Unicode>
                </TextEquiv>
            </TextLine>
            <TextLine id="r2l25" custom="readingOrder {index:24;}">
                <Coords points="688,1880 1840,1891 1840,1854 1710,1843 689,1833"/>
                <Baseline points="696,1871 752,1872 809,1873 866,1875 923,1876 980,1877 1037,1878 1093,1879 1150,1880 1207,1881 1264,1882 1321,1883 1378,1883 1435,1884 1491,1885 1548,1886 1605,1886 1662,1887 1719,1888 1776,1888 1833,1889"/>
                <TextEquiv>
                    <Unicode>lassen. Eine Ausnahme bildet das Kultus= und Unterrichts¬</Unicode>
                </TextEquiv>
            </TextLine>
            <TextLine id="r2l26" custom="readingOrder {index:25;}">
                <Coords points="680,1924 1845,1948 1846,1890 681,1890"/>
                <Baseline points="688,1916 745,1917 803,1919 860,1920 918,1921 975,1923 1033,1924 1090,1925 1148,1926 1205,1927 1263,1928 1320,1929 1378,1929 1435,1931 1493,1931 1550,1932 1608,1933 1665,1934 1723,1935 1780,1936 1838,1938"/>
                <TextEquiv>
                    <Unicode>ministerium, wo der auf Gewohnheitsrecht begründete Anspruch</Unicode>
                </TextEquiv>
            </TextLine>
            <TextLine id="r2l27" custom="readingOrder {index:26;}">
                <Coords points="680,1975 760,1948 931,1985 1097,1958 1827,2001 1846,1948 681,1925"/>
                <Baseline points="687,1964 744,1965 802,1966 859,1966 917,1968 974,1969 1032,1970 1089,1971 1147,1972 1204,1973 1262,1974 1319,1975 1377,1975 1434,1977 1492,1977 1549,1978 1607,1979 1664,1980 1722,1981 1779,1981 1837,1982"/>
                <TextEquiv>
                    <Unicode>der protestantischen Bekenntnisse die Beibehaltung des</Unicode>
                </TextEquiv>
            </TextLine>
            <TextLine id="r2l28" custom="readingOrder {index:27;}">
                <Coords points="682,2014 1684,2047 1847,2033 1848,1993 683,1968"/>
                <Baseline points="690,2008 747,2010 805,2011 862,2012 920,2013 977,2015 1035,2016 1092,2017 1150,2018 1207,2019 1265,2020 1322,2021 1380,2022 1437,2023 1495,2023 1552,2024 1610,2025 1667,2026 1725,2026 1782,2027 1840,2028"/>
                <TextEquiv>
                    <Unicode>Staatssekretariats bedingt. Außerdem wünscht der Ministerrat</Unicode>
                </TextEquiv>
            </TextLine>
            <TextLine id="r2l29" custom="readingOrder {index:28;}">
                <Coords points="682,2066 1841,2094 1842,2034 1071,2050 682,2014"/>
                <Baseline points="689,2055 746,2056 803,2058 860,2059 918,2060 975,2061 1032,2062 1089,2063 1147,2064 1204,2065 1261,2066 1318,2066 1376,2067 1433,2068 1490,2069 1547,2070 1605,2071 1662,2072 1719,2073 1776,2074 1834,2075"/>
                <TextEquiv>
                    <Unicode>im Wirkungskreise des Ackerbauministeriums provisorisch</Unicode>
                </TextEquiv>
            </TextLine>
            <TextLine id="r2l30" custom="readingOrder {index:29;}">
                <Coords points="687,2107 1840,2138 1841,2093 1769,2076 688,2063"/>
                <Baseline points="694,2101 753,2103 813,2105 873,2106 933,2107 993,2108 1053,2109 1113,2111 1173,2112 1233,2113 1293,2113 1353,2115 1413,2115 1473,2116 1533,2117 1593,2118 1653,2119 1713,2120 1773,2121 1833,2122"/>
                <TextEquiv>
                    <Unicode>und bloß zur Durchführung der Bodenreform das politische</Unicode>
                </TextEquiv>
            </TextLine>
            <TextLine id="r2l31" custom="readingOrder {index:30;}">
                <Coords points="685,2170 832,2187 1267,2176 1267,2138 1192,2115 1123,2130 687,2108"/>
                <Baseline points="694,2147 722,2148 750,2149 778,2150 807,2150 835,2151 863,2152 892,2152 920,2152 948,2153 977,2154 1005,2154 1033,2154 1061,2155 1090,2156 1118,2156 1146,2157 1175,2157 1203,2158 1231,2159 1260,2160"/>
                <TextEquiv>
                    <Unicode>Staatssekretariat beizubehalten.</Unicode>
                </TextEquiv>
            </TextLine>
            <TextLine id="r2l32" custom="readingOrder {index:31;}">
                <Coords points="907,2276 1629,2273 1629,2227 1558,2205 1387,2206 1350,2228 1289,2195 908,2193"/>
                <Baseline points="914,2259 949,2258 984,2258 1020,2258 1055,2258 1091,2258 1126,2258 1161,2259 1197,2260 1232,2261 1268,2261 1303,2262 1338,2263 1374,2263 1409,2264 1445,2264 1480,2264 1515,2264 1551,2264 1586,2264 1622,2263"/>
                <TextEquiv>
                    <Unicode>Palastrevolution in Tokio.</Unicode>
                </TextEquiv>
            </TextLine>
            <TextLine id="r2l33" custom="readingOrder {index:32;}">
                <Coords points="853,2314 1058,2338 1396,2320 1514,2347 1680,2326 1680,2281 1641,2267 854,2281"/>
                <Baseline points="860,2312 900,2314 941,2316 981,2317 1022,2318 1063,2319 1103,2320 1144,2320 1184,2321 1225,2321 1266,2321 1306,2322 1347,2322 1387,2322 1428,2322 1469,2323 1509,2323 1550,2324 1590,2324 1631,2325 1672,2326"/>
                <TextEquiv>
                    <Unicode>Der Kronprinz und die Palastdame.</Unicode>
                </TextEquiv>
            </TextLine>
            <TextLine id="r2l34" custom="readingOrder {index:33;}">
                <Coords points="764,2372 1757,2403 1758,2341 1673,2325 1388,2350 765,2316"/>
                <Baseline points="772,2370 820,2372 869,2374 918,2375 967,2376 1016,2378 1065,2379 1114,2380 1163,2380 1212,2381 1261,2381 1309,2382 1358,2382 1407,2383 1456,2383 1505,2384 1554,2384 1603,2385 1652,2386 1701,2387 1750,2388"/>
                <TextEquiv>
                    <Unicode>Brüssel, 16. Februar. (Privattelegramm.)</Unicode>
                </TextEquiv>
            </TextLine>
            <TextLine id="r2l35" custom="readingOrder {index:34;}">
                <Coords points="1757,2415 1776,2407 1807,2411 1824,2395 1849,2396 1847,2324 1825,2318 1807,2332 1784,2327 1775,2320 1754,2325"/>
                <Baseline points="1763,2389 1789,2390 1815,2389 1841,2387"/>
                <TextEquiv>
                    <Unicode>In</Unicode>
                </TextEquiv>
            </TextLine>
            <TextLine id="r2l36" custom="readingOrder {index:35;}">
                <Coords points="686,2438 1846,2445 1846,2395 687,2374"/>
                <Baseline points="694,2421 751,2422 808,2424 865,2425 923,2427 980,2428 1037,2428 1094,2430 1152,2430 1209,2431 1266,2432 1323,2433 1381,2434 1438,2434 1495,2435 1552,2435 1610,2436 1667,2436 1724,2437 1781,2437 1839,2437"/>
                <TextEquiv>
                    <Unicode>Tokio hat es eine Art Palastrevolution gegeben, und</Unicode>
                </TextEquiv>
            </TextLine>
            <TextLine id="r2l37" custom="readingOrder {index:36;}">
                <Coords points="682,2485 1838,2501 1830,2442 683,2442"/>
                <Baseline points="690,2474 747,2475 804,2476 861,2477 918,2477 975,2478 1032,2479 1089,2480 1146,2481 1203,2481 1260,2482 1317,2483 1374,2484 1431,2484 1488,2485 1545,2486 1602,2486 1659,2487 1716,2488 1773,2488 1831,2489"/>
                <TextEquiv>
                    <Unicode>zwar wegen des Beschlusses des Kronprinzen, eine Hof¬</Unicode>
                </TextEquiv>
            </TextLine>
            <TextLine id="r2l38" custom="readingOrder {index:37;}">
                <Coords points="686,2528 1841,2557 1841,2500 687,2487"/>
                <Baseline points="693,2525 750,2526 807,2526 864,2527 921,2528 978,2529 1035,2530 1092,2530 1149,2531 1206,2532 1263,2533 1320,2533 1377,2534 1434,2535 1491,2535 1548,2536 1605,2537 1662,2537 1719,2538 1776,2538 1834,2538"/>
                <TextEquiv>
                    <Unicode>dame zu heiraten, die nicht zu den fünf Familien gehört,</Unicode>
                </TextEquiv>
            </TextLine>
            <TextLine id="r2l39" custom="readingOrder {index:38;}">
                <Coords points="674,2590 1848,2598 1848,2558 1797,2548 674,2536"/>
                <Baseline points="682,2572 739,2574 797,2575 855,2576 913,2578 971,2579 1029,2580 1087,2581 1145,2582 1203,2583 1261,2583 1318,2584 1376,2585 1434,2585 1492,2586 1550,2586 1608,2587 1666,2587 1724,2588 1782,2588 1840,2588"/>
                <TextEquiv>
                    <Unicode>die bisher das Vorrecht hatten, Japan eine Kaiserin zu</Unicode>
                </TextEquiv>
            </TextLine>
            <TextLine id="r2l40" custom="readingOrder {index:39;}">
                <Coords points="672,2636 1839,2657 1839,2597 1789,2590 673,2594"/>
                <Baseline points="680,2625 737,2626 795,2627 852,2627 910,2628 967,2629 1025,2630 1082,2631 1140,2632 1197,2633 1255,2634 1313,2634 1370,2635 1428,2636 1485,2637 1543,2637 1600,2638 1658,2638 1715,2638 1773,2638 1831,2638"/>
                <TextEquiv>
                    <Unicode>geben. Die Verlobung war bekannt, aber noch nicht offiziell.</Unicode>
                </TextEquiv>
            </TextLine>
            <TextLine id="r2l41" custom="readingOrder {index:40;}">
                <Coords points="668,2690 1836,2699 1836,2657 1780,2643 668,2634"/>
                <Baseline points="675,2674 732,2675 790,2676 848,2678 905,2679 963,2680 1021,2681 1078,2681 1136,2682 1194,2683 1252,2683 1309,2684 1367,2684 1425,2685 1482,2685 1540,2686 1598,2686 1655,2687 1713,2687 1771,2687 1829,2688"/>
                <TextEquiv>
                    <Unicode>Sie ist nun veröffenrlicht worden, nachdem am 10. d., an dem</Unicode>
                </TextEquiv>
            </TextLine>
            <TextLine id="r2l42" custom="readingOrder {index:41;}">
                <Coords points="667,2736 1838,2746 1838,2699 1723,2689 667,2690"/>
                <Baseline points="674,2721 731,2723 789,2724 847,2726 905,2727 963,2729 1020,2730 1078,2731 1136,2732 1194,2732 1252,2733 1309,2734 1367,2734 1425,2734 1483,2735 1541,2735 1598,2735 1656,2735 1714,2735 1772,2735 1830,2735"/>
                <TextEquiv>
                    <Unicode>Nationaltrauertage Japans, große Demonstrationen</Unicode>
                </TextEquiv>
            </TextLine>
            <TextLine id="r2l43" custom="readingOrder {index:42;}">
                <Coords points="667,2787 1768,2782 1841,2812 1810,2739 667,2737"/>
                <Baseline points="674,2776 735,2776 796,2776 857,2777 918,2778 979,2778 1040,2779 1101,2779 1162,2780 1223,2781 1284,2781 1345,2782 1406,2783 1467,2783 1528,2784 1589,2785 1650,2785 1711,2786 1772,2786 1833,2787"/>
                <TextEquiv>
                    <Unicode>zugunsten der Verlobung öffentlich stattgefunden halten. In</Unicode>
                </TextEquiv>
            </TextLine>
            <TextLine id="r2l44" custom="readingOrder {index:43;}">
                <Coords points="677,2831 1838,2847 1838,2809 1713,2787 678,2784"/>
                <Baseline points="684,2824 741,2825 798,2826 855,2827 913,2828 970,2828 1027,2829 1085,2829 1142,2830 1199,2831 1257,2831 1314,2831 1371,2832 1428,2832 1486,2833 1543,2833 1600,2834 1658,2835 1715,2835 1772,2836 1830,2837"/>
                <TextEquiv>
                    <Unicode>der Hauptstadt wurden Flugschriften verteilt, die in vorsichtiger,</Unicode>
                </TextEquiv>
            </TextLine>
            <TextLine id="r2l45" custom="readingOrder {index:44;}">
                <Coords points="674,2879 1844,2903 1844,2845 675,2839"/>
                <Baseline points="682,2875 739,2875 797,2876 855,2877 912,2878 970,2878 1028,2879 1085,2880 1143,2880 1201,2881 1259,2882 1316,2882 1374,2883 1432,2883 1489,2884 1547,2884 1605,2885 1662,2885 1720,2886 1778,2886 1836,2886"/>
                <TextEquiv>
                    <Unicode>aber deutlicher Sprache dazu aufforderten, für die Erleuchtung</Unicode>
                </TextEquiv>
            </TextLine>
            <TextLine id="r2l46" custom="readingOrder {index:45;}">
                <Coords points="676,2950 1840,2942 1826,2899 1604,2884 1079,2912 677,2882"/>
                <Baseline points="684,2927 741,2928 798,2928 856,2929 913,2930 971,2930 1028,2931 1086,2931 1143,2932 1201,2932 1258,2932 1315,2933 1373,2933 1430,2934 1488,2934 1545,2934 1603,2935 1660,2936 1718,2936 1775,2937 1833,2938"/>
                <TextEquiv>
                    <Unicode>des Kaisers zu beten, daß er den politischen und Hofintrigen</Unicode>
                </TextEquiv>
            </TextLine>
            <TextLine id="r2l47" custom="readingOrder {index:46;}">
                <Coords points="676,2994 1833,3002 1833,2953 1733,2941 677,2950"/>
                <Baseline points="684,2981 741,2980 798,2979 855,2979 912,2978 969,2978 1026,2979 1083,2979 1140,2980 1197,2981 1255,2982 1312,2982 1369,2983 1426,2984 1483,2985 1540,2986 1597,2986 1654,2986 1711,2986 1768,2986 1826,2985"/>
                <TextEquiv>
                    <Unicode>gegen die Verlobung Widerstand leiste. Die Auf¬</Unicode>
                </TextEquiv>
            </TextLine>
            <TextLine id="r2l48" custom="readingOrder {index:47;}">
                <Coords points="669,3038 1833,3052 1833,3002 1731,2991 669,2996"/>
                <Baseline points="677,3028 734,3028 791,3029 849,3029 906,3030 964,3030 1021,3031 1078,3032 1136,3032 1193,3033 1251,3033 1308,3034 1365,3034 1423,3035 1480,3035 1538,3036 1595,3036 1652,3036 1710,3036 1767,3036 1825,3036"/>
                <TextEquiv>
                    <Unicode>regung wurde so groß, daß der Hau minister und der Präsident</Unicode>
                </TextEquiv>
            </TextLine>
            <TextLine id="r2l49" custom="readingOrder {index:48;}">
                <Coords points="669,3088 1506,3091 1481,3046 670,3040"/>
                <Baseline points="676,3078 717,3078 758,3078 799,3078 840,3078 881,3079 922,3079 963,3080 1004,3080 1045,3081 1087,3082 1128,3082 1169,3083 1210,3083 1251,3084 1292,3084 1333,3084 1374,3084 1415,3084 1456,3084 1498,3084"/>
                <TextEquiv>
                    <Unicode>des Kabinetts ihre Entlassung nahmen.</Unicode>
                </TextEquiv>
            </TextLine>
            <TextLine id="r2l50" custom="readingOrder {index:49;}">
                <Coords points="677,3197 1832,3202 1832,3152 1761,3126 678,3121"/>
                <Baseline points="684,3177 741,3178 798,3179 855,3180 912,3181 969,3182 1026,3182 1083,3183 1140,3184 1197,3185 1254,3185 1311,3186 1368,3186 1425,3187 1482,3187 1539,3187 1596,3188 1653,3188 1710,3188 1767,3188 1824,3188"/>
                <TextEquiv>
                    <Unicode>Selbständigkeitsbestrebungen in Austrolien.</Unicode>
                </TextEquiv>
            </TextLine>
            <TextLine id="r2l51" custom="readingOrder {index:50;}">
                <Coords points="754,3252 1833,3264 1834,3202 1359,3222 1264,3190 1194,3230 1016,3189 927,3231 754,3187"/>
                <Baseline points="761,3240 814,3241 867,3242 920,3242 974,3243 1027,3244 1080,3245 1133,3245 1187,3246 1240,3246 1293,3247 1346,3247 1400,3248 1453,3248 1506,3249 1559,3249 1613,3249 1666,3250 1719,3250 1772,3250 1826,3251"/>
                <TextEquiv>
                    <Unicode>London, 16. Februar. (Privattelegramm.) Nach</Unicode>
                </TextEquiv>
            </TextLine>
            <TextLine id="r2l52" custom="readingOrder {index:51;}">
                <Coords points="676,3291 1823,3315 1836,3263 676,3235"/>
                <Baseline points="683,3288 740,3288 797,3288 854,3289 912,3290 969,3290 1026,3291 1083,3292 1141,3292 1198,3293 1255,3294 1312,3295 1370,3295 1427,3296 1484,3296 1541,3297 1599,3297 1656,3298 1713,3298 1770,3298 1828,3297"/>
                <TextEquiv>
                    <Unicode>Meldungen aus Anstralien liegt dem Parteitag der austra¬</Unicode>
                </TextEquiv>
            </TextLine>
            <TextLine id="r2l53" custom="readingOrder {index:52;}">
                <Coords points="675,3343 1836,3352 1836,3309 1674,3300 676,3291"/>
                <Baseline points="683,3334 740,3335 797,3335 854,3336 912,3337 969,3338 1026,3338 1083,3339 1141,3340 1198,3340 1255,3341 1312,3342 1370,3342 1427,3343 1484,3343 1541,3344 1599,3344 1656,3345 1713,3345 1770,3345 1828,3345"/>
                <TextEquiv>
                    <Unicode>lischen Labour Porty ein Antrag auf Lostrennung vom</Unicode>
                </TextEquiv>
            </TextLine>
            <TextLine id="r2l54" custom="readingOrder {index:53;}">
                <Coords points="673,3391 1831,3402 1831,3362 1750,3349 674,3347"/>
                <Baseline points="680,3383 737,3383 794,3384 851,3384 908,3384 966,3385 1023,3385 1080,3386 1137,3386 1194,3387 1252,3387 1309,3388 1366,3389 1423,3389 1480,3390 1538,3390 1595,3391 1652,3391 1709,3392 1766,3392 1824,3393"/>
                <TextEquiv>
                    <Unicode>britischen Reiche durch Proklamierung einer austra¬</Unicode>
                </TextEquiv>
            </TextLine>
            <TextLine id="r2l55" custom="readingOrder {index:54;}">
                <Coords points="674,3432 1829,3447 1829,3404 1767,3396 674,3391"/>
                <Baseline points="681,3430 738,3430 795,3431 852,3431 909,3432 966,3433 1023,3433 1080,3434 1137,3434 1194,3435 1251,3435 1308,3436 1365,3436 1422,3437 1479,3437 1536,3438 1593,3438 1650,3438 1707,3439 1764,3439 1821,3440"/>
                <TextEquiv>
                    <Unicode>lischen Republik vor. Der Antragsteller fordert, daß aus</Unicode>
                </TextEquiv>
            </TextLine>
            <TextLine id="r2l56" custom="readingOrder {index:55;}">
                <Coords points="677,3487 1827,3512 1828,3447 1794,3444 678,3440"/>
                <Baseline points="685,3478 741,3479 798,3479 855,3480 912,3480 969,3481 1025,3481 1082,3482 1139,3482 1196,3483 1253,3483 1309,3484 1366,3484 1423,3485 1480,3485 1537,3486 1593,3486 1650,3487 1707,3487 1764,3488 1821,3489"/>
                <TextEquiv>
                    <Unicode>dem Antrage die Grundlage des Programms der Partei gemach</Unicode>
                </TextEquiv>
            </TextLine>
            <TextLine id="r2l57" custom="readingOrder {index:56;}">
                <Coords points="674,3551 697,3556 708,3552 712,3557 728,3559 751,3541 774,3558 788,3545 798,3547 799,3504 784,3501 755,3482 734,3494 722,3495 718,3490 696,3496 675,3492"/>
                <Baseline points="681,3526 708,3525 736,3526 763,3527 791,3528"/>
                <TextEquiv>
                    <Unicode>werde.</Unicode>
                </TextEquiv>
            </TextLine>
            <TextLine id="r2l58" custom="readingOrder {index:57;}">
                <Coords points="941,3647 1210,3636 1363,3655 1412,3635 1591,3653 1592,3573 941,3564"/>
                <Baseline points="948,3621 979,3622 1011,3622 1043,3622 1075,3622 1107,3623 1138,3623 1170,3623 1202,3624 1234,3624 1266,3624 1297,3624 1329,3625 1361,3625 1393,3625 1425,3626 1456,3626 1488,3626 1520,3627 1552,3627 1584,3627"/>
                <TextEquiv>
                    <Unicode>Das selbständige Tirol.</Unicode>
                </TextEquiv>
            </TextLine>
            <TextLine id="r2l59" custom="readingOrder {index:58;}">
                <Coords points="987,3694 1163,3689 1283,3708 1389,3693 1426,3709 1511,3701 1531,3688 1532,3651 1263,3653 1208,3636 1079,3655 988,3638"/>
                <Baseline points="995,3680 1021,3681 1047,3681 1074,3682 1100,3682 1127,3682 1153,3682 1180,3682 1206,3682 1233,3682 1259,3683 1285,3683 1312,3683 1338,3683 1365,3683 1391,3684 1418,3684 1444,3685 1471,3686 1497,3687 1524,3688"/>
                <TextEquiv>
                    <Unicode>Die neue Landesorönung.</Unicode>
                </TextEquiv>
            </TextLine>
            <TextLine id="r2l60" custom="readingOrder {index:59;}">
                <Coords points="760,3749 1746,3766 1826,3752 1827,3702 760,3702"/>
                <Baseline points="767,3738 819,3738 872,3739 924,3739 977,3740 1030,3740 1082,3741 1135,3742 1187,3742 1240,3743 1293,3744 1345,3744 1398,3745 1450,3745 1503,3746 1556,3746 1608,3747 1661,3747 1713,3747 1766,3747 1819,3746"/>
                <TextEquiv>
                    <Unicode>Innsbruck, 16. Februar. In der heutigen Sitzung des</Unicode>
                </TextEquiv>
            </TextLine>
            <TextLine id="r2l61" custom="readingOrder {index:60;}">
                <Coords points="664,3790 1831,3796 1822,3750 665,3738"/>
                <Baseline points="672,3778 729,3778 787,3779 844,3779 902,3780 959,3781 1017,3782 1074,3782 1132,3783 1189,3784 1247,3785 1305,3786 1362,3786 1420,3787 1477,3788 1535,3788 1592,3788 1650,3788 1707,3788 1765,3788 1823,3788"/>
                <TextEquiv>
                    <Unicode>Landtages teilte der Berichterstatter Dr. Haidegger mit</Unicode>
                </TextEquiv>
            </TextLine>
            <TextLine id="r2l62" custom="readingOrder {index:61;}">
                <Coords points="680,3823 1529,3847 1795,3842 1828,3802 680,3783"/>
                <Baseline points="687,3820 743,3820 800,3821 856,3821 913,3822 970,3823 1026,3823 1083,3824 1140,3825 1196,3826 1253,3826 1310,3827 1366,3827 1423,3828 1480,3828 1536,3829 1593,3829 1650,3829 1706,3829 1763,3828 1820,3828"/>
                <TextEquiv>
                    <Unicode>daß sich der Verfassungsausschuß unter Zustimmung allen</Unicode>
                </TextEquiv>
            </TextLine>
            <TextLine id="r2l63" custom="readingOrder {index:62;}">
                <Coords points="673,3874 1831,3893 1831,3836 1726,3827 674,3824"/>
                <Baseline points="680,3859 737,3860 794,3862 851,3863 908,3864 965,3865 1022,3866 1080,3866 1137,3867 1194,3868 1251,3868 1308,3868 1365,3869 1422,3869 1480,3869 1537,3869 1594,3869 1651,3870 1708,3870 1765,3870 1823,3870"/>
                <TextEquiv>
                    <Unicode>Parteien auf folgende Bestimmung der Landesordnung</Unicode>
                </TextEquiv>
            </TextLine>
            <TextLine id="r2l64" custom="readingOrder {index:63;}">
                <Coords points="681,3933 756,3907 782,3922 824,3900 842,3916 873,3906 893,3916 913,3906 921,3911 938,3903 938,3878 921,3871 902,3877 856,3861 796,3874 778,3864 762,3875 737,3865 680,3873"/>
                <Baseline points="689,3906 715,3906 742,3905 769,3905 796,3904 823,3904 850,3903 877,3903 904,3903 931,3904"/>
                <TextEquiv>
                    <Unicode>geeinigt habe:</Unicode>
                </TextEquiv>
            </TextLine>
            <TextLine id="r2l65" custom="readingOrder {index:64;}">
                <Coords points="776,3954 1828,3958 1828,3917 1677,3884 1011,3885 777,3920"/>
                <Baseline points="784,3946 835,3946 887,3945 939,3945 991,3945 1043,3945 1095,3946 1146,3946 1198,3947 1250,3947 1302,3948 1354,3949 1406,3949 1458,3950 1509,3951 1561,3951 1613,3952 1665,3952 1717,3952 1769,3952 1821,3952"/>
                <TextEquiv>
                    <Unicode>„Tirol ist ein selbständiges Land, das jetzt einen</Unicode>
                </TextEquiv>
            </TextLine>
            <TextLine id="r2l66" custom="readingOrder {index:65;}">
                <Coords points="681,3987 1840,3997 1840,3958 1734,3949 681,3943"/>
                <Baseline points="688,3985 745,3986 802,3986 859,3986 917,3987 974,3987 1031,3987 1088,3987 1146,3988 1203,3988 1260,3988 1317,3989 1375,3989 1432,3990 1489,3990 1546,3991 1604,3991 1661,3992 1718,3992 1775,3993 1833,3994"/>
                <TextEquiv>
                    <Unicode>Teil der demokratischen Republik Oesterreich bildet. Es übt als</Unicode>
                </TextEquiv>
            </TextLine>
            <TextLine id="r2l67" custom="readingOrder {index:66;}">
                <Coords points="682,4031 1833,4038 1833,3998 1690,3989 683,3987"/>
                <Baseline points="690,4026 746,4027 803,4027 860,4027 917,4028 973,4028 1030,4028 1087,4029 1144,4029 1200,4030 1257,4030 1314,4031 1371,4031 1427,4032 1484,4032 1541,4032 1598,4033 1654,4033 1711,4033 1768,4033 1825,4033"/>
                <TextEquiv>
                    <Unicode>selbständiges Land alle Hoheitsrechte aus, die nicht aus¬</Unicode>
                </TextEquiv>
            </TextLine>
            <TextLine id="r2l68" custom="readingOrder {index:67;}">
                <Coords points="676,4072 1581,4096 1832,4085 1833,4049 676,4032"/>
                <Baseline points="683,4067 740,4067 797,4068 854,4068 911,4069 968,4069 1025,4069 1082,4069 1139,4070 1196,4070 1254,4070 1311,4071 1368,4071 1425,4072 1482,4072 1539,4073 1596,4074 1653,4074 1710,4075 1767,4077 1825,4078"/>
                <TextEquiv>
                    <Unicode>drücklich der Gewalt des Bundesstaates übertragen sind oder</Unicode>
                </TextEquiv>
            </TextLine>
            <TextLine id="r2l69" custom="readingOrder {index:68;}">
                <Coords points="679,4115 1813,4147 1840,4088 679,4071"/>
                <Baseline points="687,4108 744,4108 801,4109 858,4109 916,4110 973,4111 1030,4111 1087,4112 1145,4112 1202,4113 1259,4113 1316,4114 1374,4114 1431,4115 1488,4115 1545,4116 1603,4116 1660,4116 1717,4117 1774,4117 1832,4117"/>
                <TextEquiv>
                    <Unicode>übertragen werden.“ Diese Bestimmung wurde ohne Debatte</Unicode>
                </TextEquiv>
            </TextLine>
            <TextLine id="r2l70" custom="readingOrder {index:69;}">
                <Coords points="679,4155 722,4154 738,4169 794,4150 868,4165 882,4155 1010,4156 1010,4125 985,4117 969,4126 947,4115 822,4123 679,4115"/>
                <Baseline points="686,4151 712,4151 738,4151 765,4151 791,4151 818,4150 844,4150 870,4149 897,4149 923,4149 950,4149 976,4150 1003,4152"/>
                <TextEquiv>
                    <Unicode>angenommen.</Unicode>
                </TextEquiv>
            </TextLine>
            <TextLine id="r2l71" custom="readingOrder {index:70;}">
                <Coords points="778,4199 1840,4200 1840,4151 1642,4167 1599,4139 1534,4165 779,4153"/>
                <Baseline points="785,4193 837,4192 889,4192 942,4192 994,4192 1046,4192 1099,4192 1151,4192 1203,4193 1256,4193 1308,4194 1360,4194 1413,4195 1465,4195 1517,4196 1570,4197 1622,4197 1674,4198 1727,4199 1779,4199 1832,4200"/>
                <TextEquiv>
                    <Unicode>Zum § 3 betreffend die Landesbürgerschaft spricht</Unicode>
                </TextEquiv>
            </TextLine>
            <TextEquiv>
                <Unicode>box 17/5
Reigen
Kraur
SMlatt
—
man alle liberalen Journalisten zur Verant¬
dortung ziehen möge. In dem Streit der Meinungen bildet
die bereits erwähnte Angelegenheit der Zensur den einzigen
onkreten Punkt. Die Regierung und auch jene Kreise, die die
Zeit für die Abschaffung der Zensur bis vor kurzem noch nicht
für gekommen erachtet hatten, sind nunmehr der Ansicht, daß
die Zensur abgeschafft werden müsse. Die Regierung verfolgt
auch hiebei die Absicht, der Ballaschen Oppositionsparkei den
Wind aus den Segeln zu nehmen und dadurch die Regierungs¬
fähigkeit des jüngst geschaffenen Systems des Parteibündnisses
zu dokumentieren. Unter solchen Umständen ist die Ab¬
chaffung der Zensur für die nächste Zeit mit
Bestimmtheit zu erwarten, während anderseits die
Gegensätze zwischen dem liberalen und christlichen Lager voraus¬
sichtlich noch geraume Zeit fortdauern dürften.
Auflassung der Staatssekretariate in Angarn.
Budapest, 16. Februar. (Ung. Tel.=Korr.=Bur.) Der
heutige Ministerrat hat beschlossen, die bisher beibehaltenen
politischen Staatssekretariate der Ministerien aufzu¬
lassen. Eine Ausnahme bildet das Kultus= und Unterrichts¬
ministerium, wo der auf Gewohnheitsrecht begründete Anspruch
der protestantischen Bekenntnisse die Beibehaltung des
Staatssekretariats bedingt. Außerdem wünscht der Ministerrat
im Wirkungskreise des Ackerbauministeriums provisorisch
und bloß zur Durchführung der Bodenreform das politische
Staatssekretariat beizubehalten.
Palastrevolution in Tokio.
Der Kronprinz und die Palastdame.
Brüssel, 16. Februar. (Privattelegramm.)
In
Tokio hat es eine Art Palastrevolution gegeben, und
zwar wegen des Beschlusses des Kronprinzen, eine Hof¬
dame zu heiraten, die nicht zu den fünf Familien gehört,
die bisher das Vorrecht hatten, Japan eine Kaiserin zu
geben. Die Verlobung war bekannt, aber noch nicht offiziell.
Sie ist nun veröffenrlicht worden, nachdem am 10. d., an dem
Nationaltrauertage Japans, große Demonstrationen
zugunsten der Verlobung öffentlich stattgefunden halten. In
der Hauptstadt wurden Flugschriften verteilt, die in vorsichtiger,
aber deutlicher Sprache dazu aufforderten, für die Erleuchtung
des Kaisers zu beten, daß er den politischen und Hofintrigen
gegen die Verlobung Widerstand leiste. Die Auf¬
regung wurde so groß, daß der Hau minister und der Präsident
des Kabinetts ihre Entlassung nahmen.
Selbständigkeitsbestrebungen in Austrolien.
London, 16. Februar. (Privattelegramm.) Nach
Meldungen aus Anstralien liegt dem Parteitag der austra¬
lischen Labour Porty ein Antrag auf Lostrennung vom
britischen Reiche durch Proklamierung einer austra¬
lischen Republik vor. Der Antragsteller fordert, daß aus
dem Antrage die Grundlage des Programms der Partei gemach
werde.
Das selbständige Tirol.
Die neue Landesorönung.
Innsbruck, 16. Februar. In der heutigen Sitzung des
Landtages teilte der Berichterstatter Dr. Haidegger mit
daß sich der Verfassungsausschuß unter Zustimmung allen
Parteien auf folgende Bestimmung der Landesordnung
geeinigt habe:
„Tirol ist ein selbständiges Land, das jetzt einen
Teil der demokratischen Republik Oesterreich bildet. Es übt als
selbständiges Land alle Hoheitsrechte aus, die nicht aus¬
drücklich der Gewalt des Bundesstaates übertragen sind oder
übertragen werden.“ Diese Bestimmung wurde ohne Debatte
angenommen.
Zum § 3 betreffend die Landesbürgerschaft spricht</Unicode>
            </TextEquiv>
        </TextRegion>
        <TextRegion orientation="0.0" id="r3" custom="readingOrder {index:2;}">
            <Coords points="1867,777 1867,4232 3040,4232 3040,777"/>
            <TextLine id="r3l1" custom="readingOrder {index:0;}">
                <Coords points="2068,825 2089,824 2103,838 2130,831 2143,839 2186,840 2200,828 2217,834 2234,830 2235,755 2225,758 2201,733 2145,763 2124,748 2069,749"/>
                <Baseline points="2076,801 2101,805 2126,805 2151,805 2176,804 2201,805 2227,808"/>
                <TextEquiv>
                    <Unicode>17 eDr</Unicode>
                </TextEquiv>
            </TextLine>
            <TextLine id="r3l2" custom="readingOrder {index:1;}">
                <Coords points="2354,837 2363,838 2367,834 2376,833 2382,839 2407,841 2428,836 2431,789 2424,789 2418,782 2415,784 2392,760 2387,758 2374,763 2370,758 2359,759"/>
                <Baseline points="2364,805 2393,805 2422,809"/>
                <TextEquiv>
                    <Unicode>M.</Unicode>
                </TextEquiv>
            </TextLine>
            <TextLine id="r3l3" custom="readingOrder {index:2;}">
                <Coords points="2231,951 2659,957 2678,951 2678,853 2608,843 2536,865 2468,853 2385,873 2351,859 2326,870 2276,842 2231,858"/>
                <Baseline points="2239,936 2264,938 2289,940 2315,942 2340,942 2365,943 2391,944 2416,944 2441,943 2467,943 2492,942 2517,942 2543,941 2568,941 2593,940 2619,940 2644,940 2670,940"/>
                <TextEquiv>
                    <Unicode>Tagesbericht</Unicode>
                </TextEquiv>
            </TextLine>
            <TextLine id="r3l4" custom="readingOrder {index:3;}">
                <Coords points="2197,1095 2231,1079 2296,1100 2512,1089 2533,1104 2768,1087 2768,1010 2450,1006 2418,1029 2339,1005 2198,1005"/>
                <Baseline points="2204,1075 2231,1076 2259,1077 2287,1078 2315,1078 2343,1079 2370,1079 2398,1079 2426,1079 2454,1079 2482,1079 2509,1079 2537,1079 2565,1079 2593,1079 2621,1079 2648,1079 2676,1079 2704,1079 2732,1079 2760,1080"/>
                <TextEquiv>
                    <Unicode>broße Skandale</Unicode>
                </TextEquiv>
            </TextLine>
            <TextLine id="r3l5" custom="readingOrder {index:4;}">
                <Coords points="1917,1182 3013,1192 3013,1136 2964,1102 1918,1088"/>
                <Baseline points="1924,1157 1978,1160 2032,1161 2086,1163 2140,1164 2194,1165 2248,1165 2302,1165 2356,1165 2410,1165 2464,1165 2518,1165 2572,1165 2626,1166 2680,1166 2734,1166 2788,1167 2842,1168 2896,1169 2950,1171 3005,1173"/>
                <TextEquiv>
                    <Unicode>bei der „Reigen“-Aufführung.</Unicode>
                </TextEquiv>
            </TextLine>
            <TextLine id="r3l6" custom="readingOrder {index:5;}">
                <Coords points="1915,1233 2978,1254 3007,1189 1915,1181"/>
                <Baseline points="1922,1227 1975,1228 2029,1229 2083,1230 2137,1231 2191,1231 2245,1232 2298,1232 2352,1232 2406,1232 2460,1232 2514,1233 2568,1233 2622,1233 2675,1233 2729,1233 2783,1234 2837,1235 2891,1236 2945,1237 2999,1238"/>
                <TextEquiv>
                    <Unicode>Die Vorstellung abgebrochen. — Verwüstungen</Unicode>
                </TextEquiv>
            </TextLine>
            <TextLine id="r3l7" custom="readingOrder {index:6;}">
                <Coords points="1921,1302 2158,1326 2261,1282 2335,1327 2625,1328 2668,1297 2734,1330 2829,1291 3011,1329 3011,1259 2958,1244 1922,1234"/>
                <Baseline points="1928,1285 1981,1286 2035,1288 2089,1289 2143,1290 2196,1290 2250,1291 2304,1291 2358,1291 2411,1291 2465,1291 2519,1291 2573,1291 2626,1291 2680,1291 2734,1292 2788,1292 2841,1293 2895,1294 2949,1295 3003,1297"/>
                <TextEquiv>
                    <Unicode>im Theater. — Tumuliszenen auf der Straße.</Unicode>
                </TextEquiv>
            </TextLine>
            <TextLine id="r3l8" custom="readingOrder {index:7;}">
                <Coords points="1978,1366 3016,1383 3048,1327 2888,1331 2817,1293 2702,1336 1979,1312"/>
                <Baseline points="1986,1357 2038,1358 2091,1359 2144,1360 2196,1361 2249,1361 2302,1362 2354,1362 2407,1362 2460,1363 2513,1363 2565,1363 2618,1363 2671,1363 2723,1363 2776,1363 2829,1363 2881,1363 2934,1363 2987,1363 3040,1363"/>
                <TextEquiv>
                    <Unicode>Die schon seit einigen Tagen gehegten Be¬</Unicode>
                </TextEquiv>
            </TextLine>
            <TextLine id="r3l9" custom="readingOrder {index:8;}">
                <Coords points="1883,1420 3041,1428 3032,1368 2077,1375 1883,1332"/>
                <Baseline points="1890,1403 1947,1404 2004,1405 2061,1407 2118,1408 2175,1408 2232,1409 2290,1409 2347,1409 2404,1410 2461,1410 2518,1410 2575,1410 2632,1410 2690,1410 2747,1411 2804,1411 2861,1412 2918,1412 2975,1413 3033,1414"/>
                <TextEquiv>
                    <Unicode>fürchtungen, daß es wegen der Aufführunge des</Unicode>
                </TextEquiv>
            </TextLine>
            <TextLine id="r3l10" custom="readingOrder {index:9;}">
                <Coords points="1885,1458 3047,1471 3047,1434 2953,1414 1885,1415"/>
                <Baseline points="1892,1451 1949,1452 2006,1453 2064,1453 2121,1454 2179,1455 2236,1455 2293,1456 2351,1456 2408,1457 2466,1457 2523,1458 2580,1458 2638,1458 2695,1459 2753,1459 2810,1459 2867,1459 2925,1460 2982,1460 3040,1460"/>
                <TextEquiv>
                    <Unicode>„Reigen“ in den Kammerspielen zu Demonstrationen</Unicode>
                </TextEquiv>
            </TextLine>
            <TextLine id="r3l11" custom="readingOrder {index:10;}">
                <Coords points="1887,1499 3036,1525 3019,1465 1888,1457"/>
                <Baseline points="1894,1496 1950,1498 2007,1499 2064,1499 2121,1500 2177,1501 2234,1502 2291,1503 2348,1503 2404,1504 2461,1504 2518,1505 2575,1505 2631,1506 2688,1506 2745,1507 2802,1507 2858,1507 2915,1507 2972,1508 3029,1508"/>
                <TextEquiv>
                    <Unicode>kommen werde, haben sich gestern bewahrheitet.</Unicode>
                </TextEquiv>
            </TextLine>
            <TextLine id="r3l12" custom="readingOrder {index:11;}">
                <Coords points="1873,1547 3047,1560 3047,1518 2725,1499 1873,1504"/>
                <Baseline points="1880,1542 1941,1544 2002,1545 2063,1547 2124,1548 2185,1548 2246,1549 2307,1550 2368,1550 2429,1551 2490,1551 2551,1551 2612,1552 2673,1552 2734,1553 2795,1553 2856,1554 2917,1555 2978,1556 3039,1557"/>
                <TextEquiv>
                    <Unicode>Während der gestrigen Abendvorstellung ereigneten</Unicode>
                </TextEquiv>
            </TextLine>
            <TextLine id="r3l13" custom="readingOrder {index:12;}">
                <Coords points="1880,1599 3039,1609 3020,1564 2809,1550 1880,1547"/>
                <Baseline points="1887,1589 1944,1590 2001,1592 2058,1593 2116,1594 2173,1595 2230,1596 2287,1597 2345,1598 2402,1598 2459,1599 2516,1599 2574,1600 2631,1600 2688,1601 2745,1601 2803,1601 2860,1602 2917,1602 2974,1602 3032,1603"/>
                <TextEquiv>
                    <Unicode>sich wüste Szenen, wie sich solche in einem</Unicode>
                </TextEquiv>
            </TextLine>
            <TextLine id="r3l14" custom="readingOrder {index:13;}">
                <Coords points="1878,1638 3006,1669 3040,1666 3041,1608 2519,1598 2399,1631 2315,1596 1878,1598"/>
                <Baseline points="1885,1635 1942,1637 1999,1638 2057,1640 2114,1641 2172,1642 2229,1643 2286,1643 2344,1644 2401,1644 2459,1644 2516,1645 2573,1645 2631,1646 2688,1646 2746,1646 2803,1647 2860,1648 2918,1649 2975,1650 3033,1651"/>
                <TextEquiv>
                    <Unicode>Wiener Theater noch nie abgespielt</Unicode>
                </TextEquiv>
            </TextLine>
            <TextLine id="r3l15" custom="readingOrder {index:14;}">
                <Coords points="1875,1687 3036,1699 3036,1663 2962,1652 1875,1639"/>
                <Baseline points="1882,1682 1939,1684 1996,1686 2054,1687 2111,1688 2168,1689 2226,1690 2283,1691 2340,1691 2398,1692 2455,1692 2512,1692 2570,1692 2627,1693 2684,1693 2742,1693 2799,1694 2856,1695 2914,1696 2971,1697 3029,1698"/>
                <TextEquiv>
                    <Unicode>haben. Im Zuschauerraum waren bereits Demon¬</Unicode>
                </TextEquiv>
            </TextLine>
            <TextLine id="r3l16" custom="readingOrder {index:15;}">
                <Coords points="1887,1736 3046,1748 3046,1701 1887,1693"/>
                <Baseline points="1894,1729 1951,1731 2008,1733 2065,1734 2123,1735 2180,1736 2237,1737 2294,1737 2352,1738 2409,1738 2466,1739 2523,1740 2581,1740 2638,1741 2695,1741 2752,1742 2810,1742 2867,1743 2924,1744 2981,1745 3039,1746"/>
                <TextEquiv>
                    <Unicode>tranten anwesend, während andre Gruppen von der</Unicode>
                </TextEquiv>
            </TextLine>
            <TextLine id="r3l17" custom="readingOrder {index:16;}">
                <Coords points="1876,1787 3043,1810 3044,1748 1877,1738"/>
                <Baseline points="1884,1775 1941,1777 1999,1779 2056,1780 2114,1781 2172,1783 2229,1783 2287,1784 2344,1785 2402,1786 2460,1786 2517,1787 2575,1787 2632,1788 2690,1789 2748,1789 2805,1790 2863,1791 2920,1791 2978,1792 3036,1793"/>
                <TextEquiv>
                    <Unicode>Straße aus in das Theater eindrangen. Es kam hiebei</Unicode>
                </TextEquiv>
            </TextLine>
            <TextLine id="r3l18" custom="readingOrder {index:17;}">
                <Coords points="1883,1833 3046,1857 3047,1805 1883,1790"/>
                <Baseline points="1890,1825 1947,1826 2004,1827 2062,1828 2119,1829 2177,1830 2234,1830 2292,1831 2349,1832 2407,1832 2464,1833 2521,1834 2579,1834 2636,1835 2694,1835 2751,1836 2809,1837 2866,1838 2924,1839 2981,1840 3039,1842"/>
                <TextEquiv>
                    <Unicode>zu Kämpfen zwischen den Demonstranten, der</Unicode>
                </TextEquiv>
            </TextLine>
            <TextLine id="r3l19" custom="readingOrder {index:18;}">
                <Coords points="1878,1885 2985,1913 3041,1855 1878,1840"/>
                <Baseline points="1885,1870 1942,1872 1999,1873 2057,1874 2114,1875 2172,1876 2229,1877 2286,1878 2344,1878 2401,1879 2459,1880 2516,1880 2573,1881 2631,1882 2688,1883 2746,1884 2803,1885 2860,1886 2918,1887 2975,1888 3033,1890"/>
                <TextEquiv>
                    <Unicode>Wache, dem Theaterpersonal und dem Publikum, zu</Unicode>
                </TextEquiv>
            </TextLine>
            <TextLine id="r3l20" custom="readingOrder {index:19;}">
                <Coords points="1881,1920 3043,1950 3024,1893 1881,1883"/>
                <Baseline points="1888,1917 1945,1919 2002,1920 2060,1921 2117,1922 2174,1923 2232,1924 2289,1925 2346,1926 2404,1927 2461,1927 2518,1928 2576,1929 2633,1930 2690,1930 2748,1931 2805,1932 2862,1933 2920,1935 2977,1936 3035,1937"/>
                <TextEquiv>
                    <Unicode>argen Verwüstungen im Theatergebäude selbst, zu</Unicode>
                </TextEquiv>
            </TextLine>
            <TextLine id="r3l21" custom="readingOrder {index:20;}">
                <Coords points="1880,1984 3043,1985 2984,1938 2654,1963 1881,1920"/>
                <Baseline points="1888,1965 1945,1965 2002,1966 2060,1967 2117,1968 2174,1969 2232,1971 2289,1971 2346,1973 2404,1974 2461,1975 2518,1976 2576,1977 2633,1978 2690,1979 2748,1979 2805,1980 2862,1980 2920,1981 2977,1981 3035,1981"/>
                <TextEquiv>
                    <Unicode>Zertrümmerungen von Fenstern, Sesseln, Musik¬</Unicode>
                </TextEquiv>
            </TextLine>
            <TextLine id="r3l22" custom="readingOrder {index:21;}">
                <Coords points="1890,2026 2874,2012 3040,2050 3041,1991 3004,1986 1891,1980"/>
                <Baseline points="1898,2010 1954,2012 2011,2014 2068,2015 2125,2017 2181,2018 2238,2019 2295,2020 2352,2021 2408,2021 2465,2022 2522,2023 2579,2023 2635,2024 2692,2024 2749,2025 2806,2026 2862,2027 2919,2027 2976,2028 3033,2030"/>
                <TextEquiv>
                    <Unicode>nstrumenten, wie auch zu tätlichen Miß¬</Unicode>
                </TextEquiv>
            </TextLine>
            <TextLine id="r3l23" custom="readingOrder {index:22;}">
                <Coords points="1879,2068 3031,2102 3032,2044 2880,2020 1880,2018"/>
                <Baseline points="1886,2058 1942,2060 1999,2061 2056,2062 2113,2063 2170,2064 2227,2065 2284,2066 2341,2067 2398,2068 2455,2069 2511,2069 2568,2070 2625,2071 2682,2072 2739,2073 2796,2074 2853,2075 2910,2076 2967,2078 3024,2079"/>
                <TextEquiv>
                    <Unicode>handlungen von Theaterbesuchern. Die Vorstellung</Unicode>
                </TextEquiv>
            </TextLine>
            <TextLine id="r3l24" custom="readingOrder {index:23;}">
                <Coords points="1870,2130 2013,2105 2539,2132 2560,2080 1871,2068"/>
                <Baseline points="1878,2105 1911,2106 1945,2107 1979,2108 2012,2109 2046,2109 2080,2110 2113,2111 2147,2111 2181,2112 2215,2113 2248,2113 2282,2114 2316,2114 2349,2115 2383,2115 2417,2115 2450,2116 2484,2116 2518,2116 2552,2116"/>
                <TextEquiv>
                    <Unicode>mußte abgebrochen werden.</Unicode>
                </TextEquiv>
            </TextLine>
            <TextLine id="r3l25" custom="readingOrder {index:24;}">
                <Coords points="1961,2156 3040,2188 3041,2130 2855,2098 2448,2134 1961,2110"/>
                <Baseline points="1968,2151 2021,2153 2074,2155 2127,2156 2180,2157 2234,2158 2287,2160 2340,2161 2393,2161 2446,2162 2500,2163 2553,2164 2606,2165 2659,2166 2712,2166 2766,2167 2819,2168 2872,2169 2925,2170 2978,2171 3032,2173"/>
                <TextEquiv>
                    <Unicode>Wir haben anläßlich der parlamentarischen Debatte</Unicode>
                </TextEquiv>
            </TextLine>
            <TextLine id="r3l26" custom="readingOrder {index:25;}">
                <Coords points="1872,2204 2966,2238 3035,2232 3036,2186 1873,2140"/>
                <Baseline points="1880,2196 1937,2198 1994,2200 2052,2202 2109,2203 2167,2205 2224,2206 2281,2207 2339,2208 2396,2209 2454,2210 2511,2211 2568,2212 2626,2213 2683,2213 2741,2215 2798,2215 2855,2216 2913,2218 2970,2219 3028,2221"/>
                <TextEquiv>
                    <Unicode>über die Aufführung des „Reigen“ unsre Auffassung</Unicode>
                </TextEquiv>
            </TextLine>
            <TextLine id="r3l27" custom="readingOrder {index:26;}">
                <Coords points="1874,2259 3040,2286 3018,2227 1875,2204"/>
                <Baseline points="1882,2243 1939,2245 1997,2247 2054,2249 2112,2250 2169,2251 2227,2253 2284,2254 2342,2255 2399,2256 2457,2257 2515,2258 2572,2259 2630,2260 2687,2260 2745,2261 2802,2262 2860,2263 2917,2264 2975,2265 3033,2266"/>
                <TextEquiv>
                    <Unicode>über diese Angelegenheit zum Ausdruck gebracht und</Unicode>
                </TextEquiv>
            </TextLine>
            <TextLine id="r3l28" custom="readingOrder {index:27;}">
                <Coords points="1871,2298 2881,2328 3027,2318 3043,2274 1872,2259"/>
                <Baseline points="1879,2292 1936,2292 1994,2293 2052,2294 2110,2295 2168,2297 2225,2298 2283,2299 2341,2301 2399,2302 2457,2304 2514,2305 2572,2306 2630,2308 2688,2309 2746,2310 2803,2311 2861,2311 2919,2312 2977,2312 3035,2312"/>
                <TextEquiv>
                    <Unicode>auch die Bedenken geäußert, die sich gegen eine Dar¬</Unicode>
                </TextEquiv>
            </TextLine>
            <TextLine id="r3l29" custom="readingOrder {index:28;}">
                <Coords points="1875,2349 2936,2384 3028,2361 3029,2319 1876,2298"/>
                <Baseline points="1882,2338 1941,2340 2001,2341 2061,2342 2121,2343 2181,2345 2241,2346 2301,2347 2361,2348 2421,2349 2481,2350 2541,2351 2601,2352 2661,2353 2721,2354 2781,2355 2841,2357 2901,2358 2961,2359 3021,2360"/>
                <TextEquiv>
                    <Unicode>stellung dieses Werkes auf der Bühne erheben. Selbst¬</Unicode>
                </TextEquiv>
            </TextLine>
            <TextLine id="r3l30" custom="readingOrder {index:29;}">
                <Coords points="1873,2391 3033,2418 3033,2361 1874,2348"/>
                <Baseline points="1881,2384 1938,2386 1995,2387 2052,2389 2110,2390 2167,2391 2224,2392 2281,2393 2339,2395 2396,2396 2453,2397 2510,2398 2568,2399 2625,2400 2682,2401 2739,2402 2797,2403 2854,2405 2911,2406 2968,2407 3026,2409"/>
                <TextEquiv>
                    <Unicode>verständlich kann aber die gestrige Demonstration nach</Unicode>
                </TextEquiv>
            </TextLine>
            <TextLine id="r3l31" custom="readingOrder {index:30;}">
                <Coords points="1882,2437 2934,2469 3028,2467 3029,2420 1883,2389"/>
                <Baseline points="1890,2427 1946,2429 2003,2432 2059,2434 2116,2435 2172,2437 2229,2438 2285,2439 2342,2441 2398,2442 2455,2443 2512,2444 2568,2445 2625,2446 2681,2447 2738,2449 2794,2450 2851,2451 2907,2453 2964,2455 3021,2457"/>
                <TextEquiv>
                    <Unicode>hrer ganzen Anlage und nach den Ausschreitungen, die</Unicode>
                </TextEquiv>
            </TextLine>
            <TextLine id="r3l32" custom="readingOrder {index:31;}">
                <Coords points="1875,2483 2881,2516 3032,2508 3033,2467 1876,2437"/>
                <Baseline points="1883,2474 1940,2475 1997,2477 2054,2479 2111,2480 2168,2482 2225,2484 2282,2485 2339,2487 2396,2488 2454,2490 2511,2491 2568,2492 2625,2494 2682,2495 2739,2496 2796,2497 2853,2498 2910,2499 2967,2500 3025,2501"/>
                <TextEquiv>
                    <Unicode>sie mit sich gebracht hat, bei allen ordnungsliebenden</Unicode>
                </TextEquiv>
            </TextLine>
            <TextLine id="r3l33" custom="readingOrder {index:32;}">
                <Coords points="1879,2535 2943,2564 3038,2560 3039,2514 1880,2476"/>
                <Baseline points="1886,2525 1943,2526 2000,2527 2057,2528 2115,2529 2172,2531 2229,2532 2286,2533 2344,2534 2401,2535 2458,2536 2515,2537 2573,2539 2630,2540 2687,2541 2744,2543 2802,2544 2859,2545 2916,2547 2973,2548 3031,2550"/>
                <TextEquiv>
                    <Unicode>Elementen keit: Billigung finden; es ist nur dringend</Unicode>
                </TextEquiv>
            </TextLine>
            <TextLine id="r3l34" custom="readingOrder {index:33;}">
                <Coords points="1877,2586 3037,2615 3039,2560 1878,2535"/>
                <Baseline points="1884,2573 1941,2573 1998,2574 2056,2574 2113,2574 2170,2575 2228,2576 2285,2577 2342,2578 2400,2580 2457,2581 2514,2583 2572,2584 2629,2586 2686,2587 2744,2589 2801,2591 2858,2593 2916,2594 2973,2596 3031,2597"/>
                <TextEquiv>
                    <Unicode>zu wünschen, daß wir in dieser hochersten Zeit, die</Unicode>
                </TextEquiv>
            </TextLine>
            <TextLine id="r3l35" custom="readingOrder {index:34;}">
                <Coords points="1868,2631 2968,2658 3024,2655 3025,2609 1869,2582"/>
                <Baseline points="1876,2619 1933,2620 1990,2621 2047,2622 2104,2623 2161,2623 2218,2624 2275,2625 2332,2626 2389,2627 2446,2628 2503,2630 2560,2631 2617,2632 2674,2634 2731,2635 2788,2637 2845,2639 2902,2641 2959,2643 3017,2646"/>
                <TextEquiv>
                    <Unicode>uns wahrhaftig andre, schwerere Sorgen auflastet,</Unicode>
                </TextEquiv>
            </TextLine>
            <TextLine id="r3l36" custom="readingOrder {index:35;}">
                <Coords points="1867,2671 3026,2701 3000,2650 1868,2630"/>
                <Baseline points="1874,2667 1931,2668 1988,2668 2045,2669 2102,2669 2160,2670 2217,2671 2274,2672 2331,2673 2388,2674 2446,2676 2503,2677 2560,2679 2617,2680 2674,2682 2732,2683 2789,2685 2846,2687 2903,2688 2960,2690 3018,2691"/>
                <TextEquiv>
                    <Unicode>von einer Wiederholung ähnlicher häßlicher Szenen</Unicode>
                </TextEquiv>
            </TextLine>
            <TextLine id="r3l37" custom="readingOrder {index:36;}">
                <Coords points="1873,2719 2023,2728 2061,2709 2077,2726 2126,2733 2247,2721 2248,2690 2089,2667 2020,2683 1964,2668 1925,2681 1873,2673"/>
                <Baseline points="1880,2713 1905,2714 1931,2714 1957,2714 1982,2715 2008,2715 2034,2714 2060,2714 2085,2714 2111,2714 2137,2714 2162,2714 2188,2715 2214,2716 2240,2717"/>
                <TextEquiv>
                    <Unicode>verschont bleiben.</Unicode>
                </TextEquiv>
            </TextLine>
            <TextLine id="r3l38" custom="readingOrder {index:37;}">
                <Coords points="2122,2798 2484,2817 2563,2798 2622,2827 2665,2805 2765,2834 2767,2739 2745,2732 2634,2745 2593,2723 2524,2757 2432,2719 2251,2739 2167,2720 2124,2739"/>
                <Baseline points="2130,2786 2161,2787 2192,2788 2224,2788 2255,2789 2287,2790 2318,2790 2349,2791 2381,2791 2412,2792 2444,2792 2475,2793 2506,2794 2538,2794 2569,2796 2601,2796 2632,2797 2663,2798 2695,2800 2726,2801 2758,2802"/>
                <TextEquiv>
                    <Unicode>Die Vorgänge im Theater.</Unicode>
                </TextEquiv>
            </TextLine>
            <TextLine id="r3l39" custom="readingOrder {index:38;}">
                <Coords points="1954,2853 3033,2879 3034,2824 1955,2800"/>
                <Baseline points="1961,2843 2014,2843 2067,2844 2120,2845 2174,2846 2227,2847 2280,2848 2333,2850 2387,2851 2440,2852 2493,2854 2546,2855 2600,2857 2653,2858 2706,2859 2759,2861 2813,2862 2866,2864 2919,2865 2972,2867 3026,2868"/>
                <TextEquiv>
                    <Unicode>Ueber die Zwischenfälle während der gestrigen Aufführung</Unicode>
                </TextEquiv>
            </TextLine>
            <TextLine id="r3l40" custom="readingOrder {index:39;}">
                <Coords points="1870,2904 3031,2910 2807,2863 1871,2858"/>
                <Baseline points="1877,2890 1934,2890 1991,2890 2048,2891 2106,2891 2163,2892 2220,2893 2278,2894 2335,2896 2392,2897 2450,2899 2507,2901 2564,2902 2621,2904 2679,2905 2736,2906 2793,2907 2851,2908 2908,2909 2965,2909 3023,2909"/>
                <TextEquiv>
                    <Unicode>werden nachstehende Einzelheiten berichtet: Die gestrige Abend¬</Unicode>
                </TextEquiv>
            </TextLine>
            <TextLine id="r3l41" custom="readingOrder {index:40;}">
                <Coords points="1869,2948 3027,2968 3010,2912 1870,2906"/>
                <Baseline points="1877,2936 1934,2937 1991,2938 2048,2939 2105,2940 2162,2941 2219,2942 2276,2943 2333,2944 2390,2945 2448,2946 2505,2948 2562,2949 2619,2950 2676,2951 2733,2953 2790,2953 2847,2955 2904,2956 2961,2957 3019,2958"/>
                <TextEquiv>
                    <Unicode>vorstellung, die ebenso wie die übrigen der letzten Tage aus¬</Unicode>
                </TextEquiv>
            </TextLine>
            <TextLine id="r3l42" custom="readingOrder {index:41;}">
                <Coords points="1871,2991 3024,3013 3022,2964 1872,2945"/>
                <Baseline points="1878,2983 1937,2984 1997,2985 2057,2986 2117,2987 2177,2988 2237,2989 2297,2990 2357,2991 2417,2993 2477,2994 2537,2994 2597,2996 2657,2997 2717,2998 2777,2999 2837,3001 2897,3002 2957,3004 3017,3006"/>
                <TextEquiv>
                    <Unicode>verkauft war, begann in vollster Ruhe. Es hatten sich aber</Unicode>
                </TextEquiv>
            </TextLine>
            <TextLine id="r3l43" custom="readingOrder {index:42;}">
                <Coords points="1871,3047 3011,3073 3031,3025 1872,2991"/>
                <Baseline points="1878,3030 1935,3031 1992,3032 2049,3032 2107,3033 2164,3034 2221,3036 2278,3037 2336,3038 2393,3039 2450,3040 2507,3041 2565,3043 2622,3044 2679,3045 2736,3046 2794,3047 2851,3049 2908,3050 2965,3051 3023,3052"/>
                <TextEquiv>
                    <Unicode>bereits Gerüchte verbreitet, daß es zu Kundgebungen kommen</Unicode>
                </TextEquiv>
            </TextLine>
            <TextLine id="r3l44" custom="readingOrder {index:43;}">
                <Coords points="1866,3088 2918,3117 3017,3073 1867,3045"/>
                <Baseline points="1874,3076 1930,3078 1987,3079 2044,3080 2101,3081 2157,3082 2214,3083 2271,3084 2328,3085 2384,3086 2441,3087 2498,3088 2555,3089 2611,3089 2668,3090 2725,3092 2782,3093 2838,3094 2895,3095 2952,3097 3009,3098"/>
                <TextEquiv>
                    <Unicode>würde, und es hieß, daß Gegner der Aufführungen Sitze ge¬</Unicode>
                </TextEquiv>
            </TextLine>
            <TextLine id="r3l45" custom="readingOrder {index:44;}">
                <Coords points="1862,3131 2975,3163 3019,3115 1862,3088"/>
                <Baseline points="1870,3126 1927,3127 1984,3128 2041,3129 2098,3129 2155,3130 2212,3130 2269,3131 2326,3132 2383,3133 2440,3133 2497,3134 2554,3135 2611,3136 2668,3137 2725,3138 2782,3139 2839,3140 2896,3142 2953,3143 3011,3145"/>
                <TextEquiv>
                    <Unicode>kauft hätten. Dem großen Teil des Publikums war jedoch darüber</Unicode>
                </TextEquiv>
            </TextLine>
            <TextLine id="r3l46" custom="readingOrder {index:45;}">
                <Coords points="1866,3172 3024,3198 3024,3148 1867,3130"/>
                <Baseline points="1873,3170 1930,3171 1987,3172 2044,3173 2101,3174 2158,3175 2215,3176 2273,3177 2330,3178 2387,3179 2444,3180 2501,3181 2558,3182 2615,3183 2673,3184 2730,3185 2787,3186 2844,3187 2901,3188 2958,3190 3016,3191"/>
                <TextEquiv>
                    <Unicode>nichts bekannt; eine gewisse Unruhe entstand aber schon während</Unicode>
                </TextEquiv>
            </TextLine>
            <TextLine id="r3l47" custom="readingOrder {index:46;}">
                <Coords points="1869,3225 3022,3249 3023,3197 1870,3177"/>
                <Baseline points="1877,3219 1933,3219 1990,3220 2047,3221 2104,3222 2161,3223 2218,3224 2275,3225 2332,3226 2389,3227 2446,3228 2502,3229 2559,3230 2616,3231 2673,3232 2730,3233 2787,3234 2844,3235 2901,3236 2958,3237 3015,3239"/>
                <TextEquiv>
                    <Unicode>der ersten Dialoge, als ein scharfer, durchdringender Geruch</Unicode>
                </TextEquiv>
            </TextLine>
            <TextLine id="r3l48" custom="readingOrder {index:47;}">
                <Coords points="1869,3273 2927,3300 3032,3298 3033,3253 1869,3224"/>
                <Baseline points="1876,3265 1933,3266 1990,3267 2048,3268 2105,3269 2163,3270 2220,3271 2278,3272 2335,3273 2393,3273 2450,3274 2507,3275 2565,3276 2622,3277 2680,3278 2737,3279 2795,3281 2852,3282 2910,3283 2967,3285 3025,3286"/>
                <TextEquiv>
                    <Unicode>sich bemerkbar machte, der auf Stinkbomben zurückgeführt</Unicode>
                </TextEquiv>
            </TextLine>
            <TextLine id="r3l49" custom="readingOrder {index:48;}">
                <Coords points="1870,3318 2961,3348 3032,3337 3033,3300 1871,3280"/>
                <Baseline points="1877,3313 1934,3313 1991,3314 2049,3315 2106,3316 2164,3317 2221,3318 2278,3318 2336,3319 2393,3320 2451,3321 2508,3322 2565,3323 2623,3324 2680,3325 2738,3326 2795,3328 2852,3329 2910,3330 2967,3331 3025,3333"/>
                <TextEquiv>
                    <Unicode>wurde. Man versuchte diesem üblen Geruch durch Ausspritzen</Unicode>
                </TextEquiv>
            </TextLine>
            <TextLine id="r3l50" custom="readingOrder {index:49;}">
                <Coords points="1865,3369 2898,3393 3023,3387 3024,3345 1866,3318"/>
                <Baseline points="1872,3359 1929,3360 1986,3361 2043,3362 2100,3363 2157,3364 2214,3365 2272,3366 2329,3367 2386,3368 2443,3369 2500,3370 2557,3371 2614,3372 2672,3373 2729,3374 2786,3375 2843,3376 2900,3377 2957,3378 3015,3379"/>
                <TextEquiv>
                    <Unicode>von Desinfektionsmitteln zu begegnen. Die Aufführung war</Unicode>
                </TextEquiv>
            </TextLine>
            <TextLine id="r3l51" custom="readingOrder {index:50;}">
                <Coords points="1859,3420 2955,3447 3026,3432 3027,3385 1860,3362"/>
                <Baseline points="1867,3406 1924,3408 1982,3409 2039,3410 2097,3412 2155,3412 2212,3414 2270,3415 2327,3415 2385,3416 2443,3417 2500,3418 2558,3419 2615,3420 2673,3421 2731,3421 2788,3422 2846,3423 2903,3425 2961,3426 3019,3428"/>
                <TextEquiv>
                    <Unicode>bis zu dem Dialog „Junger Herr und junge Frau“ gediehen.</Unicode>
                </TextEquiv>
            </TextLine>
            <TextLine id="r3l52" custom="readingOrder {index:51;}">
                <Coords points="1872,3469 3018,3482 3018,3436 1873,3413"/>
                <Baseline points="1879,3454 1935,3455 1992,3456 2048,3457 2105,3458 2162,3459 2218,3460 2275,3461 2331,3462 2388,3462 2445,3463 2501,3464 2558,3465 2614,3466 2671,3467 2728,3468 2784,3469 2841,3471 2897,3472 2954,3473 3011,3475"/>
                <TextEquiv>
                    <Unicode>Plötzlich hörte man von der Rotenturmstraße her und aus</Unicode>
                </TextEquiv>
            </TextLine>
            <TextLine id="r3l53" custom="readingOrder {index:52;}">
                <Coords points="1870,3506 3028,3526 2996,3478 1871,3467"/>
                <Baseline points="1878,3501 1935,3502 1992,3503 2049,3504 2106,3505 2163,3506 2220,3507 2278,3508 2335,3509 2392,3510 2449,3511 2506,3512 2563,3512 2620,3513 2678,3514 2735,3515 2792,3516 2849,3517 2906,3518 2963,3519 3021,3520"/>
                <TextEquiv>
                    <Unicode>dem Vorraum des Theaters schrille Sirenenpfiffe und laute</Unicode>
                </TextEquiv>
            </TextLine>
            <TextLine id="r3l54" custom="readingOrder {index:53;}">
                <Coords points="1865,3582 1935,3583 1969,3556 2009,3556 2025,3566 2050,3568 2062,3563 2062,3510 2032,3507 2019,3518 2003,3519 1954,3502 1932,3516 1902,3506 1890,3511 1865,3506"/>
                <Baseline points="1873,3552 1898,3550 1924,3550 1950,3549 1976,3549 2002,3549 2028,3550 2054,3551"/>
                <TextEquiv>
                    <Unicode>Hurrarufe.</Unicode>
                </TextEquiv>
            </TextLine>
            <TextLine id="r3l55" custom="readingOrder {index:54;}">
                <Coords points="1956,3604 3025,3623 2994,3563 1957,3557"/>
                <Baseline points="1964,3595 2016,3596 2069,3597 2122,3598 2174,3599 2227,3600 2280,3601 2332,3601 2385,3602 2438,3603 2491,3603 2543,3604 2596,3605 2649,3606 2701,3607 2754,3608 2807,3609 2859,3610 2912,3611 2965,3612 3018,3614"/>
                <TextEquiv>
                    <Unicode>Sowohl im oberen Teil der Rotenturmstraße und auf</Unicode>
                </TextEquiv>
            </TextLine>
            <TextLine id="r3l56" custom="readingOrder {index:55;}">
                <Coords points="1861,3655 2967,3673 3024,3666 3025,3624 1861,3590"/>
                <Baseline points="1868,3643 1925,3644 1982,3645 2040,3646 2097,3646 2155,3647 2212,3648 2270,3648 2327,3649 2385,3650 2442,3650 2499,3651 2557,3652 2614,3653 2672,3654 2729,3654 2787,3655 2844,3656 2902,3657 2959,3658 3017,3660"/>
                <TextEquiv>
                    <Unicode>dem Fleischmarkt wie auf dem Franz Josefs=Kai hatten sich</Unicode>
                </TextEquiv>
            </TextLine>
            <TextLine id="r3l57" custom="readingOrder {index:56;}">
                <Coords points="1871,3700 2950,3725 3027,3710 3028,3665 1872,3651"/>
                <Baseline points="1878,3688 1935,3689 1992,3690 2049,3691 2106,3692 2163,3693 2220,3694 2277,3694 2334,3695 2391,3696 2449,3697 2506,3697 2563,3698 2620,3699 2677,3699 2734,3700 2791,3701 2848,3702 2905,3703 2962,3704 3020,3705"/>
                <TextEquiv>
                    <Unicode>nämlich kleine Gruppen angesammelt, darunter eine Anzahl</Unicode>
                </TextEquiv>
            </TextLine>
            <TextLine id="r3l58" custom="readingOrder {index:57;}">
                <Coords points="1864,3742 3024,3765 3015,3712 1865,3700"/>
                <Baseline points="1872,3735 1929,3736 1986,3737 2043,3738 2100,3739 2158,3739 2215,3740 2272,3741 2329,3741 2386,3741 2444,3742 2501,3743 2558,3743 2615,3744 2672,3745 2730,3745 2787,3747 2844,3748 2901,3749 2958,3751 3016,3753"/>
                <TextEquiv>
                    <Unicode>von Hochschülern, die sich plötzlich zusammenschlossen und auf</Unicode>
                </TextEquiv>
            </TextLine>
            <TextLine id="r3l59" custom="readingOrder {index:58;}">
                <Coords points="1876,3790 3015,3807 2994,3755 1877,3750"/>
                <Baseline points="1884,3783 1940,3783 1996,3783 2052,3784 2108,3784 2165,3785 2221,3785 2277,3786 2333,3786 2389,3787 2446,3788 2502,3788 2558,3789 2614,3790 2670,3791 2727,3791 2783,3792 2839,3793 2895,3794 2951,3794 3008,3795"/>
                <TextEquiv>
                    <Unicode>as Signal einer Sirenenpfeife mit lauten Hurrarufen in die</Unicode>
                </TextEquiv>
            </TextLine>
            <TextLine id="r3l60" custom="readingOrder {index:59;}">
                <Coords points="1864,3840 3013,3848 2987,3799 1865,3789"/>
                <Baseline points="1872,3829 1928,3829 1985,3830 2041,3830 2098,3831 2155,3832 2211,3832 2268,3832 2325,3833 2381,3834 2438,3834 2495,3835 2551,3835 2608,3836 2665,3836 2721,3837 2778,3838 2835,3838 2891,3839 2948,3840 3005,3841"/>
                <TextEquiv>
                    <Unicode>Rotenturmstraße vorwärtsstürmten zu dem schmalen Straßen¬</Unicode>
                </TextEquiv>
            </TextLine>
            <TextLine id="r3l61" custom="readingOrder {index:60;}">
                <Coords points="1865,3886 3015,3902 2987,3845 2843,3834 1865,3835"/>
                <Baseline points="1872,3879 1928,3878 1985,3878 2042,3878 2099,3878 2155,3878 2212,3879 2269,3879 2326,3880 2382,3880 2439,3881 2496,3881 2553,3882 2609,3883 2666,3884 2723,3884 2780,3885 2836,3885 2893,3886 2950,3886 3007,3887"/>
                <TextEquiv>
                    <Unicode>zugange, in dem sich der Eingang zu den Kammerspielen be¬</Unicode>
                </TextEquiv>
            </TextLine>
            <TextLine id="r3l62" custom="readingOrder {index:61;}">
                <Coords points="1872,3928 3024,3945 3024,3908 2962,3891 1872,3886"/>
                <Baseline points="1879,3924 1935,3924 1992,3924 2049,3924 2106,3925 2163,3925 2220,3925 2277,3926 2334,3926 2391,3927 2448,3927 2504,3928 2561,3929 2618,3929 2675,3930 2732,3931 2789,3931 2846,3932 2903,3933 2960,3933 3017,3934"/>
                <TextEquiv>
                    <Unicode>findet. Die von beiden Seiten sich zusammenschließenden</Unicode>
                </TextEquiv>
            </TextLine>
            <TextLine id="r3l63" custom="readingOrder {index:62;}">
                <Coords points="1871,3978 3017,3986 2988,3941 1871,3929"/>
                <Baseline points="1879,3970 1935,3970 1992,3971 2048,3971 2105,3971 2161,3972 2218,3972 2274,3972 2331,3973 2387,3973 2444,3974 2500,3974 2557,3975 2613,3975 2670,3976 2726,3976 2783,3977 2839,3978 2896,3978 2952,3979 3009,3980"/>
                <TextEquiv>
                    <Unicode>Gruppen mögen etwa 600 Personen gezählt haben. Vor dem</Unicode>
                </TextEquiv>
            </TextLine>
            <TextLine id="r3l64" custom="readingOrder {index:63;}">
                <Coords points="1865,4019 3025,4031 2933,3981 1866,3980"/>
                <Baseline points="1873,4016 1930,4017 1987,4017 2044,4018 2102,4018 2159,4018 2216,4019 2273,4019 2331,4019 2388,4019 2445,4019 2502,4019 2560,4020 2617,4020 2674,4020 2731,4021 2789,4022 2846,4023 2903,4024 2960,4026 3018,4027"/>
                <TextEquiv>
                    <Unicode>Theatergebäude versahen zehn Sicherheitswachleute den Dienst.</Unicode>
                </TextEquiv>
            </TextLine>
            <TextLine id="r3l65" custom="readingOrder {index:64;}">
                <Coords points="1865,4073 2956,4086 3024,4080 3025,4033 1865,4020"/>
                <Baseline points="1872,4064 1929,4064 1986,4065 2043,4065 2101,4065 2158,4066 2215,4066 2272,4066 2330,4066 2387,4066 2444,4066 2501,4067 2559,4067 2616,4067 2673,4068 2730,4068 2788,4069 2845,4070 2902,4071 2959,4072 3017,4073"/>
                <TextEquiv>
                    <Unicode>Sie versuchten durch Bildung einer Kette dem Ansturm stand¬</Unicode>
                </TextEquiv>
            </TextLine>
            <TextLine id="r3l66" custom="readingOrder {index:65;}">
                <Coords points="1864,4128 3018,4129 3007,4080 1864,4073"/>
                <Baseline points="1871,4114 1930,4113 1990,4113 2050,4112 2110,4112 2170,4112 2230,4112 2290,4112 2350,4113 2410,4113 2470,4113 2530,4114 2590,4114 2650,4114 2710,4115 2770,4115 2830,4116 2890,4117 2950,4117 3010,4118"/>
                <TextEquiv>
                    <Unicode>zuhalten, wurden aber überrannt; auf die Wachleute wurde</Unicode>
                </TextEquiv>
            </TextLine>
            <TextLine id="r3l67" custom="readingOrder {index:66;}">
                <Coords points="1862,4168 3023,4175 3023,4134 2935,4122 1863,4129"/>
                <Baseline points="1870,4157 1927,4158 1984,4159 2041,4159 2099,4159 2156,4160 2213,4160 2271,4160 2328,4160 2385,4160 2443,4160 2500,4161 2557,4161 2614,4161 2672,4162 2729,4162 2786,4163 2844,4164 2901,4165 2958,4166 3016,4167"/>
                <TextEquiv>
                    <Unicode>mit Stöcken losgeschlagen. Die Wache versuchte dann, die Türen,</Unicode>
                </TextEquiv>
            </TextLine>
            <TextLine id="r3l68" custom="readingOrder {index:67;}">
                <Coords points="2165,4243 2301,4243 2342,4205 2406,4225 2450,4208 2492,4241 2520,4242 2518,4173 2495,4164 2455,4174 2416,4160 2372,4174 2330,4160 2163,4172"/>
                <Baseline points="2171,4211 2197,4212 2223,4212 2249,4212 2275,4212 2302,4211 2328,4210 2354,4209 2380,4209 2407,4208 2433,4208 2459,4207 2485,4207 2512,4207"/>
                <TextEquiv>
                    <Unicode></Unicode>
                </TextEquiv>
            </TextLine>
            <TextLine id="r3l69" custom="readingOrder {index:68;}">
                <Coords points="1867,4207 1876,4208 1887,4198 1894,4201 1898,4206 1911,4196 1918,4204 1925,4204 1927,4175 1919,4174 1915,4179 1907,4177 1896,4166 1870,4166"/>
                <Baseline points="1875,4210 1917,4212"/>
                <TextEquiv>
                    <Unicode>die</Unicode>
                </TextEquiv>
            </TextLine>
            <TextLine id="r3l70" custom="readingOrder {index:69;}">
                <Coords points="2684,4212 2954,4214 2956,4184 2932,4186 2894,4170 2875,4180 2860,4169 2818,4178 2769,4169 2746,4178 2687,4165"/>
                <Baseline points="2692,4209 2717,4206 2742,4206 2768,4208 2793,4211 2819,4215 2844,4217 2869,4220 2895,4221 2920,4219 2946,4214"/>
                <TextEquiv>
                    <Unicode>e</Unicode>
                </TextEquiv>
            </TextLine>
            <TextEquiv>
                <Unicode>17 eDr
M.
Tagesbericht
broße Skandale
bei der „Reigen“-Aufführung.
Die Vorstellung abgebrochen. — Verwüstungen
im Theater. — Tumuliszenen auf der Straße.
Die schon seit einigen Tagen gehegten Be¬
fürchtungen, daß es wegen der Aufführunge des
„Reigen“ in den Kammerspielen zu Demonstrationen
kommen werde, haben sich gestern bewahrheitet.
Während der gestrigen Abendvorstellung ereigneten
sich wüste Szenen, wie sich solche in einem
Wiener Theater noch nie abgespielt
haben. Im Zuschauerraum waren bereits Demon¬
tranten anwesend, während andre Gruppen von der
Straße aus in das Theater eindrangen. Es kam hiebei
zu Kämpfen zwischen den Demonstranten, der
Wache, dem Theaterpersonal und dem Publikum, zu
argen Verwüstungen im Theatergebäude selbst, zu
Zertrümmerungen von Fenstern, Sesseln, Musik¬
nstrumenten, wie auch zu tätlichen Miß¬
handlungen von Theaterbesuchern. Die Vorstellung
mußte abgebrochen werden.
Wir haben anläßlich der parlamentarischen Debatte
über die Aufführung des „Reigen“ unsre Auffassung
über diese Angelegenheit zum Ausdruck gebracht und
auch die Bedenken geäußert, die sich gegen eine Dar¬
stellung dieses Werkes auf der Bühne erheben. Selbst¬
verständlich kann aber die gestrige Demonstration nach
hrer ganzen Anlage und nach den Ausschreitungen, die
sie mit sich gebracht hat, bei allen ordnungsliebenden
Elementen keit: Billigung finden; es ist nur dringend
zu wünschen, daß wir in dieser hochersten Zeit, die
uns wahrhaftig andre, schwerere Sorgen auflastet,
von einer Wiederholung ähnlicher häßlicher Szenen
verschont bleiben.
Die Vorgänge im Theater.
Ueber die Zwischenfälle während der gestrigen Aufführung
werden nachstehende Einzelheiten berichtet: Die gestrige Abend¬
vorstellung, die ebenso wie die übrigen der letzten Tage aus¬
verkauft war, begann in vollster Ruhe. Es hatten sich aber
bereits Gerüchte verbreitet, daß es zu Kundgebungen kommen
würde, und es hieß, daß Gegner der Aufführungen Sitze ge¬
kauft hätten. Dem großen Teil des Publikums war jedoch darüber
nichts bekannt; eine gewisse Unruhe entstand aber schon während
der ersten Dialoge, als ein scharfer, durchdringender Geruch
sich bemerkbar machte, der auf Stinkbomben zurückgeführt
wurde. Man versuchte diesem üblen Geruch durch Ausspritzen
von Desinfektionsmitteln zu begegnen. Die Aufführung war
bis zu dem Dialog „Junger Herr und junge Frau“ gediehen.
Plötzlich hörte man von der Rotenturmstraße her und aus
dem Vorraum des Theaters schrille Sirenenpfiffe und laute
Hurrarufe.
Sowohl im oberen Teil der Rotenturmstraße und auf
dem Fleischmarkt wie auf dem Franz Josefs=Kai hatten sich
nämlich kleine Gruppen angesammelt, darunter eine Anzahl
von Hochschülern, die sich plötzlich zusammenschlossen und auf
as Signal einer Sirenenpfeife mit lauten Hurrarufen in die
Rotenturmstraße vorwärtsstürmten zu dem schmalen Straßen¬
zugange, in dem sich der Eingang zu den Kammerspielen be¬
findet. Die von beiden Seiten sich zusammenschließenden
Gruppen mögen etwa 600 Personen gezählt haben. Vor dem
Theatergebäude versahen zehn Sicherheitswachleute den Dienst.
Sie versuchten durch Bildung einer Kette dem Ansturm stand¬
zuhalten, wurden aber überrannt; auf die Wachleute wurde
mit Stöcken losgeschlagen. Die Wache versuchte dann, die Türen,

die
e</Unicode>
            </TextEquiv>
        </TextRegion>
    </Page>
</PcGts>
