3444 4352
1023 110 1417 197 box 17/3
323 107 843 216 11. Reigen
1419 1172 1617 1270 Wenden!
534 1181 1268 1284 Wenden! Rückselte beachten!
1264 1265 1583 1351 Telephon 12.801
789 1423 1314 1523 „OSSENVEN
595 1505 1547 1569 I. österr. behördl. konzession. Unternehmen für Zeitungs-Ausschnitte
635 1571 1463 1643 WIEN I, CONCORDIAPLATZ 4
942 1629 1222 1696 Vertretungen:
555 1662 1598 1738 in Berlin, Basel, Budapest, Chicago, Cleveland, Christiania,
551 1716 1605 1773 Genf, P#penhagen, London, Madrid, Mailand, Minneapolis,
545 1757 1603 1814 New-Ve.k. Paris, Rom, San Francisco, Stocktim, St. Peters¬
951 1803 1209 1860 burg, Toronto.
852 1839 1315 1903 (Quellenangabe ohne Gewähr.)
555 1872 1626 1996 Ausschfallea Budapgster Abendblatt
555 2013 689 2073 vom:
716 2113 1460 2206 Der verbotene „Reigen.“ Wie be
710 2169 1481 2227 #eits mitgetheilt, hat die Polizei die
716 2207 1470 2286 Aufführung von Schuißlers „Reigen“
722 2254 1477 2339 im Köpessy=Theate. Arboten. Direk¬
718 2304 1466 2373 tor Awert Kövessy hat gegen die
720 2343 1480 2418 sen Bescheid den Rekurs ergriffen
723 2389 1476 2461 und sich heute persönlich ins Ministe¬
725 2434 1483 2498 rium des Innern begeben, um dort
711 2477 1477 2544 eine Abänderung des Bescheides zu er¬
727 2531 1475 2592 wirken. Bei Schluß unseres Blattes
734 2562 1478 2643 ist eine Entscheidung noch nicht er¬
714 2627 1490 2683 folgt. Wie uns seitens der Direktion
731 2660 1482 2718 mitgetheilt wird, hängt es von der
726 2706 1484 2765 Entscheidung des Ministeriumes ab, ob
728 2750 1492 2808 im Theater heute eine Vorstellung
737 2792 1500 2853 überhaupt stattfinden wird. Wenn die
734 2835 1486 2906 Gesellschaft nämlich den „Reigen“
735 2878 1495 2960 nicht aufführen darf, kann sie keine
730 2921 1490 3005 Vorstellung abhalten, da sie ein andy
718 2974 1370 3041 res Stück nicht vorbereitet hat.
2837 1240 3023 1313 Wenden!
1969 1231 2686 1321 Wenden! Rückselte beachten!
2681 1315 2994 1407 Telephon 12.801
2333 1474 2730 1563 SSEHTEN
2040 1560 2967 1629 I. österr. behördl. konzession. Unternehmen für Zeltungs-Ausschnitte
2147 1613 2873 1680 WIEN I, CONCORDIAPLATZ 4
2374 1679 2650 1748 Vertretungen:
1983 1715 3028 1790 in Berlin, Basel, Budapest, Chicag), Cleveland, Christiania,
1983 1766 3020 1829 Genf, Kopenhagen, London, Madricl, Mailand, Minneapolis,
1972 1806 3023 1865 New-Vork, Paris, Rom, San Francisco, Stockholm, St. Peters¬
2374 1852 2628 1910 burg, Toronto.
2281 1888 2727 1957 (Quellenangabe ohne Gewähr.)
1978 1943 3011 2050 Ausschnitt außerliner Local Anzeig
2153 2011 2290 2075 16 10
1978 2059 2114 2119 vom:
2496 2095 2720 2163 rsen
2154 2142 2988 2217 SchReiineigem Budn¬
2112 2185 2985 2245 pester Theater verboten. Die Budapester
2122 2222 2987 2279 „Neue Bühne“ hatte, wahrscheinlich um eine Sensa¬
2112 2273 2983 2314 tion zu haben, Schnitzlers „Reigen“ aufgeführt,
2121 2298 2981 2357 jenes Werk, das eigentlich gar nicht für die Bühne
2123 2339 2972 2395 bestimmt ist. Schnitzler behandelt im „Reigen“
2119 2378 2987 2431 allerdings in Dialogform ein sehr heikles sexuelles
2116 2418 2978 2471 Thema, doch stellten sich der Aufführung des
2094 2458 2973 2516 Werkes schon darum große Schwierigkeiten in den
2091 2564 2957 2606 Weg, weil sich das, was Schnitzler sagen und be¬
2091 2593 2959 2651 weisen will, überhautt kaum auf der Bühne
2091 2642 2962 2685 wiedergeben läßt. Der Oberstadthauptmann von
2085 2685 2947 2734 Budapest hat denn auch, wie unsunser P.=Kor¬
2102 2716 2963 2764 respondent telegraphiert, gestern die
2100 2748 2964 2798 weiteren Aufführungen verboten. Die Regie wan¬
2092 2791 2934 2841 übrigens überaus taktlos borgeggronewa
2101 2808 2963 2876 überhaupt eine Möglichkeit geben sollte, den „Rei¬
2103 2845 2956 2916 gen auf der Bühne erträglich zu machen, so ging
2106 2893 2947 2958 ihr die Inszenierung, die an Deutlichkeit nichts.
2102 2908 2956 2998 an Kunst so ziemlich alles zu wünschen übrigließ,
2096 2969 2687 3045 in weitem Bogen aus dem Wege.
2142 3023 2447 3093 * Kans #e#
