3392 4448
329 88 473 187 11.
1026 92 1435 182 box 18/1
519 102 838 191 Reigen
613 868 1443 966 Mose & Seidel
645 958 1411 1049 Bureau für Zeitungsausschnitte
635 1041 1422 1117 Berlin NO. 43, Georgenkirchplatz 21
799 1169 1337 1280 Srusel Tageblatt
601 1243 790 1339 Zeitung:
598 1368 718 1451 Ort:
594 1461 790 1550 Datum:
908 1400 1404 1584 LAOLLD
701 1651 1642 1752 Artur Schnitzler: „Reigen“.
909 1731 1424 1808 Kleines Schauspielhaus.
639 1831 1757 1902 Darf man Stücke verbieten? — Nicht mal, wenn sie schlecht ge¬
577 1882 1762 1943 schrieben sind und schlecht gespielt werden; (was ein Standpunkt sein
581 1939 712 1993 könnte).
646 1956 1748 2032 Hier aber ist ein reizendes Werk, — und es wird annehmbar
589 2022 715 2080 gespielt.
633 2042 1751 2109 Der Erfolg war gut; die Hörerschaft wurde nicht schlechter da¬
583 2095 1686 2154 von. Und die Welt ist, zum Donnerwetter, kein Kindergarten.
628 2134 1755 2195 Schnitzler schrieb das Buch vor vierundzwanzig Jahren Er hat's
586 2180 1755 2239 damals nur den Freunden geschenkt. Im Deutschen Reich war es
576 2229 1754 2290 nicht druckbar — unter einer Regierung, die für aller Wohl so sehr
580 2270 1291 2340 sorgte, daß es allen heute so gut ergeht.
631 2298 1754 2359 Einen Augenblick Rast und Besinnung! Es wird auf die Dauer
580 2346 1748 2417 zu fad, vor allen wichtigsten Begleitumständen der menschlichen
583 2384 1751 2453 Fortpflanzung sich tot zu stellen; sich dumm zu stellen. Eine lang¬
590 2429 1752 2496 auernde Hypnose. Die Einteilung „Altertum, „Mittelalter“, „Neu¬
584 2471 1100 2551 zeit“ ist im Grunde verfrüht.
1143 2515 1202 2570 II.
641 2558 1758 2622 Reigen heißt hier Liebesreigen. Und Liebe heißt hier nicht
582 2596 1474 2662 platonische, sondern ... Also: angewandte Liebe.
640 2623 1759 2694 Sie wird angewandt (ohne Gröbliches, Lüsternes, Schmieriges)
577 2694 1752 2744 zwischen zehn Menschenpaaren. Und zwischen allen Gesellschafts¬
582 2734 705 2789 klassen.
633 2749 1762 2824 Stets das Hinübergreifen von einer Schicht zur andren. Folgen¬
580 2809 1748 2863 vermaßen. Dirne, Soldat. Soldat, Stubenmädel. Stubenmädel,
586 2862 1758 2908 junger Herr. Junger Herr, junge Frau. Junge Frau, ihr Mann.
585 2894 1759 2951 Ihr Mann, süßes Mädel. Süßes Mädel, Poet. Poet, Schauspielerin.
1304 2939 1753 2988 Der Reigen ist geschlossen.
586 2940 1306 2992 Schauspielerin, Graf. Graf, Dirne
645 2977 1760 3036 Voltaire hat im „Candide“ Aehnliches vorgemacht. Die Reihen¬
591 3023 1760 3073 folge bei ihm ist: Stubenmädel; Franziskaner; alte Gräfin; Ritt¬
587 3058 1679 3115 meister; Marquise; Page; Jesuit; Matrose des Columbus
592 3098 1750 3155 Auch hier ist also von der so oft erstrebten Ueberbrückung der Klassen¬
593 3154 1349 3205 unterschiode wenigstens Einiges durchgeführt.
636 3193 1754 3237 Die seelische Tragikomik des körperlichen Begebnisses hat ja auch der
580 3227 1751 3289 himmlische Hogarth in zwei Bildern unsterblich festgelegt: „Vorher“
585 3274 1517 3334 und „Nachher“ benannt. Die Welt steht immer noch.
1142 3323 1208 3378 III.
647 3343 1765 3421 Schnitzler ist mehr launig als faunig. Er gibt mit nachdenklichem
586 3410 1508 3472 Lächeln den irdischen Humor der unterirdischen Welt.
641 3446 1762 3502 Nicht Schmutzereien: sondern Lebensaspekten. Auch das Ver¬
578 3486 1763 3546 gängliche des Taumels; das komisch=trübe Schwinden der Trugs.
573 3537 1316 3604 Alles umhaucht von leisem, witzigem Reiz.
1834 1623 2979 1688 Herr Huvert Reusch, der Spielwart, hat es nicht ganz ohne
1790 1683 2967 1730 Glück nachgestaltet. Der Erfolg ließe sich verstärken, wenn man die
1793 1727 2971 1784 Musik streicht — und einen Teil der Darsteller auf die Höhe der Aus¬
1792 1765 2109 1826 stattung bringt..
1840 1776 2967 1858 (Sie war von Stern; manchmal zu üppig — so im Zimmerl
1791 1844 2012 1913 des Poeten.)
1854 1880 2982 1954 Alles müßte leiser, leichter, ironisch=zarter im gesprochenen Wort
1791 1922 2496 1988 sein. Aber alles war, o Polizei, dezent.
1847 1971 2971 2025 Der Gewinn des Abends hieß Poldi Müller. Das ist niemand.
1790 2012 2974 2066 der Leopold heißt. Sondern jemand, der offenbar Leopoldine heißt.
1793 2055 2261 2118 Sie war das füße Pädel.
1843 2103 2179 2156 Ja, sie war es ...
1843 2112 2975 2196 Von der Schauspielerin, die es mit dem Dichter und dem Grafen
1801 2183 2973 2241 hat, holte Fräulein Dergan (Blanche mit Vornamen) bloß Einiges
1792 2224 2967 2272 heraus. Die Rolle schreit, brüllt nach der Sandrock, — wo die noch
1794 2267 2330 2320 keine grauen Herzoginnen gab.
1843 2288 2981 2361 Fräulein Dergan war liebenswürdig — aber die Gestalt braucht
1792 2336 2970 2397 noch mehr Feierliches, Unzusammenhängendes, Erhaben=Hunde¬
1790 2390 2921 2446 schnäuziges, Unbeirrbar=Ruhevolles — daß man vom Stuhl fällt.
1840 2421 2964 2496 Das köstliche Abschiedswort an den Offizier, „Adieu, Stein¬
1788 2480 2648 2539 amanger!“ verkitschte sie durch eine Weglassung.
1844 2521 2974 2567 Wie auch der Schauspieler Kurt Götz Ersatzwirkungen durch frei¬
1795 2560 2973 2613 williges Sichbegießen mit Wasser beitat. Er war nicht recht ein
1790 2596 2227 2665 woienerischer junger Herr.
1840 2636 2968 2696 Seine junge Frau, Fräulein Magda Mohr (neulich Magda
1799 2685 2965 2748 Madeleine) hatte den Namen geändert. Jetzt, wen## sie noch Einiges
1800 2731 2106 2791 indern möchte..
1840 2743 2974 2826 Herr Etlinger kam als Poet in der Maske Schnitzlers; wodurch
1795 2812 2967 2871 er ihm zu nahe trat. Undankbar gegen einen Autor. Doch
1852 2856 2360 2916 Phlegma blieb er ganz ullig.
2335 2896 2408 2951 IV.
1840 2912 2967 3004 Zum Beginn und zum Ochluß erschien die Prinzipalin, Fräu
1790 2974 2974 3037 Eysoldt. Sie trug mit Recht iyre Klage wider die Polizei vor die
1801 3027 2004 3095 Inwesenden.
1837 3046 2957 3124 Die Aufführung ist bei sechs Wochen Haft verboten worden, — da¬
1805 3104 2961 3163 ei hat die hineingreisende Stelle das Werk nur gelesen, nie gesehn.
1819 3150 2965 3206 Das alles geht vom Kultusministerium aus? Bestimmt nicht von
1817 3193 1942 3257 genisch.
2638 3192 2918 3264 Alfred Kerr.
