<?xml version="1.0" encoding="UTF-8" standalone="yes"?>
<PcGts xmlns="http://schema.primaresearch.org/PAGE/gts/pagecontent/2013-07-15" xmlns:xsi="http://www.w3.org/2001/XMLSchema-instance" xsi:schemaLocation="http://schema.primaresearch.org/PAGE/gts/pagecontent/2013-07-15 http://schema.primaresearch.org/PAGE/gts/pagecontent/2013-07-15/pagecontent.xsd">
    <Metadata>
        <Creator>prov=University of Rostock/Institute of Mathematics/CITlab/Gundram Leifert/gundram.leifert@uni-rostock.de:name=ONB_Newseye_GT_M1+(htr_id=10810)::::v=2.4.3
prov=University of Rostock/Institute of Mathematics/CITlab/Tobias Gruening/tobias.gruening@uni-rostock.de:name=de.uros.citlab.module.baseline2polygon.B2PSeamMultiOriented:v=2.4.3
prov=University of Rostock/Institute of Mathematics/CITlab/Tobias Gruening/tobias.gruening@uni-rostock.de:name=/net_tf/LA73_249_0mod360.pb:de.uros.citlab.segmentation.CITlab_LA_ML:v=2.4.3
Transkribus</Creator>
        <Created>2019-10-07T11:37:42.187+02:00</Created>
        <LastChange>2019-12-04T13:57:37.223+01:00</LastChange>
        <TranskribusMetadata docId="223982" pageId="9502398" pageNr="192" tsid="20377943" status="IN_PROGRESS" userId="40391" imgUrl="https://files.transkribus.eu/Get?id=TFWZLWMZDKRBHNARWLVIVWHE&amp;fileType=view" xmlUrl="https://files.transkribus.eu/Get?id=FFJBOQBVZLTIYVXSYEVGKWQA" imageId="6192616"/>
    </Metadata>
    <Page imageFilename="223982_0192.jpeg" imageWidth="3336" imageHeight="4352">
        <ReadingOrder>
            <OrderedGroup id="ro_1711448303460" caption="Regions reading order">
                <RegionRefIndexed index="0" regionRef="r1"/>
                <RegionRefIndexed index="1" regionRef="r2"/>
                <RegionRefIndexed index="2" regionRef="r3"/>
                <RegionRefIndexed index="3" regionRef="r4"/>
                <RegionRefIndexed index="4" regionRef="r5"/>
            </OrderedGroup>
        </ReadingOrder>
        <TextRegion orientation="0.0" id="r1" custom="readingOrder {index:0;}">
            <Coords points="122,1496 122,3032 359,3032 359,1496"/>
            <TextLine id="r1l1" custom="readingOrder {index:0;}">
                <Coords points="141,1552 171,1557 189,1546 200,1553 210,1543 257,1549 281,1529 308,1534 339,1527 360,1537 359,1473 332,1479 315,1466 299,1472 267,1455 232,1467 211,1462 139,1472"/>
                <Baseline points="147,1528 172,1524 198,1522 224,1520 250,1520 276,1521 302,1521 328,1521 354,1520"/>
                <TextEquiv>
                    <Unicode>Bühne.</Unicode>
                </TextEquiv>
            </TextLine>
            <TextLine id="r1l2" custom="readingOrder {index:1;}">
                <Coords points="161,1648 176,1646 184,1654 229,1649 244,1658 260,1641 274,1638 284,1646 317,1652 338,1644 364,1655 362,1597 349,1592 325,1591 317,1599 276,1590 257,1597 219,1569 158,1581"/>
                <Baseline points="166,1642 193,1641 220,1641 247,1640 275,1638 302,1637 329,1637 357,1636"/>
                <TextEquiv>
                    <Unicode>sich ver¬</Unicode>
                </TextEquiv>
            </TextLine>
            <TextLine id="r1l3" custom="readingOrder {index:2;}">
                <Coords points="139,1709 157,1702 174,1707 211,1692 263,1695 279,1703 298,1701 307,1691 339,1699 349,1695 348,1648 323,1645 317,1651 289,1641 250,1660 218,1648 186,1654 176,1646 137,1649"/>
                <Baseline points="144,1695 172,1691 200,1689 229,1688 257,1688 286,1688 314,1688 343,1687"/>
                <TextEquiv>
                    <Unicode>heiten, die</Unicode>
                </TextEquiv>
            </TextLine>
            <TextLine id="r1l4" custom="readingOrder {index:3;}">
                <Coords points="160,1747 262,1741 282,1748 294,1737 326,1754 338,1743 361,1743 360,1695 311,1692 287,1708 270,1696 207,1700 202,1695 172,1708 159,1703"/>
                <Baseline points="165,1741 192,1738 219,1736 246,1736 273,1736 300,1736 327,1736 355,1735"/>
                <TextEquiv>
                    <Unicode>man ihr</Unicode>
                </TextEquiv>
            </TextLine>
            <TextLine id="r1l5" custom="readingOrder {index:4;}">
                <Coords points="200,1794 217,1790 246,1796 271,1779 294,1794 311,1790 338,1796 346,1789 358,1795 358,1743 337,1743 322,1759 294,1742 283,1748 261,1742 250,1747 200,1745"/>
                <Baseline points="206,1785 235,1787 264,1788 293,1788 322,1787 352,1785"/>
                <TextEquiv>
                    <Unicode>sich um</Unicode>
                </TextEquiv>
            </TextLine>
            <TextLine id="r1l6" custom="readingOrder {index:5;}">
                <Coords points="163,1845 197,1844 214,1836 227,1842 234,1835 262,1841 283,1830 299,1839 350,1846 350,1803 337,1799 318,1806 307,1794 284,1790 271,1778 246,1796 217,1791 201,1798 192,1789 162,1801"/>
                <Baseline points="169,1835 194,1834 219,1834 244,1833 269,1833 294,1833 319,1833 345,1833"/>
                <TextEquiv>
                    <Unicode>nichts an¬</Unicode>
                </TextEquiv>
            </TextLine>
            <TextLine id="r1l7" custom="readingOrder {index:6;}">
                <Coords points="146,1887 161,1890 183,1881 198,1895 216,1887 227,1896 237,1887 263,1899 296,1893 310,1900 355,1886 354,1847 330,1842 299,1853 272,1834 265,1840 235,1835 226,1843 218,1836 190,1842 176,1854 146,1850"/>
                <Baseline points="152,1884 180,1881 208,1880 236,1880 264,1880 292,1881 320,1880 349,1879"/>
                <TextEquiv>
                    <Unicode>Abgeord¬</Unicode>
                </TextEquiv>
            </TextLine>
            <TextLine id="r1l8" custom="readingOrder {index:7;}">
                <Coords points="136,1934 146,1930 172,1942 196,1935 207,1945 223,1937 272,1939 279,1932 299,1942 323,1935 350,1939 350,1891 342,1889 313,1901 293,1900 279,1911 254,1895 226,1896 217,1887 171,1899 151,1885 136,1886"/>
                <Baseline points="142,1930 167,1929 192,1929 218,1930 243,1930 268,1930 294,1929 319,1929 345,1927"/>
                <TextEquiv>
                    <Unicode>orfen, und</Unicode>
                </TextEquiv>
            </TextLine>
            <TextLine id="r1l9" custom="readingOrder {index:8;}">
                <Coords points="137,1977 195,2000 213,1985 234,1996 243,1986 265,1982 291,1996 323,1988 349,1999 348,1942 325,1949 315,1939 303,1945 287,1933 207,1946 197,1935 174,1945 137,1942"/>
                <Baseline points="143,1981 168,1980 193,1979 218,1979 243,1978 268,1978 293,1978 318,1978 343,1977"/>
                <TextEquiv>
                    <Unicode>die Dichter</Unicode>
                </TextEquiv>
            </TextLine>
            <TextLine id="r1l10" custom="readingOrder {index:9;}">
                <Coords points="141,2045 168,2047 185,2039 204,2046 220,2032 229,2038 256,2032 270,2041 301,2031 328,2041 359,2033 358,1993 338,2000 308,1989 284,2002 255,1985 234,1996 215,1988 193,2000 172,1985 140,1980"/>
                <Baseline points="147,2029 172,2028 198,2028 224,2028 250,2028 275,2027 301,2027 327,2026 353,2025"/>
                <TextEquiv>
                    <Unicode>igen“, der</Unicode>
                </TextEquiv>
            </TextLine>
            <TextLine id="r1l11" custom="readingOrder {index:10;}">
                <Coords points="133,2092 151,2087 179,2096 192,2089 206,2098 229,2086 246,2096 269,2082 299,2094 312,2083 320,2089 351,2086 351,2038 328,2042 291,2033 270,2041 262,2034 217,2049 210,2043 186,2049 178,2042 133,2047"/>
                <Baseline points="139,2076 164,2077 190,2077 216,2076 242,2076 267,2075 293,2075 319,2075 345,2076"/>
                <TextEquiv>
                    <Unicode>ngarischen</Unicode>
                </TextEquiv>
            </TextLine>
            <TextLine id="r1l12" custom="readingOrder {index:11;}">
                <Coords points="136,2138 167,2133 175,2140 201,2131 236,2145 261,2133 286,2142 305,2132 323,2137 331,2129 347,2138 362,2128 361,2092 315,2084 299,2093 283,2084 261,2097 230,2086 205,2099 151,2086 135,2091"/>
                <Baseline points="142,2128 168,2128 195,2128 222,2127 249,2126 275,2125 302,2125 329,2124 356,2124"/>
                <TextEquiv>
                    <Unicode>se, verletzte</Unicode>
                </TextEquiv>
            </TextLine>
            <TextLine id="r1l13" custom="readingOrder {index:12;}">
                <Coords points="160,2186 194,2178 215,2187 247,2178 268,2180 277,2173 297,2180 303,2175 311,2181 357,2181 357,2138 330,2128 293,2148 262,2132 235,2146 219,2136 201,2137 182,2151 160,2143"/>
                <Baseline points="166,2176 192,2173 218,2173 245,2172 271,2173 298,2173 324,2174 351,2173"/>
                <TextEquiv>
                    <Unicode>, und die</Unicode>
                </TextEquiv>
            </TextLine>
            <TextLine id="r1l14" custom="readingOrder {index:13;}">
                <Coords points="159,2238 181,2243 201,2232 218,2237 268,2227 283,2234 288,2229 312,2247 336,2230 354,2235 354,2182 321,2194 303,2178 252,2191 230,2182 204,2184 188,2195 158,2192"/>
                <Baseline points="164,2226 190,2224 216,2224 243,2223 269,2223 296,2224 322,2224 349,2223"/>
                <TextEquiv>
                    <Unicode>genartigen</Unicode>
                </TextEquiv>
            </TextLine>
            <TextLine id="r1l15" custom="readingOrder {index:14;}">
                <Coords points="162,2283 261,2277 274,2290 306,2295 340,2283 360,2287 360,2245 324,2239 310,2245 299,2234 267,2227 218,2237 202,2232 182,2243 175,2236 162,2239"/>
                <Baseline points="168,2274 194,2272 221,2272 247,2272 274,2273 300,2273 327,2273 354,2272"/>
                <TextEquiv>
                    <Unicode>bei diesem</Unicode>
                </TextEquiv>
            </TextLine>
            <TextLine id="r1l16" custom="readingOrder {index:15;}">
                <Coords points="182,2335 197,2334 210,2347 238,2333 245,2337 263,2330 271,2337 285,2330 310,2336 315,2331 356,2344 355,2284 336,2284 322,2295 296,2290 266,2304 235,2287 222,2290 202,2275 182,2280"/>
                <Baseline points="188,2324 215,2325 242,2325 269,2324 296,2324 323,2324 350,2325"/>
                <TextEquiv>
                    <Unicode>Ja und</Unicode>
                </TextEquiv>
            </TextLine>
            <TextLine id="r1l17" custom="readingOrder {index:16;}">
                <Coords points="145,2379 189,2393 210,2390 222,2377 248,2386 271,2377 288,2388 311,2379 345,2390 361,2384 359,2343 332,2343 317,2332 271,2337 263,2330 214,2350 192,2334 178,2344 144,2348"/>
                <Baseline points="150,2378 175,2376 201,2375 226,2373 252,2371 277,2371 303,2370 328,2371 354,2372"/>
                <TextEquiv>
                    <Unicode>agt, wollen</Unicode>
                </TextEquiv>
            </TextLine>
            <TextLine id="r1l18" custom="readingOrder {index:17;}">
                <Coords points="122,2450 145,2451 191,2425 207,2434 234,2421 276,2438 289,2428 314,2426 337,2436 353,2433 352,2388 335,2380 287,2388 273,2377 235,2401 212,2388 173,2392 162,2382 121,2394"/>
                <Baseline points="127,2425 154,2422 182,2420 209,2419 237,2419 264,2420 292,2420 319,2420 347,2419"/>
                <TextEquiv>
                    <Unicode>Von heut</Unicode>
                </TextEquiv>
            </TextLine>
            <TextLine id="r1l19" custom="readingOrder {index:18;}">
                <Coords points="135,2496 149,2496 163,2483 191,2486 214,2473 233,2483 254,2473 296,2489 319,2477 341,2482 358,2477 358,2434 289,2428 265,2446 212,2439 193,2427 145,2452 134,2450"/>
                <Baseline points="140,2472 166,2468 193,2467 219,2467 246,2468 273,2469 299,2469 326,2469 353,2467"/>
                <TextEquiv>
                    <Unicode>chter sein</Unicode>
                </TextEquiv>
            </TextLine>
            <TextLine id="r1l20" custom="readingOrder {index:19;}">
                <Coords points="116,2499 139,2502 177,2537 195,2540 259,2524 285,2536 305,2538 338,2525 356,2535 355,2485 337,2489 320,2478 297,2490 252,2473 197,2493 135,2468 116,2473"/>
                <Baseline points="122,2523 147,2521 172,2521 198,2520 223,2519 248,2519 274,2520 299,2520 324,2521 350,2521"/>
                <TextEquiv>
                    <Unicode>Bxum besser</Unicode>
                </TextEquiv>
            </TextLine>
            <TextLine id="r1l21" custom="readingOrder {index:20;}">
                <Coords points="134,2588 153,2592 196,2568 218,2576 231,2571 248,2583 284,2575 335,2582 353,2576 353,2537 333,2526 306,2538 241,2526 217,2547 158,2544 147,2536 133,2544"/>
                <Baseline points="140,2572 165,2571 191,2571 217,2571 243,2570 269,2570 295,2570 321,2570 347,2569"/>
                <TextEquiv>
                    <Unicode>e, die die</Unicode>
                </TextEquiv>
            </TextLine>
            <TextLine id="r1l22" custom="readingOrder {index:21;}">
                <Coords points="166,2625 231,2626 243,2616 282,2628 289,2623 300,2629 322,2627 333,2634 354,2626 354,2581 341,2585 324,2576 311,2584 304,2577 293,2581 275,2575 253,2580 241,2592 221,2575 189,2589 165,2581"/>
                <Baseline points="172,2618 197,2618 222,2617 247,2617 272,2617 297,2617 322,2617 348,2618"/>
                <TextEquiv>
                    <Unicode>und Recht</Unicode>
                </TextEquiv>
            </TextLine>
            <TextLine id="r1l23" custom="readingOrder {index:22;}">
                <Coords points="147,2683 214,2664 250,2681 274,2671 327,2680 358,2673 358,2626 322,2635 314,2626 267,2628 256,2620 219,2631 147,2622"/>
                <Baseline points="153,2666 181,2666 209,2666 238,2666 266,2665 295,2665 323,2666 352,2667"/>
                <TextEquiv>
                    <Unicode>tik in ver¬</Unicode>
                </TextEquiv>
            </TextLine>
            <TextLine id="r1l24" custom="readingOrder {index:23;}">
                <Coords points="145,2731 211,2718 236,2732 267,2716 359,2742 359,2676 327,2681 274,2671 261,2683 225,2670 202,2685 145,2691"/>
                <Baseline points="151,2715 176,2715 201,2715 226,2715 252,2714 277,2714 302,2714 327,2715 353,2717"/>
                <TextEquiv>
                    <Unicode>en Polizei¬</Unicode>
                </TextEquiv>
            </TextLine>
            <TextLine id="r1l25" custom="readingOrder {index:24;}">
                <Coords points="149,2780 163,2780 171,2775 185,2788 193,2785 199,2790 204,2790 209,2735 194,2734 178,2720 170,2726 153,2730"/>
                <Baseline points="156,2763 200,2767"/>
                <TextEquiv>
                    <Unicode>ei.</Unicode>
                </TextEquiv>
            </TextLine>
            <TextLine id="r1l26" custom="readingOrder {index:25;}">
                <Coords points="146,2833 171,2840 188,2828 222,2840 253,2826 289,2839 301,2829 311,2838 326,2827 352,2829 352,2779 319,2775 293,2789 231,2755 184,2780 146,2780"/>
                <Baseline points="151,2821 178,2819 206,2818 234,2818 262,2819 290,2820 318,2820 346,2818"/>
                <TextEquiv>
                    <Unicode>he hat, die</Unicode>
                </TextEquiv>
            </TextLine>
            <TextLine id="r1l27" custom="readingOrder {index:26;}">
                <Coords points="141,2893 172,2891 195,2872 205,2880 233,2863 259,2882 277,2872 313,2889 335,2878 361,2878 361,2828 327,2827 313,2838 301,2830 288,2839 249,2825 221,2842 141,2838"/>
                <Baseline points="147,2867 173,2868 199,2869 225,2869 251,2869 277,2868 303,2868 329,2868 355,2867"/>
                <TextEquiv>
                    <Unicode>ien, zumal</Unicode>
                </TextEquiv>
            </TextLine>
            <TextLine id="r1l28" custom="readingOrder {index:27;}">
                <Coords points="134,2930 147,2925 185,2938 202,2930 213,2936 258,2917 297,2934 320,2927 351,2933 365,2928 365,2883 348,2878 326,2889 281,2890 249,2875 226,2882 195,2874 179,2888 134,2895"/>
                <Baseline points="139,2921 166,2917 194,2915 221,2914 249,2915 276,2916 304,2917 331,2917 359,2917"/>
                <TextEquiv>
                    <Unicode>gi dies noch</Unicode>
                </TextEquiv>
            </TextLine>
            <TextLine id="r1l29" custom="readingOrder {index:28;}">
                <Coords points="121,2995 214,2969 243,2972 254,2982 273,2981 297,2966 320,2979 356,2972 356,2932 318,2928 271,2937 238,2921 212,2937 202,2930 180,2939 121,2909"/>
                <Baseline points="127,2967 155,2965 183,2964 211,2964 239,2964 267,2964 295,2965 323,2965 351,2966"/>
                <TextEquiv>
                    <Unicode>ng der be¬</Unicode>
                </TextEquiv>
            </TextLine>
            <TextLine id="r1l30" custom="readingOrder {index:29;}">
                <Coords points="136,3051 176,3039 202,3052 229,3034 255,3045 293,3019 311,3027 336,3020 364,3028 364,2977 313,2976 288,2998 243,2972 215,2969 181,2988 156,2982 136,2993"/>
                <Baseline points="142,3020 169,3016 196,3015 223,3015 250,3015 277,3016 304,3017 331,3017 358,3016"/>
                <TextEquiv>
                    <Unicode>preisen, die</Unicode>
                </TextEquiv>
            </TextLine>
            <TextEquiv>
                <Unicode>Bühne.
sich ver¬
heiten, die
man ihr
sich um
nichts an¬
Abgeord¬
orfen, und
die Dichter
igen“, der
ngarischen
se, verletzte
, und die
genartigen
bei diesem
Ja und
agt, wollen
Von heut
chter sein
Bxum besser
e, die die
und Recht
tik in ver¬
en Polizei¬
ei.
he hat, die
ien, zumal
gi dies noch
ng der be¬
preisen, die</Unicode>
            </TextEquiv>
        </TextRegion>
        <TextRegion orientation="0.0" id="r2" custom="readingOrder {index:1;}">
            <Coords points="283,72 283,228 409,228 409,72"/>
            <TextLine id="r2l1" custom="readingOrder {index:0;}">
                <Coords points="276,179 293,179 303,190 323,179 338,181 371,195 401,180 415,184 416,151 405,150 363,120 357,122 340,112 322,118 280,112"/>
                <Baseline points="283,172 308,172 333,173 358,174 383,176 409,178"/>
                <TextEquiv>
                    <Unicode>11.</Unicode>
                </TextEquiv>
            </TextLine>
            <TextEquiv>
                <Unicode>11.</Unicode>
            </TextEquiv>
        </TextRegion>
        <TextRegion orientation="0.0" id="r3" custom="readingOrder {index:2;}">
            <Coords points="401,147 401,3028 1383,3028 1383,147"/>
            <TextLine id="r3l1" custom="readingOrder {index:0;}">
                <Coords points="981,192 1065,200 1134,179 1253,189 1286,177 1307,190 1327,177 1389,197 1390,123 1329,116 1299,132 1214,118 1153,146 1090,118 1050,135 982,116"/>
                <Baseline points="987,170 1013,172 1039,173 1066,174 1092,174 1119,175 1145,175 1171,175 1198,175 1224,175 1251,175 1277,175 1303,175 1330,175 1356,175 1383,175"/>
                <TextEquiv>
                    <Unicode>box 17/3</Unicode>
                </TextEquiv>
            </TextLine>
            <TextLine id="r3l2" custom="readingOrder {index:1;}">
                <Coords points="473,195 638,200 690,222 721,205 793,200 793,131 776,122 739,138 622,116 583,130 473,115"/>
                <Baseline points="479,188 504,189 530,190 556,190 581,190 607,190 633,190 658,190 684,189 710,189 735,189 761,189 787,190"/>
                <TextEquiv>
                    <Unicode>Reigen</Unicode>
                </TextEquiv>
            </TextLine>
            <TextLine id="r3l3" custom="readingOrder {index:2;}">
                <Coords points="402,1356 1323,1347 1322,1297 1215,1295 1163,1328 1027,1296 979,1319 887,1296 402,1309"/>
                <Baseline points="408,1342 453,1343 498,1344 544,1344 589,1345 635,1345 680,1345 726,1346 771,1346 817,1346 862,1345 907,1345 953,1345 998,1344 1044,1344 1089,1343 1135,1342 1180,1342 1226,1340 1271,1340 1317,1338"/>
                <TextEquiv>
                    <Unicode>Schnitzler unter dem Titel „Reigen zusam¬</Unicode>
                </TextEquiv>
            </TextLine>
            <TextLine id="r3l4" custom="readingOrder {index:3;}">
                <Coords points="406,1405 1294,1407 1320,1400 1320,1343 406,1364"/>
                <Baseline points="412,1392 457,1393 502,1394 547,1394 592,1395 637,1395 682,1395 727,1394 772,1394 817,1394 863,1393 908,1393 953,1392 998,1391 1043,1391 1088,1390 1133,1389 1178,1389 1223,1389 1268,1388 1314,1388"/>
                <TextEquiv>
                    <Unicode>menfaßte. Hätte der geistvolle Wiener Dichter</Unicode>
                </TextEquiv>
            </TextLine>
            <TextLine id="r3l5" custom="readingOrder {index:4;}">
                <Coords points="406,1453 687,1458 752,1431 792,1454 1305,1452 1323,1402 406,1405"/>
                <Baseline points="412,1443 457,1443 502,1443 547,1443 593,1443 638,1442 683,1442 728,1442 774,1442 819,1442 864,1441 909,1441 955,1441 1000,1440 1045,1440 1090,1440 1136,1440 1181,1439 1226,1439 1271,1439 1317,1439"/>
                <TextEquiv>
                    <Unicode>seinen „Reigen“ für bühnenfähig gehalten</Unicode>
                </TextEquiv>
            </TextLine>
            <TextLine id="r3l6" custom="readingOrder {index:5;}">
                <Coords points="402,1498 1323,1491 1323,1456 1260,1446 402,1449"/>
                <Baseline points="408,1490 453,1490 499,1490 544,1490 590,1490 635,1490 681,1490 726,1490 772,1490 817,1490 863,1490 908,1490 954,1490 999,1490 1045,1489 1090,1489 1136,1489 1181,1488 1227,1487 1272,1486 1318,1485"/>
                <TextEquiv>
                    <Unicode>dann würde er wohl selbst eine Aufführung vor¬</Unicode>
                </TextEquiv>
            </TextLine>
            <TextLine id="r3l7" custom="readingOrder {index:6;}">
                <Coords points="402,1556 1324,1540 1323,1491 1026,1492 979,1527 907,1496 402,1498"/>
                <Baseline points="408,1538 453,1538 499,1539 544,1539 590,1539 635,1539 681,1540 726,1540 772,1540 817,1539 863,1539 908,1539 954,1539 999,1539 1045,1538 1090,1538 1136,1537 1181,1537 1227,1537 1272,1536 1318,1536"/>
                <TextEquiv>
                    <Unicode>bereitet oder angeregt haben. Doch ebenso wie</Unicode>
                </TextEquiv>
            </TextLine>
            <TextLine id="r3l8" custom="readingOrder {index:7;}">
                <Coords points="406,1595 1320,1591 1319,1546 1248,1534 1215,1556 406,1549"/>
                <Baseline points="412,1586 457,1586 502,1587 547,1587 592,1587 637,1587 682,1587 727,1588 772,1588 817,1588 863,1587 908,1587 953,1587 998,1587 1043,1587 1088,1586 1133,1586 1178,1585 1223,1585 1268,1584 1314,1584"/>
                <TextEquiv>
                    <Unicode>Schnitzler weiß jeder Schriftsteller, ja jeder</Unicode>
                </TextEquiv>
            </TextLine>
            <TextLine id="r3l9" custom="readingOrder {index:8;}">
                <Coords points="400,1645 1330,1652 1330,1599 1287,1586 1013,1609 865,1586 709,1619 659,1593 400,1592"/>
                <Baseline points="406,1634 451,1635 497,1635 543,1636 589,1636 635,1636 681,1636 727,1636 773,1636 819,1636 865,1636 910,1635 956,1635 1002,1635 1048,1634 1094,1634 1140,1634 1186,1633 1232,1633 1278,1632 1324,1632"/>
                <TextEquiv>
                    <Unicode>denkende Leser, daß Novellen, in denen die</Unicode>
                </TextEquiv>
            </TextLine>
            <TextLine id="r3l10" custom="readingOrder {index:9;}">
                <Coords points="400,1692 1318,1682 1318,1647 1265,1633 400,1645"/>
                <Baseline points="406,1684 451,1683 496,1683 541,1683 587,1683 632,1682 677,1682 723,1683 768,1683 813,1683 859,1683 904,1683 949,1683 994,1683 1040,1682 1085,1682 1130,1682 1176,1681 1221,1681 1266,1680 1312,1679"/>
                <TextEquiv>
                    <Unicode>Dialogform vorherrscht, fast so selten Theater¬</Unicode>
                </TextEquiv>
            </TextLine>
            <TextLine id="r3l11" custom="readingOrder {index:10;}">
                <Coords points="403,1759 723,1734 837,1762 966,1729 1222,1744 1222,1699 1148,1686 403,1695"/>
                <Baseline points="408,1731 448,1732 488,1732 529,1732 569,1732 610,1732 650,1732 690,1732 731,1732 771,1732 812,1732 852,1731 892,1731 933,1731 973,1731 1014,1731 1054,1731 1094,1731 1135,1731 1175,1731 1216,1731"/>
                <TextEquiv>
                    <Unicode>tücke sind wie Tafelredner Schauspieler.</Unicode>
                </TextEquiv>
            </TextLine>
            <TextLine id="r3l12" custom="readingOrder {index:11;}">
                <Coords points="446,1801 1325,1795 1325,1752 1283,1743 446,1750"/>
                <Baseline points="451,1788 494,1788 537,1789 581,1789 624,1789 668,1789 711,1789 754,1789 798,1789 841,1789 885,1789 928,1789 971,1788 1015,1788 1058,1788 1102,1788 1145,1787 1188,1787 1232,1786 1275,1786 1319,1785"/>
                <TextEquiv>
                    <Unicode>Was Goethe in den wenigen Worten von der</Unicode>
                </TextEquiv>
            </TextLine>
            <TextLine id="r3l13" custom="readingOrder {index:12;}">
                <Coords points="414,1849 1313,1847 1333,1796 1035,1793 1003,1820 836,1788 557,1813 413,1792"/>
                <Baseline points="419,1838 464,1838 509,1837 555,1837 600,1837 646,1837 691,1837 736,1837 782,1837 827,1837 873,1838 918,1838 963,1838 1009,1838 1054,1837 1100,1837 1145,1837 1190,1836 1236,1835 1281,1833 1327,1832"/>
                <TextEquiv>
                    <Unicode>Frauen Weh und Ach sagt, das aus einem</Unicode>
                </TextEquiv>
            </TextLine>
            <TextLine id="r3l14" custom="readingOrder {index:13;}">
                <Coords points="418,1898 1335,1894 1335,1854 1277,1840 981,1839 929,1869 784,1839 418,1850"/>
                <Baseline points="424,1884 469,1885 514,1885 559,1885 605,1886 650,1886 695,1886 740,1886 786,1886 831,1885 876,1885 921,1885 967,1885 1012,1884 1057,1884 1102,1884 1148,1883 1193,1883 1238,1882 1283,1882 1329,1881"/>
                <TextEquiv>
                    <Unicode>Punkte zu kurieren sei, und Heine in den</Unicode>
                </TextEquiv>
            </TextLine>
            <TextLine id="r3l15" custom="readingOrder {index:14;}">
                <Coords points="404,1942 1328,1938 1328,1896 1288,1884 1227,1910 404,1892"/>
                <Baseline points="410,1932 455,1932 501,1932 546,1932 592,1932 638,1932 683,1933 729,1933 774,1933 820,1933 866,1933 911,1933 957,1933 1002,1933 1048,1933 1094,1932 1139,1932 1185,1931 1230,1931 1276,1930 1322,1928"/>
                <TextEquiv>
                    <Unicode>bitteren Versen andeutete: „Weißt du, mein</Unicode>
                </TextEquiv>
            </TextLine>
            <TextLine id="r3l16" custom="readingOrder {index:15;}">
                <Coords points="412,1987 715,2006 856,1969 901,1995 1285,1994 1325,1985 1325,1948 411,1940"/>
                <Baseline points="417,1981 462,1981 507,1981 552,1981 597,1981 642,1981 687,1981 732,1981 777,1981 822,1981 868,1980 913,1980 958,1980 1003,1980 1048,1979 1093,1979 1138,1978 1183,1978 1228,1978 1273,1977 1319,1977"/>
                <TextEquiv>
                    <Unicode>Kind, was Liebe ist? Ein Stern in einem</Unicode>
                </TextEquiv>
            </TextLine>
            <TextLine id="r3l17" custom="readingOrder {index:16;}">
                <Coords points="407,2050 631,2048 673,2020 742,2045 1279,2043 1321,2035 1321,1997 406,1989"/>
                <Baseline points="413,2031 458,2031 503,2030 548,2030 593,2029 638,2029 683,2029 728,2029 773,2029 818,2028 864,2028 909,2028 954,2028 999,2028 1044,2028 1089,2028 1134,2028 1179,2028 1224,2027 1269,2027 1315,2026"/>
                <TextEquiv>
                    <Unicode>Haufen Mis.“ — das hat Schnitzler in seinem</Unicode>
                </TextEquiv>
            </TextLine>
            <TextLine id="r3l18" custom="readingOrder {index:17;}">
                <Coords points="410,2087 1310,2090 1318,2035 410,2046"/>
                <Baseline points="415,2081 459,2080 504,2078 549,2078 594,2077 639,2077 684,2077 729,2077 774,2077 819,2077 864,2078 908,2078 953,2078 998,2078 1043,2078 1088,2078 1133,2078 1178,2077 1223,2077 1268,2075 1313,2074"/>
                <TextEquiv>
                    <Unicode>„Reigen“ in bunten Bildern gezeigt. Er stellt</Unicode>
                </TextEquiv>
            </TextLine>
            <TextLine id="r3l19" custom="readingOrder {index:18;}">
                <Coords points="404,2137 1283,2142 1319,2136 1319,2086 404,2088"/>
                <Baseline points="410,2126 455,2126 500,2126 545,2126 590,2126 635,2126 680,2126 726,2126 771,2126 816,2126 861,2126 906,2126 951,2126 996,2125 1042,2125 1087,2125 1132,2124 1177,2124 1222,2124 1267,2123 1313,2123"/>
                <TextEquiv>
                    <Unicode>die verliebten und verliebt tuenden Männlein</Unicode>
                </TextEquiv>
            </TextLine>
            <TextLine id="r3l20" custom="readingOrder {index:19;}">
                <Coords points="408,2189 1320,2186 1320,2137 1218,2128 408,2137"/>
                <Baseline points="414,2176 459,2176 504,2176 549,2176 594,2175 639,2175 684,2175 729,2175 774,2175 819,2175 864,2175 909,2175 954,2174 999,2174 1044,2174 1089,2174 1134,2173 1179,2173 1224,2173 1269,2172 1314,2172"/>
                <TextEquiv>
                    <Unicode>und Weiblein aus den Tiefen der Gesellschaft</Unicode>
                </TextEquiv>
            </TextLine>
            <TextLine id="r3l21" custom="readingOrder {index:20;}">
                <Coords points="401,2232 1097,2240 1172,2214 1271,2244 1330,2231 1330,2186 400,2185"/>
                <Baseline points="407,2224 452,2224 498,2225 544,2225 590,2225 636,2226 682,2225 728,2225 774,2225 820,2225 866,2225 911,2224 957,2224 1003,2223 1049,2223 1095,2223 1141,2222 1187,2222 1233,2222 1279,2222 1325,2222"/>
                <TextEquiv>
                    <Unicode>(die oft als ihre Höhen gelten) vor unsere</Unicode>
                </TextEquiv>
            </TextLine>
            <TextLine id="r3l22" custom="readingOrder {index:21;}">
                <Coords points="409,2278 1183,2291 1324,2276 1324,2234 409,2235"/>
                <Baseline points="415,2273 460,2273 505,2273 550,2274 595,2274 640,2274 685,2273 731,2273 776,2273 821,2273 866,2273 911,2273 956,2272 1001,2272 1047,2272 1092,2272 1137,2271 1182,2271 1227,2271 1272,2271 1318,2271"/>
                <TextEquiv>
                    <Unicode>Augen, und wenn er auch widerliche, abstoßende</Unicode>
                </TextEquiv>
            </TextLine>
            <TextLine id="r3l23" custom="readingOrder {index:22;}">
                <Coords points="414,2332 1255,2334 1334,2324 1334,2282 986,2302 413,2277"/>
                <Baseline points="419,2322 464,2322 509,2322 555,2322 600,2322 646,2322 691,2322 737,2322 782,2322 828,2321 873,2321 918,2321 964,2321 1009,2321 1055,2321 1100,2320 1146,2320 1191,2320 1237,2320 1282,2319 1328,2319"/>
                <TextEquiv>
                    <Unicode>Ausschnitte aus dem Leben produziert, ein</Unicode>
                </TextEquiv>
            </TextLine>
            <TextLine id="r3l24" custom="readingOrder {index:23;}">
                <Coords points="409,2387 1319,2379 1327,2329 409,2330"/>
                <Baseline points="415,2365 460,2367 505,2368 550,2369 596,2370 641,2370 686,2371 732,2371 777,2371 822,2370 868,2370 913,2369 958,2369 1003,2368 1049,2368 1094,2367 1139,2367 1185,2367 1230,2367 1275,2367 1321,2367"/>
                <TextEquiv>
                    <Unicode>Schimmer seiner Poesie erhellt das Dunkel</Unicode>
                </TextEquiv>
            </TextLine>
            <TextLine id="r3l25" custom="readingOrder {index:24;}">
                <Coords points="407,2423 1272,2434 1329,2421 1329,2386 406,2388"/>
                <Baseline points="412,2420 457,2420 503,2419 548,2419 594,2418 639,2418 685,2418 730,2418 776,2418 821,2418 867,2418 913,2418 958,2418 1004,2418 1049,2417 1095,2417 1140,2417 1186,2417 1231,2416 1277,2416 1323,2415"/>
                <TextEquiv>
                    <Unicode>und verschönt beinahe das Häßliche. Um im</Unicode>
                </TextEquiv>
            </TextLine>
            <TextLine id="r3l26" custom="readingOrder {index:25;}">
                <Coords points="409,2486 1294,2486 1326,2474 1326,2421 595,2445 409,2424"/>
                <Baseline points="415,2467 460,2467 505,2468 550,2468 596,2468 641,2469 686,2468 731,2468 777,2468 822,2468 867,2467 912,2467 958,2467 1003,2466 1048,2466 1093,2465 1139,2465 1184,2465 1229,2465 1274,2465 1320,2465"/>
                <TextEquiv>
                    <Unicode>Gleichnis zu reden: Sonnenstrahlen auf Morast¬</Unicode>
                </TextEquiv>
            </TextLine>
            <TextLine id="r3l27" custom="readingOrder {index:26;}">
                <Coords points="400,2544 425,2528 444,2538 470,2528 484,2541 512,2527 521,2533 555,2529 555,2485 538,2490 525,2483 520,2489 503,2485 495,2493 478,2480 473,2484 453,2474 429,2485 399,2476"/>
                <Baseline points="405,2521 434,2519 463,2517 492,2516 521,2517 550,2520"/>
                <TextEquiv>
                    <Unicode>pfützen.</Unicode>
                </TextEquiv>
            </TextLine>
            <TextLine id="r3l28" custom="readingOrder {index:27;}">
                <Coords points="451,2586 1320,2583 1306,2519 1106,2550 1065,2526 823,2535 676,2507 569,2543 450,2533"/>
                <Baseline points="456,2572 498,2571 541,2570 584,2569 627,2569 670,2569 713,2568 756,2568 799,2568 842,2568 885,2568 927,2568 970,2568 1013,2568 1056,2567 1099,2567 1142,2566 1185,2566 1228,2565 1271,2564 1314,2563"/>
                <TextEquiv>
                    <Unicode>Der ungarische Bearbeiter des „Reigens“</Unicode>
                </TextEquiv>
            </TextLine>
            <TextLine id="r3l29" custom="readingOrder {index:28;}">
                <Coords points="402,2625 1296,2635 1326,2629 1326,2579 402,2593"/>
                <Baseline points="408,2620 453,2620 499,2620 544,2620 590,2619 636,2619 681,2619 727,2619 772,2618 818,2618 864,2618 909,2618 955,2617 1000,2617 1046,2617 1092,2616 1137,2616 1183,2616 1228,2616 1274,2616 1320,2616"/>
                <TextEquiv>
                    <Unicode>nahm jedoch dem Werk Schnitzlers die Sonnen¬</Unicode>
                </TextEquiv>
            </TextLine>
            <TextLine id="r3l30" custom="readingOrder {index:29;}">
                <Coords points="399,2679 1330,2674 1330,2634 1209,2623 399,2633"/>
                <Baseline points="405,2669 453,2669 501,2669 550,2669 598,2669 646,2668 695,2668 743,2668 791,2668 840,2668 888,2667 937,2667 985,2667 1033,2667 1082,2666 1130,2666 1178,2666 1227,2666 1275,2666 1324,2666"/>
                <TextEquiv>
                    <Unicode>strahlen, den Glanz des Talents und den Zauber</Unicode>
                </TextEquiv>
            </TextLine>
            <TextLine id="r3l31" custom="readingOrder {index:30;}">
                <Coords points="398,2726 1331,2732 1338,2685 397,2680"/>
                <Baseline points="404,2718 450,2718 496,2717 543,2717 589,2717 636,2717 682,2716 728,2716 775,2716 821,2716 868,2716 914,2716 960,2716 1007,2716 1053,2716 1100,2715 1146,2715 1192,2715 1239,2715 1285,2714 1332,2714"/>
                <TextEquiv>
                    <Unicode>der Dichtkunst. Mit derber Hand wurden diese</Unicode>
                </TextEquiv>
            </TextLine>
            <TextLine id="r3l32" custom="readingOrder {index:31;}">
                <Coords points="395,2777 1329,2773 1301,2724 1066,2720 1024,2749 955,2722 395,2724"/>
                <Baseline points="401,2767 447,2767 493,2768 539,2768 585,2768 631,2768 677,2768 724,2767 770,2767 816,2767 862,2767 908,2766 954,2766 1000,2765 1047,2765 1093,2764 1139,2764 1185,2764 1231,2764 1277,2764 1324,2764"/>
                <TextEquiv>
                    <Unicode>künstlerisch sorgsam gefeilten und #iselierten</Unicode>
                </TextEquiv>
            </TextLine>
            <TextLine id="r3l33" custom="readingOrder {index:32;}">
                <Coords points="400,2819 1286,2829 1335,2823 1335,2774 701,2771 580,2804 399,2771"/>
                <Baseline points="405,2816 451,2816 497,2816 543,2816 589,2816 636,2816 682,2816 728,2815 774,2815 820,2814 867,2814 913,2813 959,2813 1005,2812 1051,2812 1098,2811 1144,2811 1190,2811 1236,2811 1282,2811 1329,2811"/>
                <TextEquiv>
                    <Unicode>Skizzen zerschlagen und das Gröbste und</Unicode>
                </TextEquiv>
            </TextLine>
            <TextLine id="r3l34" custom="readingOrder {index:33;}">
                <Coords points="407,2879 1293,2877 1334,2873 1334,2823 407,2825"/>
                <Baseline points="413,2865 458,2865 504,2865 550,2864 596,2864 641,2864 687,2863 733,2863 779,2863 824,2862 870,2862 916,2862 962,2862 1007,2862 1053,2861 1099,2861 1145,2861 1190,2861 1236,2861 1282,2861 1328,2862"/>
                <TextEquiv>
                    <Unicode>Schmutzigste auf die Bretter gezerrt, ja durch</Unicode>
                </TextEquiv>
            </TextLine>
            <TextLine id="r3l35" custom="readingOrder {index:34;}">
                <Coords points="400,2920 1328,2924 1328,2882 1278,2866 400,2875"/>
                <Baseline points="406,2914 451,2914 497,2914 543,2914 589,2913 635,2913 680,2913 726,2913 772,2913 818,2913 864,2912 909,2912 955,2912 1001,2912 1047,2911 1093,2911 1138,2911 1184,2910 1230,2910 1276,2910 1322,2910"/>
                <TextEquiv>
                    <Unicode>Roheiten eigener Mache noch vergröbert. Schnitz¬</Unicode>
                </TextEquiv>
            </TextLine>
            <TextLine id="r3l36" custom="readingOrder {index:35;}">
                <Coords points="407,2972 1327,2965 1317,2922 407,2921"/>
                <Baseline points="413,2964 458,2963 503,2963 549,2963 594,2963 640,2962 685,2962 730,2962 776,2962 821,2962 867,2961 912,2961 957,2961 1003,2961 1048,2961 1094,2960 1139,2960 1184,2960 1230,2960 1275,2959 1321,2959"/>
                <TextEquiv>
                    <Unicode>lers Buch fand i# Vexander Brody einen aus¬</Unicode>
                </TextEquiv>
            </TextLine>
            <TextLine id="r3l37" custom="readingOrder {index:36;}">
                <Coords points="399,3023 1323,3032 1335,2975 399,2982"/>
                <Baseline points="405,3017 451,3015 497,3014 543,3013 589,3012 636,3012 682,3011 728,3011 774,3010 820,3010 867,3010 913,3010 959,3010 1005,3010 1051,3010 1098,3010 1144,3010 1190,3010 1236,3010 1282,3010 1329,3010"/>
                <TextEquiv>
                    <Unicode>gezeichneten Ueber####e., doch diese Uebertragung</Unicode>
                </TextEquiv>
            </TextLine>
            <TextEquiv>
                <Unicode>box 17/3
Reigen
Schnitzler unter dem Titel „Reigen zusam¬
menfaßte. Hätte der geistvolle Wiener Dichter
seinen „Reigen“ für bühnenfähig gehalten
dann würde er wohl selbst eine Aufführung vor¬
bereitet oder angeregt haben. Doch ebenso wie
Schnitzler weiß jeder Schriftsteller, ja jeder
denkende Leser, daß Novellen, in denen die
Dialogform vorherrscht, fast so selten Theater¬
tücke sind wie Tafelredner Schauspieler.
Was Goethe in den wenigen Worten von der
Frauen Weh und Ach sagt, das aus einem
Punkte zu kurieren sei, und Heine in den
bitteren Versen andeutete: „Weißt du, mein
Kind, was Liebe ist? Ein Stern in einem
Haufen Mis.“ — das hat Schnitzler in seinem
„Reigen“ in bunten Bildern gezeigt. Er stellt
die verliebten und verliebt tuenden Männlein
und Weiblein aus den Tiefen der Gesellschaft
(die oft als ihre Höhen gelten) vor unsere
Augen, und wenn er auch widerliche, abstoßende
Ausschnitte aus dem Leben produziert, ein
Schimmer seiner Poesie erhellt das Dunkel
und verschönt beinahe das Häßliche. Um im
Gleichnis zu reden: Sonnenstrahlen auf Morast¬
pfützen.
Der ungarische Bearbeiter des „Reigens“
nahm jedoch dem Werk Schnitzlers die Sonnen¬
strahlen, den Glanz des Talents und den Zauber
der Dichtkunst. Mit derber Hand wurden diese
künstlerisch sorgsam gefeilten und #iselierten
Skizzen zerschlagen und das Gröbste und
Schmutzigste auf die Bretter gezerrt, ja durch
Roheiten eigener Mache noch vergröbert. Schnitz¬
lers Buch fand i# Vexander Brody einen aus¬
gezeichneten Ueber####e., doch diese Uebertragung</Unicode>
            </TextEquiv>
        </TextRegion>
        <TextRegion orientation="0.0" id="r4" custom="readingOrder {index:3;}">
            <Coords points="1374,1308 1374,3020 2303,3020 2303,1308"/>
            <TextLine id="r4l1" custom="readingOrder {index:0;}">
                <Coords points="1377,1350 2226,1351 2301,1340 2301,1286 1377,1295"/>
                <Baseline points="1383,1339 1428,1338 1474,1338 1519,1337 1565,1337 1611,1337 1656,1337 1702,1337 1747,1337 1793,1337 1839,1337 1884,1337 1930,1337 1975,1336 2021,1336 2067,1336 2112,1335 2158,1334 2203,1333 2249,1332 2295,1331"/>
                <TextEquiv>
                    <Unicode>genügte dem Direktor der „Neuen Bühne“ bei</Unicode>
                </TextEquiv>
            </TextLine>
            <TextLine id="r4l2" custom="readingOrder {index:1;}">
                <Coords points="1387,1404 2169,1406 2293,1394 2293,1347 1387,1348"/>
                <Baseline points="1392,1388 1436,1387 1481,1386 1526,1386 1571,1386 1615,1386 1660,1386 1705,1386 1750,1386 1794,1386 1839,1386 1884,1386 1929,1386 1973,1386 2018,1386 2063,1386 2108,1386 2152,1385 2197,1385 2242,1384 2287,1383"/>
                <TextEquiv>
                    <Unicode>einer Dramatisierung nicht. Er wollte Schnitz¬</Unicode>
                </TextEquiv>
            </TextLine>
            <TextLine id="r4l3" custom="readingOrder {index:2;}">
                <Coords points="1371,1442 2293,1446 2286,1392 1371,1397"/>
                <Baseline points="1377,1436 1422,1436 1468,1435 1513,1435 1559,1435 1604,1435 1650,1435 1695,1435 1741,1435 1786,1435 1832,1435 1877,1435 1923,1435 1968,1435 2014,1435 2059,1435 2105,1435 2150,1435 2196,1434 2241,1434 2287,1433"/>
                <TextEquiv>
                    <Unicode>ler und Brody noch übertrumpfen und hat doch</Unicode>
                </TextEquiv>
            </TextLine>
            <TextLine id="r4l4" custom="readingOrder {index:3;}">
                <Coords points="1793,1483 1857,1500 1886,1484 1934,1495 2051,1480 2085,1498 2122,1480 2159,1498 2256,1486 2256,1453 2143,1440 2061,1459 2036,1441 1995,1454 1971,1438 1945,1453 1913,1439 1793,1450"/>
                <Baseline points="1799,1480 1824,1480 1849,1481 1874,1481 1899,1481 1924,1482 1949,1482 1974,1482 1999,1482 2024,1482 2049,1482 2074,1482 2099,1482 2124,1481 2149,1481 2174,1481 2199,1481 2224,1480 2250,1480"/>
                <TextEquiv>
                    <Unicode>mit Verlaub zu sagen</Unicode>
                </TextEquiv>
            </TextLine>
            <TextLine id="r4l5" custom="readingOrder {index:4;}">
                <Coords points="1370,1488 1418,1494 1455,1478 1587,1497 1614,1484 1752,1486 1786,1470 1786,1454 1512,1439 1484,1455 1471,1442 1369,1454"/>
                <Baseline points="1376,1484 1401,1483 1426,1483 1451,1483 1477,1482 1502,1482 1527,1482 1552,1481 1578,1481 1603,1481 1628,1481 1653,1481 1679,1480 1704,1480 1729,1480 1754,1480 1780,1480"/>
                <TextEquiv>
                    <Unicode>nur durch seine —</Unicode>
                </TextEquiv>
            </TextLine>
            <TextLine id="r4l6" custom="readingOrder {index:5;}">
                <Coords points="1375,1546 1611,1551 1711,1522 1745,1545 2227,1542 2296,1525 2296,1494 1374,1490"/>
                <Baseline points="1380,1533 1425,1531 1471,1531 1516,1530 1562,1530 1607,1530 1653,1529 1698,1529 1744,1530 1789,1530 1835,1530 1880,1530 1926,1530 1971,1530 2017,1530 2062,1530 2108,1529 2153,1529 2199,1528 2244,1527 2290,1526"/>
                <TextEquiv>
                    <Unicode>schriftstellerischen und musikalischen Ergänzun¬</Unicode>
                </TextEquiv>
            </TextLine>
            <TextLine id="r4l7" custom="readingOrder {index:6;}">
                <Coords points="1368,1600 2302,1584 2288,1532 1368,1555"/>
                <Baseline points="1374,1587 1420,1584 1466,1582 1512,1580 1558,1579 1604,1578 1650,1578 1696,1577 1742,1577 1788,1577 1835,1578 1881,1578 1927,1578 1973,1578 2019,1578 2065,1578 2111,1577 2157,1577 2203,1576 2249,1575 2296,1573"/>
                <TextEquiv>
                    <Unicode>gen Inhalt und Sinn eines literarischen Werkes</Unicode>
                </TextEquiv>
            </TextLine>
            <TextLine id="r4l8" custom="readingOrder {index:7;}">
                <Coords points="1373,1640 2222,1648 2295,1628 2295,1585 1373,1599"/>
                <Baseline points="1379,1631 1424,1629 1470,1628 1515,1627 1561,1626 1606,1626 1652,1625 1697,1625 1743,1626 1788,1626 1834,1626 1879,1626 1925,1627 1970,1627 2016,1627 2061,1627 2107,1626 2152,1626 2198,1625 2243,1623 2289,1621"/>
                <TextEquiv>
                    <Unicode>gefälscht und karikiert. Daß der Mensch aus</Unicode>
                </TextEquiv>
            </TextLine>
            <TextLine id="r4l9" custom="readingOrder {index:8;}">
                <Coords points="1375,1682 2114,1692 2287,1678 2297,1633 1374,1639"/>
                <Baseline points="1380,1675 1425,1675 1471,1675 1516,1675 1562,1675 1608,1675 1653,1675 1699,1675 1744,1675 1790,1675 1836,1675 1881,1675 1927,1675 1972,1674 2018,1674 2064,1673 2109,1673 2155,1672 2200,1672 2246,1671 2292,1670"/>
                <TextEquiv>
                    <Unicode>Gemeinem gemacht ist, wissen wir alle seit</Unicode>
                </TextEquiv>
            </TextLine>
            <TextLine id="r4l10" custom="readingOrder {index:9;}">
                <Coords points="1380,1735 2298,1731 2298,1679 1380,1682"/>
                <Baseline points="1386,1722 1431,1722 1476,1723 1521,1723 1567,1723 1612,1723 1657,1723 1703,1723 1748,1723 1793,1723 1839,1723 1884,1722 1929,1722 1974,1722 2020,1722 2065,1721 2110,1721 2156,1720 2201,1720 2246,1719 2292,1719"/>
                <TextEquiv>
                    <Unicode>Schiller, daß aber der Mensch nur Gemeinheiten</Unicode>
                </TextEquiv>
            </TextLine>
            <TextLine id="r4l11" custom="readingOrder {index:10;}">
                <Coords points="1370,1782 2300,1785 2286,1728 1617,1727 1512,1758 1370,1727"/>
                <Baseline points="1376,1774 1421,1773 1467,1773 1513,1772 1559,1772 1605,1771 1651,1771 1697,1771 1743,1771 1789,1771 1835,1771 1880,1771 1926,1771 1972,1771 2018,1770 2064,1770 2110,1770 2156,1770 2202,1769 2248,1769 2294,1768"/>
                <TextEquiv>
                    <Unicode>begeht, wissen wir erst seit Kövessy. Diesen</Unicode>
                </TextEquiv>
            </TextLine>
            <TextLine id="r4l12" custom="readingOrder {index:11;}">
                <Coords points="1370,1832 2305,1836 2305,1788 2154,1771 1991,1798 1792,1770 1370,1784"/>
                <Baseline points="1375,1820 1421,1820 1467,1820 1513,1820 1559,1820 1606,1819 1652,1819 1698,1819 1744,1819 1790,1819 1837,1819 1883,1819 1929,1819 1975,1819 2021,1819 2068,1818 2114,1818 2160,1817 2206,1817 2252,1816 2299,1815"/>
                <TextEquiv>
                    <Unicode>Namen führt nämlich jener Theaterdirektor, der</Unicode>
                </TextEquiv>
            </TextLine>
            <TextLine id="r4l13" custom="readingOrder {index:12;}">
                <Coords points="1370,1879 2306,1871 2305,1836 2232,1820 1370,1831"/>
                <Baseline points="1376,1870 1422,1870 1468,1869 1514,1869 1560,1868 1607,1868 1653,1868 1699,1868 1745,1868 1791,1868 1838,1868 1884,1868 1930,1867 1976,1867 2022,1867 2069,1867 2115,1866 2161,1866 2207,1865 2253,1864 2300,1864"/>
                <TextEquiv>
                    <Unicode>den „Reigen“ dramatisierte, der Artur Schnitzler</Unicode>
                </TextEquiv>
            </TextLine>
            <TextLine id="r4l14" custom="readingOrder {index:13;}">
                <Coords points="1378,1924 2138,1935 2301,1924 2301,1880 1378,1887"/>
                <Baseline points="1384,1916 1429,1916 1475,1916 1520,1916 1566,1916 1611,1916 1657,1916 1702,1916 1748,1916 1793,1916 1839,1916 1885,1916 1930,1915 1976,1915 2021,1915 2067,1915 2112,1915 2158,1914 2203,1914 2249,1914 2295,1913"/>
                <TextEquiv>
                    <Unicode>unter die Arme griff und auf die Beine half,</Unicode>
                </TextEquiv>
            </TextLine>
            <TextLine id="r4l15" custom="readingOrder {index:14;}">
                <Coords points="1378,1974 2304,1972 2304,1925 2244,1920 1378,1925"/>
                <Baseline points="1383,1964 1428,1964 1474,1963 1520,1963 1566,1963 1611,1963 1657,1963 1703,1963 1749,1963 1794,1963 1840,1963 1886,1964 1932,1964 1977,1964 2023,1963 2069,1963 2115,1963 2160,1963 2206,1962 2252,1962 2298,1961"/>
                <TextEquiv>
                    <Unicode>damit der Dichter der „Liebelei“ und des</Unicode>
                </TextEquiv>
            </TextLine>
            <TextLine id="r4l16" custom="readingOrder {index:15;}">
                <Coords points="1377,2025 2298,2026 2298,1979 2207,1970 1377,1975"/>
                <Baseline points="1383,2015 1428,2014 1473,2013 1519,2013 1564,2012 1610,2012 1655,2012 1701,2012 1746,2012 1792,2012 1837,2012 1882,2012 1928,2012 1973,2012 2019,2012 2064,2012 2110,2012 2155,2012 2201,2012 2246,2012 2292,2012"/>
                <TextEquiv>
                    <Unicode>„Schleiers der Beatrice“ endlich wie ein Sieger</Unicode>
                </TextEquiv>
            </TextLine>
            <TextLine id="r4l17" custom="readingOrder {index:16;}">
                <Coords points="1373,2076 2219,2077 2295,2064 2295,2025 1372,2024"/>
                <Baseline points="1379,2060 1424,2061 1470,2061 1515,2061 1561,2062 1606,2062 1652,2062 1697,2061 1743,2061 1788,2061 1834,2061 1879,2060 1925,2060 1970,2060 2016,2059 2061,2059 2107,2059 2152,2058 2198,2058 2243,2058 2289,2058"/>
                <TextEquiv>
                    <Unicode>über die ungarische Bühne schreiten könne</Unicode>
                </TextEquiv>
            </TextLine>
            <TextLine id="r4l18" custom="readingOrder {index:17;}">
                <Coords points="1372,2117 2247,2124 2297,2118 2297,2061 1372,2072"/>
                <Baseline points="1378,2110 1423,2110 1469,2110 1514,2110 1560,2110 1606,2110 1651,2109 1697,2109 1743,2109 1788,2109 1834,2109 1880,2108 1925,2108 1971,2108 2017,2108 2062,2108 2108,2107 2154,2107 2199,2107 2245,2107 2291,2107"/>
                <TextEquiv>
                    <Unicode>Schnitzlers süßes Mädel Christine hatte nämlich</Unicode>
                </TextEquiv>
            </TextLine>
            <TextLine id="r4l19" custom="readingOrder {index:18;}">
                <Coords points="1384,2173 2195,2181 2304,2169 2304,2122 1384,2128"/>
                <Baseline points="1390,2160 1435,2160 1480,2159 1526,2159 1571,2159 1617,2159 1662,2159 1707,2159 1753,2159 1798,2159 1844,2159 1889,2159 1934,2159 1980,2159 2025,2159 2071,2158 2116,2158 2161,2158 2207,2157 2252,2156 2298,2155"/>
                <TextEquiv>
                    <Unicode>auf dem ungarischen Theater wenig Glück, und</Unicode>
                </TextEquiv>
            </TextLine>
            <TextLine id="r4l20" custom="readingOrder {index:19;}">
                <Coords points="1384,2234 2242,2223 2296,2210 2296,2167 1383,2173"/>
                <Baseline points="1389,2209 1434,2209 1479,2209 1524,2209 1569,2209 1614,2209 1659,2209 1704,2209 1749,2209 1794,2209 1839,2209 1884,2209 1929,2208 1974,2208 2019,2208 2064,2207 2109,2207 2154,2206 2199,2205 2244,2205 2290,2204"/>
                <TextEquiv>
                    <Unicode>auch sein süßer Junge Anatol fand hier nicht</Unicode>
                </TextEquiv>
            </TextLine>
            <TextLine id="r4l21" custom="readingOrder {index:20;}">
                <Coords points="1381,2269 2309,2270 2292,2213 1381,2222"/>
                <Baseline points="1387,2257 1432,2257 1478,2258 1524,2258 1570,2258 1616,2258 1661,2258 1707,2258 1753,2258 1799,2257 1845,2257 1890,2257 1936,2257 1982,2256 2028,2256 2074,2256 2119,2255 2165,2255 2211,2254 2257,2254 2303,2253"/>
                <TextEquiv>
                    <Unicode>jene Aufnahme, die er verdient hätte. Durch die</Unicode>
                </TextEquiv>
            </TextLine>
            <TextLine id="r4l22" custom="readingOrder {index:21;}">
                <Coords points="1378,2310 2298,2315 2298,2270 2260,2263 1378,2271"/>
                <Baseline points="1384,2305 1429,2305 1474,2306 1520,2306 1565,2306 1611,2306 1656,2306 1701,2306 1747,2306 1792,2307 1838,2306 1883,2306 1928,2306 1974,2306 2019,2306 2065,2305 2110,2305 2155,2304 2201,2303 2246,2302 2292,2301"/>
                <TextEquiv>
                    <Unicode>Dramatisierung des „Reigens“ wurde der</Unicode>
                </TextEquiv>
            </TextLine>
            <TextLine id="r4l23" custom="readingOrder {index:22;}">
                <Coords points="1379,2361 2251,2366 2307,2357 2307,2315 1379,2317"/>
                <Baseline points="1385,2355 1430,2355 1476,2356 1522,2356 1568,2356 1614,2356 1659,2356 1705,2356 1751,2355 1797,2355 1843,2355 1888,2355 1934,2355 1980,2355 2026,2354 2072,2354 2117,2354 2163,2353 2209,2353 2255,2352 2301,2352"/>
                <TextEquiv>
                    <Unicode>Wiener Dichter aber geradezu kompromittiert.</Unicode>
                </TextEquiv>
            </TextLine>
            <TextLine id="r4l24" custom="readingOrder {index:23;}">
                <Coords points="1382,2415 2295,2422 2283,2358 1811,2381 1382,2361"/>
                <Baseline points="1388,2405 1433,2405 1478,2405 1523,2405 1568,2405 1613,2405 1658,2406 1703,2406 1748,2406 1793,2406 1838,2407 1883,2407 1928,2407 1973,2406 2018,2406 2063,2406 2108,2405 2153,2404 2198,2403 2243,2401 2289,2399"/>
                <TextEquiv>
                    <Unicode>Das war kein Reigen mehr, sondern ein Veits¬</Unicode>
                </TextEquiv>
            </TextLine>
            <TextLine id="r4l25" custom="readingOrder {index:24;}">
                <Coords points="1376,2459 1397,2461 1406,2468 1409,2465 1418,2468 1429,2480 1446,2469 1465,2471 1467,2429 1449,2428 1435,2419 1419,2425 1415,2422 1410,2426 1401,2418 1395,2421 1379,2414"/>
                <Baseline points="1382,2453 1408,2454 1434,2456 1460,2457"/>
                <TextEquiv>
                    <Unicode>tanz.</Unicode>
                </TextEquiv>
            </TextLine>
            <TextLine id="r4l26" custom="readingOrder {index:25;}">
                <Coords points="1418,2540 1507,2516 2293,2539 2293,2467 1418,2483"/>
                <Baseline points="1424,2518 1467,2518 1510,2518 1553,2518 1596,2518 1639,2517 1682,2517 1726,2517 1769,2517 1812,2517 1855,2517 1898,2517 1941,2517 1984,2516 2028,2516 2071,2516 2114,2516 2157,2516 2200,2516 2243,2516 2287,2515"/>
                <TextEquiv>
                    <Unicode>Das Stück in Stücken, wie es Goethe wünscht</Unicode>
                </TextEquiv>
            </TextLine>
            <TextLine id="r4l27" custom="readingOrder {index:26;}">
                <Coords points="1384,2579 2251,2585 2295,2578 2295,2538 1384,2541"/>
                <Baseline points="1390,2568 1437,2568 1484,2567 1531,2568 1579,2568 1626,2568 1673,2568 1721,2568 1768,2568 1815,2568 1863,2568 1910,2568 1957,2568 2005,2568 2052,2568 2099,2567 2147,2567 2194,2566 2241,2566 2289,2565"/>
                <TextEquiv>
                    <Unicode>egann mit einem Prolog, wie ihn Shakespeare</Unicode>
                </TextEquiv>
            </TextLine>
            <TextLine id="r4l28" custom="readingOrder {index:27;}">
                <Coords points="1386,2618 2302,2621 2290,2577 1386,2580"/>
                <Baseline points="1392,2616 1437,2616 1482,2616 1527,2616 1572,2615 1618,2615 1663,2615 1708,2615 1753,2615 1798,2614 1844,2614 1889,2614 1934,2614 1979,2613 2024,2613 2070,2613 2115,2613 2160,2612 2205,2612 2250,2612 2296,2612"/>
                <TextEquiv>
                    <Unicode>liebte. Ein Schulmädel erschien vor dem Vor¬</Unicode>
                </TextEquiv>
            </TextLine>
            <TextLine id="r4l29" custom="readingOrder {index:28;}">
                <Coords points="1378,2677 2229,2686 2304,2671 2304,2619 1377,2620"/>
                <Baseline points="1383,2666 1428,2666 1474,2666 1520,2665 1566,2665 1611,2665 1657,2665 1703,2665 1749,2665 1794,2665 1840,2665 1886,2665 1932,2665 1977,2665 2023,2664 2069,2664 2115,2664 2160,2664 2206,2663 2252,2663 2298,2662"/>
                <TextEquiv>
                    <Unicode>hang und erzählte dem Publikum mit perversem</Unicode>
                </TextEquiv>
            </TextLine>
            <TextLine id="r4l30" custom="readingOrder {index:29;}">
                <Coords points="1384,2729 2234,2734 2296,2713 2296,2673 1384,2676"/>
                <Baseline points="1390,2714 1435,2714 1480,2714 1525,2714 1570,2714 1615,2714 1660,2714 1705,2714 1750,2714 1795,2714 1840,2713 1885,2713 1930,2713 1975,2713 2020,2712 2065,2712 2110,2712 2155,2711 2200,2711 2245,2710 2290,2710"/>
                <TextEquiv>
                    <Unicode>Augenspiel, daß heute Schnitzlers „Reigen“ auf¬</Unicode>
                </TextEquiv>
            </TextLine>
            <TextLine id="r4l31" custom="readingOrder {index:30;}">
                <Coords points="1390,2775 2273,2781 2308,2772 2308,2725 1390,2736"/>
                <Baseline points="1395,2763 1440,2763 1485,2762 1531,2762 1576,2762 1621,2762 1667,2762 1712,2762 1757,2762 1803,2762 1848,2762 1893,2763 1939,2763 1984,2763 2029,2762 2075,2762 2120,2761 2165,2760 2211,2759 2256,2758 2302,2756"/>
                <TextEquiv>
                    <Unicode>eführt werden solle. „Ich kenne,“ lispelte die</Unicode>
                </TextEquiv>
            </TextLine>
            <TextLine id="r4l32" custom="readingOrder {index:31;}">
                <Coords points="1376,2825 2296,2811 2296,2778 2252,2770 1376,2777"/>
                <Baseline points="1382,2809 1427,2810 1472,2810 1518,2811 1563,2811 1609,2811 1654,2811 1699,2811 1745,2811 1790,2811 1836,2810 1881,2810 1926,2810 1972,2809 2017,2809 2063,2809 2108,2809 2153,2809 2199,2809 2244,2809 2290,2809"/>
                <TextEquiv>
                    <Unicode>Kleine ungefähr, „die ganze moderne Literatur.</Unicode>
                </TextEquiv>
            </TextLine>
            <TextLine id="r4l33" custom="readingOrder {index:32;}">
                <Coords points="1387,2873 2279,2878 2295,2811 1387,2826"/>
                <Baseline points="1393,2859 1437,2859 1482,2859 1527,2858 1572,2858 1617,2858 1661,2858 1706,2858 1751,2858 1796,2858 1841,2858 1885,2858 1930,2858 1975,2858 2020,2857 2065,2857 2109,2857 2154,2858 2199,2858 2244,2858 2289,2858"/>
                <TextEquiv>
                    <Unicode>tur Schnitzler hat mir die Natur bisher versagt</Unicode>
                </TextEquiv>
            </TextLine>
            <TextLine id="r4l34" custom="readingOrder {index:33;}">
                <Coords points="1377,2917 2308,2918 2308,2876 2160,2859 1377,2871"/>
                <Baseline points="1382,2908 1428,2907 1474,2907 1520,2907 1566,2907 1612,2907 1658,2907 1704,2907 1750,2907 1796,2907 1842,2907 1888,2907 1934,2907 1980,2907 2026,2907 2072,2906 2118,2906 2164,2906 2210,2906 2256,2905 2302,2904"/>
                <TextEquiv>
                    <Unicode>Und doch soll Schnitzler pikant sein. Wie gern</Unicode>
                </TextEquiv>
            </TextLine>
            <TextLine id="r4l35" custom="readingOrder {index:34;}">
                <Coords points="1379,2966 2123,2976 2210,2951 2296,2974 2278,2914 1379,2929"/>
                <Baseline points="1385,2955 1430,2955 1475,2955 1520,2955 1566,2955 1611,2955 1656,2955 1701,2955 1747,2955 1792,2955 1837,2956 1882,2956 1928,2956 1973,2956 2018,2956 2063,2956 2109,2955 2154,2955 2199,2955 2244,2954 2290,2954"/>
                <TextEquiv>
                    <Unicode>möchte ich dableiben und den „Reigen“ mit¬</Unicode>
                </TextEquiv>
            </TextLine>
            <TextLine id="r4l36" custom="readingOrder {index:35;}">
                <Coords points="1375,3029 2105,3010 2302,3033 2302,2974 2204,2958 1375,2965"/>
                <Baseline points="1381,3009 1426,3008 1472,3007 1518,3007 1564,3006 1610,3006 1655,3005 1701,3005 1747,3005 1793,3005 1839,3005 1884,3005 1930,3005 1976,3005 2022,3005 2068,3005 2113,3005 2159,3005 2205,3004 2251,3004 2297,3003"/>
                <TextEquiv>
                    <Unicode>hüpfen. Aber Kindern ist der Eintritt verboten.</Unicode>
                </TextEquiv>
            </TextLine>
            <TextEquiv>
                <Unicode>genügte dem Direktor der „Neuen Bühne“ bei
einer Dramatisierung nicht. Er wollte Schnitz¬
ler und Brody noch übertrumpfen und hat doch
mit Verlaub zu sagen
nur durch seine —
schriftstellerischen und musikalischen Ergänzun¬
gen Inhalt und Sinn eines literarischen Werkes
gefälscht und karikiert. Daß der Mensch aus
Gemeinem gemacht ist, wissen wir alle seit
Schiller, daß aber der Mensch nur Gemeinheiten
begeht, wissen wir erst seit Kövessy. Diesen
Namen führt nämlich jener Theaterdirektor, der
den „Reigen“ dramatisierte, der Artur Schnitzler
unter die Arme griff und auf die Beine half,
damit der Dichter der „Liebelei“ und des
„Schleiers der Beatrice“ endlich wie ein Sieger
über die ungarische Bühne schreiten könne
Schnitzlers süßes Mädel Christine hatte nämlich
auf dem ungarischen Theater wenig Glück, und
auch sein süßer Junge Anatol fand hier nicht
jene Aufnahme, die er verdient hätte. Durch die
Dramatisierung des „Reigens“ wurde der
Wiener Dichter aber geradezu kompromittiert.
Das war kein Reigen mehr, sondern ein Veits¬
tanz.
Das Stück in Stücken, wie es Goethe wünscht
egann mit einem Prolog, wie ihn Shakespeare
liebte. Ein Schulmädel erschien vor dem Vor¬
hang und erzählte dem Publikum mit perversem
Augenspiel, daß heute Schnitzlers „Reigen“ auf¬
eführt werden solle. „Ich kenne,“ lispelte die
Kleine ungefähr, „die ganze moderne Literatur.
tur Schnitzler hat mir die Natur bisher versagt
Und doch soll Schnitzler pikant sein. Wie gern
möchte ich dableiben und den „Reigen“ mit¬
hüpfen. Aber Kindern ist der Eintritt verboten.</Unicode>
            </TextEquiv>
        </TextRegion>
        <TextRegion orientation="0.0" id="r5" custom="readingOrder {index:4;}">
            <Coords points="2343,1306 2343,3016 3280,3016 3280,1306"/>
            <TextLine id="r5l1" custom="readingOrder {index:0;}">
                <Coords points="2342,1340 3284,1341 3284,1300 2341,1286"/>
                <Baseline points="2347,1335 2393,1335 2440,1334 2486,1334 2533,1333 2580,1333 2626,1333 2673,1332 2719,1332 2766,1332 2813,1332 2859,1332 2906,1332 2952,1332 2999,1332 3046,1332 3092,1331 3139,1331 3185,1331 3232,1330 3279,1329"/>
                <TextEquiv>
                    <Unicode>Ich gehe heim und lege mich ins Bettelein.</Unicode>
                </TextEquiv>
            </TextLine>
            <TextLine id="r5l2" custom="readingOrder {index:1;}">
                <Coords points="2349,1385 3227,1393 3276,1384 3276,1336 2348,1343"/>
                <Baseline points="2354,1382 2399,1381 2445,1381 2491,1381 2537,1381 2583,1381 2628,1381 2674,1381 2720,1381 2766,1381 2812,1381 2857,1381 2903,1381 2949,1381 2995,1381 3041,1381 3086,1381 3132,1380 3178,1380 3224,1379 3270,1378"/>
                <TextEquiv>
                    <Unicode>Bitte, erzählen Sie mir morgen, was Sie ge¬</Unicode>
                </TextEquiv>
            </TextLine>
            <TextLine id="r5l3" custom="readingOrder {index:2;}">
                <Coords points="2355,1435 3276,1438 3276,1401 3192,1383 2355,1387"/>
                <Baseline points="2360,1429 2405,1430 2451,1430 2496,1430 2542,1430 2587,1430 2633,1430 2678,1430 2724,1430 2769,1430 2815,1429 2860,1429 2906,1428 2951,1428 2997,1428 3042,1428 3088,1428 3133,1428 3179,1428 3224,1429 3270,1429"/>
                <TextEquiv>
                    <Unicode>ehen und gehört haben.“ Nach dieser Einleitung</Unicode>
                </TextEquiv>
            </TextLine>
            <TextLine id="r5l4" custom="readingOrder {index:3;}">
                <Coords points="2344,1485 3230,1495 3285,1473 3226,1431 2344,1443"/>
                <Baseline points="2349,1478 2395,1478 2442,1478 2488,1478 2535,1478 2581,1477 2628,1477 2674,1477 2721,1477 2767,1477 2814,1477 2860,1477 2907,1477 2953,1477 3000,1477 3046,1477 3093,1476 3139,1476 3186,1476 3232,1476 3279,1476"/>
                <TextEquiv>
                    <Unicode>erhebt sich der sanft gerötete Vorhang: Das</Unicode>
                </TextEquiv>
            </TextLine>
            <TextLine id="r5l5" custom="readingOrder {index:4;}">
                <Coords points="2357,1541 3282,1535 3282,1493 3161,1477 2357,1487"/>
                <Baseline points="2362,1525 2407,1525 2453,1525 2499,1526 2544,1526 2590,1526 2636,1525 2681,1525 2727,1525 2773,1525 2819,1525 2864,1525 2910,1525 2956,1525 3001,1525 3047,1524 3093,1524 3138,1524 3184,1524 3230,1525 3276,1525"/>
                <TextEquiv>
                    <Unicode>Publikum sieht den Soldaten und die Dirne,</Unicode>
                </TextEquiv>
            </TextLine>
            <TextLine id="r5l6" custom="readingOrder {index:5;}">
                <Coords points="2344,1581 3278,1585 3278,1537 3245,1529 2344,1533"/>
                <Baseline points="2350,1574 2396,1575 2442,1575 2488,1575 2534,1575 2580,1574 2626,1574 2673,1574 2719,1574 2765,1574 2811,1573 2857,1573 2903,1573 2949,1573 2996,1572 3042,1572 3088,1572 3134,1572 3180,1572 3226,1571 3273,1571"/>
                <TextEquiv>
                    <Unicode>den jungen Herrn und das Stubenmädchen, die</Unicode>
                </TextEquiv>
            </TextLine>
            <TextLine id="r5l7" custom="readingOrder {index:6;}">
                <Coords points="2346,1632 3116,1644 3280,1628 3280,1586 2345,1588"/>
                <Baseline points="2352,1624 2398,1623 2444,1623 2490,1623 2536,1622 2582,1622 2628,1622 2674,1622 2720,1622 2766,1622 2813,1622 2859,1622 2905,1621 2951,1621 2997,1621 3043,1621 3089,1620 3135,1620 3181,1619 3227,1619 3274,1618"/>
                <TextEquiv>
                    <Unicode>anständige Frau und ihren Liebhaber, den Ehe¬</Unicode>
                </TextEquiv>
            </TextLine>
            <TextLine id="r5l8" custom="readingOrder {index:7;}">
                <Coords points="2348,1681 3286,1676 3270,1626 2348,1631"/>
                <Baseline points="2354,1670 2400,1669 2446,1669 2492,1669 2539,1669 2585,1670 2631,1670 2678,1670 2724,1670 2770,1670 2817,1670 2863,1670 2909,1670 2955,1669 3002,1669 3048,1669 3094,1669 3141,1668 3187,1667 3233,1667 3280,1666"/>
                <TextEquiv>
                    <Unicode>mann und das süße Mädel, den Dichter und die</Unicode>
                </TextEquiv>
            </TextLine>
            <TextLine id="r5l9" custom="readingOrder {index:8;}">
                <Coords points="2346,1733 3271,1724 3271,1683 3227,1675 2346,1683"/>
                <Baseline points="2352,1718 2397,1719 2443,1719 2489,1719 2534,1719 2580,1720 2626,1720 2671,1720 2717,1720 2763,1720 2809,1721 2854,1721 2900,1721 2946,1721 2991,1720 3037,1720 3083,1720 3128,1719 3174,1718 3220,1717 3266,1716"/>
                <TextEquiv>
                    <Unicode>Schauspielerin, kurz jene Figuren, die Schnitzler</Unicode>
                </TextEquiv>
            </TextLine>
            <TextLine id="r5l10" custom="readingOrder {index:9;}">
                <Coords points="2347,1791 3195,1759 3245,1785 3286,1768 3286,1717 2347,1734"/>
                <Baseline points="2353,1767 2399,1767 2445,1767 2492,1767 2538,1767 2584,1767 2631,1768 2677,1768 2723,1768 2770,1768 2816,1768 2862,1767 2909,1767 2955,1767 3001,1767 3048,1766 3094,1766 3140,1765 3187,1764 3233,1763 3280,1762"/>
                <TextEquiv>
                    <Unicode>meisterhaft gezeichnet hat, die jedoch hier mit</Unicode>
                </TextEquiv>
            </TextLine>
            <TextLine id="r5l11" custom="readingOrder {index:10;}">
                <Coords points="2355,1826 3194,1831 3270,1821 3270,1778 2354,1785"/>
                <Baseline points="2361,1815 2406,1815 2451,1815 2496,1815 2541,1815 2586,1815 2631,1815 2677,1815 2722,1814 2767,1814 2812,1814 2857,1814 2902,1814 2947,1814 2993,1813 3038,1813 3083,1813 3128,1812 3173,1812 3218,1811 3264,1810"/>
                <TextEquiv>
                    <Unicode>grellen, schreienden, ordinären Farben über¬</Unicode>
                </TextEquiv>
            </TextLine>
            <TextLine id="r5l12" custom="readingOrder {index:11;}">
                <Coords points="2352,1870 3232,1878 3279,1868 3279,1828 2351,1827"/>
                <Baseline points="2357,1863 2402,1863 2448,1863 2494,1863 2540,1864 2586,1864 2631,1864 2677,1864 2723,1864 2769,1864 2815,1864 2860,1864 2906,1863 2952,1863 2998,1863 3044,1862 3089,1862 3135,1861 3181,1861 3227,1860 3273,1859"/>
                <TextEquiv>
                    <Unicode>kleckst wurden. Wie ein klassisches Drama im</Unicode>
                </TextEquiv>
            </TextLine>
            <TextLine id="r5l13" custom="readingOrder {index:12;}">
                <Coords points="2357,1921 3267,1923 3276,1874 2356,1872"/>
                <Baseline points="2362,1911 2407,1911 2452,1912 2498,1912 2543,1913 2589,1913 2634,1913 2679,1913 2725,1913 2770,1912 2816,1912 2861,1912 2906,1911 2952,1911 2997,1910 3043,1910 3088,1910 3133,1909 3179,1909 3224,1909 3270,1909"/>
                <TextEquiv>
                    <Unicode>Kino wirkt der „Reigen“ in dieser Bearbeitung</Unicode>
                </TextEquiv>
            </TextLine>
            <TextLine id="r5l14" custom="readingOrder {index:13;}">
                <Coords points="2358,1971 3278,1975 3277,1919 3185,1913 2358,1923"/>
                <Baseline points="2364,1960 2409,1960 2454,1959 2500,1959 2545,1959 2591,1959 2636,1959 2681,1959 2727,1959 2772,1960 2818,1960 2863,1960 2908,1960 2954,1960 2999,1959 3045,1959 3090,1959 3135,1958 3181,1957 3226,1956 3272,1955"/>
                <TextEquiv>
                    <Unicode>ür die Bühne. Er macht auf den westeuropäischen</Unicode>
                </TextEquiv>
            </TextLine>
            <TextLine id="r5l15" custom="readingOrder {index:14;}">
                <Coords points="2349,2031 3069,2003 3273,2028 3273,1974 3230,1965 3163,1992 3126,1966 2349,1974"/>
                <Baseline points="2355,2010 2400,2009 2446,2009 2491,2009 2537,2009 2583,2009 2628,2009 2674,2009 2719,2009 2765,2009 2811,2009 2856,2009 2902,2009 2947,2009 2993,2009 3039,2009 3084,2008 3130,2008 3175,2007 3221,2007 3267,2006"/>
                <TextEquiv>
                    <Unicode>Zuschauer etwa den Eindruck, den die allzu</Unicode>
                </TextEquiv>
            </TextLine>
            <TextLine id="r5l16" custom="readingOrder {index:15;}">
                <Coords points="2348,2074 3267,2070 3277,2025 2348,2031"/>
                <Baseline points="2354,2058 2399,2058 2445,2058 2491,2058 2537,2058 2583,2058 2629,2057 2674,2057 2720,2057 2766,2057 2812,2057 2858,2057 2904,2057 2950,2057 2995,2056 3041,2056 3087,2056 3133,2056 3179,2056 3225,2055 3271,2055"/>
                <TextEquiv>
                    <Unicode>realistischen, durch barbarische Musikbegleitung</Unicode>
                </TextEquiv>
            </TextLine>
            <TextLine id="r5l17" custom="readingOrder {index:16;}">
                <Coords points="2348,2127 3285,2115 3285,2081 3203,2066 2348,2074"/>
                <Baseline points="2354,2108 2400,2107 2446,2106 2492,2106 2539,2106 2585,2106 2631,2106 2677,2106 2724,2106 2770,2106 2816,2107 2862,2107 2909,2107 2955,2107 3001,2107 3047,2106 3094,2106 3140,2105 3186,2104 3232,2102 3279,2100"/>
                <TextEquiv>
                    <Unicode>verschärften Schattenspiele im Orient hervor¬</Unicode>
                </TextEquiv>
            </TextLine>
            <TextLine id="r5l18" custom="readingOrder {index:17;}">
                <Coords points="2348,2171 2997,2161 3147,2190 3277,2157 3277,2117 2348,2127"/>
                <Baseline points="2354,2156 2399,2156 2445,2155 2491,2155 2537,2155 2583,2155 2629,2155 2674,2155 2720,2155 2766,2155 2812,2155 2858,2155 2904,2155 2950,2155 2995,2155 3041,2155 3087,2155 3133,2154 3179,2154 3225,2154 3271,2153"/>
                <TextEquiv>
                    <Unicode>rufen, die Auge und Ohr verletzen und Trommel¬</Unicode>
                </TextEquiv>
            </TextLine>
            <TextLine id="r5l19" custom="readingOrder {index:18;}">
                <Coords points="2341,2233 2578,2216 2608,2234 2731,2218 2803,2235 2838,2210 2886,2216 2886,2184 2861,2173 2758,2161 2721,2178 2627,2161 2600,2176 2566,2162 2533,2178 2444,2164 2341,2175"/>
                <Baseline points="2347,2205 2373,2205 2400,2205 2426,2205 2453,2205 2480,2205 2506,2205 2533,2205 2560,2205 2586,2205 2613,2204 2640,2204 2666,2204 2693,2204 2720,2203 2746,2203 2773,2203 2800,2203 2826,2203 2853,2204 2880,2204"/>
                <TextEquiv>
                    <Unicode>und Zwerchfell revoltieren.</Unicode>
                </TextEquiv>
            </TextLine>
            <TextLine id="r5l20" custom="readingOrder {index:19;}">
                <Coords points="2374,2278 3242,2284 3285,2276 3284,2227 2536,2217 2373,2241"/>
                <Baseline points="2380,2274 2427,2272 2474,2272 2521,2271 2569,2270 2616,2270 2663,2269 2711,2269 2758,2269 2805,2269 2853,2269 2900,2269 2947,2269 2995,2269 3042,2268 3089,2268 3137,2268 3184,2268 3231,2267 3279,2267"/>
                <TextEquiv>
                    <Unicode>Zum „Reigen“ Schnitzlers ließ der kühne</Unicode>
                </TextEquiv>
            </TextLine>
            <TextLine id="r5l21" custom="readingOrder {index:20;}">
                <Coords points="2345,2332 3163,2339 3284,2323 3284,2276 2345,2280"/>
                <Baseline points="2350,2320 2396,2319 2442,2318 2489,2318 2535,2318 2582,2317 2628,2317 2674,2317 2721,2317 2767,2317 2814,2317 2860,2317 2906,2317 2953,2317 2999,2317 3046,2316 3092,2316 3138,2316 3185,2315 3231,2315 3278,2314"/>
                <TextEquiv>
                    <Unicode>Theaterdirektor zu allem Ueberfluß noch eine</Unicode>
                </TextEquiv>
            </TextLine>
            <TextLine id="r5l22" custom="readingOrder {index:21;}">
                <Coords points="2360,2381 3259,2379 3277,2325 2359,2336"/>
                <Baseline points="2366,2370 2411,2369 2456,2368 2501,2367 2547,2367 2592,2366 2637,2366 2683,2366 2728,2365 2773,2365 2819,2365 2864,2365 2909,2365 2954,2365 3000,2365 3045,2365 3090,2365 3136,2364 3181,2364 3226,2363 3272,2362"/>
                <TextEquiv>
                    <Unicode>ogenannte illustrierende Musik erklingen. Es</Unicode>
                </TextEquiv>
            </TextLine>
            <TextLine id="r5l23" custom="readingOrder {index:22;}">
                <Coords points="2356,2427 3111,2438 3286,2414 3285,2383 3216,2370 3066,2370 3001,2406 2841,2373 2356,2380"/>
                <Baseline points="2362,2418 2407,2417 2453,2417 2499,2416 2545,2416 2591,2416 2637,2416 2683,2416 2729,2416 2775,2416 2821,2416 2866,2416 2912,2416 2958,2416 3004,2415 3050,2415 3096,2414 3142,2413 3188,2412 3234,2411 3280,2409"/>
                <TextEquiv>
                    <Unicode>st schwer, rund herauszusagen, wann diese</Unicode>
                </TextEquiv>
            </TextLine>
            <TextLine id="r5l24" custom="readingOrder {index:23;}">
                <Coords points="2345,2476 3284,2474 3265,2419 2345,2423"/>
                <Baseline points="2351,2465 2397,2465 2443,2466 2490,2466 2536,2466 2582,2466 2629,2465 2675,2465 2721,2465 2768,2465 2814,2465 2860,2464 2907,2464 2953,2464 2999,2463 3046,2463 3092,2462 3138,2462 3185,2461 3231,2461 3278,2461"/>
                <TextEquiv>
                    <Unicode>Musik laut wird. Immerhin sei der Versuch</Unicode>
                </TextEquiv>
            </TextLine>
            <TextLine id="r5l25" custom="readingOrder {index:24;}">
                <Coords points="2353,2533 3279,2513 3279,2483 3195,2470 2353,2475"/>
                <Baseline points="2359,2515 2404,2515 2450,2515 2496,2514 2542,2514 2587,2514 2633,2514 2679,2514 2725,2514 2770,2514 2816,2514 2862,2514 2908,2513 2953,2513 2999,2513 3045,2513 3091,2513 3136,2512 3182,2512 3228,2511 3274,2511"/>
                <TextEquiv>
                    <Unicode>unternommen, es zum mindesten flüchtig anzu¬</Unicode>
                </TextEquiv>
            </TextLine>
            <TextLine id="r5l26" custom="readingOrder {index:25;}">
                <Coords points="2354,2577 3280,2571 3279,2513 2354,2536"/>
                <Baseline points="2360,2565 2405,2564 2451,2564 2497,2563 2542,2563 2588,2563 2634,2563 2679,2563 2725,2563 2771,2563 2817,2563 2862,2563 2908,2563 2954,2563 2999,2562 3045,2562 3091,2561 3136,2560 3182,2559 3228,2558 3274,2556"/>
                <TextEquiv>
                    <Unicode>deuten. Schnitzler läßt bekanntlich im „Reigen“</Unicode>
                </TextEquiv>
            </TextLine>
            <TextLine id="r5l27" custom="readingOrder {index:26;}">
                <Coords points="2343,2626 3225,2627 3278,2618 3278,2569 2343,2578"/>
                <Baseline points="2349,2613 2395,2613 2441,2613 2487,2613 2533,2613 2580,2613 2626,2612 2672,2612 2718,2612 2764,2612 2811,2611 2857,2611 2903,2611 2949,2611 2995,2610 3042,2610 3088,2610 3134,2610 3180,2610 3226,2610 3273,2609"/>
                <TextEquiv>
                    <Unicode>die Liebenden rasch die letzte Station erreichen.</Unicode>
                </TextEquiv>
            </TextLine>
            <TextLine id="r5l28" custom="readingOrder {index:27;}">
                <Coords points="2358,2673 3272,2680 3272,2620 2357,2625"/>
                <Baseline points="2363,2662 2408,2662 2453,2662 2498,2662 2543,2662 2588,2662 2633,2662 2679,2661 2724,2661 2769,2661 2814,2661 2859,2661 2904,2660 2949,2660 2995,2660 3040,2660 3085,2659 3130,2659 3175,2659 3220,2658 3266,2658"/>
                <TextEquiv>
                    <Unicode>So wird denn auch das Bett das wichtigste</Unicode>
                </TextEquiv>
            </TextLine>
            <TextLine id="r5l29" custom="readingOrder {index:28;}">
                <Coords points="2351,2722 3269,2722 3269,2680 3229,2667 2351,2675"/>
                <Baseline points="2357,2711 2402,2711 2447,2712 2492,2712 2538,2712 2583,2712 2628,2712 2674,2711 2719,2711 2764,2711 2810,2711 2855,2710 2900,2710 2945,2709 2991,2709 3036,2709 3081,2708 3127,2707 3172,2707 3217,2706 3263,2705"/>
                <TextEquiv>
                    <Unicode>Bühnenrequisit. Oft meint man, nicht Schnitz¬</Unicode>
                </TextEquiv>
            </TextLine>
            <TextLine id="r5l30" custom="readingOrder {index:29;}">
                <Coords points="2354,2768 2756,2775 2844,2745 2905,2774 3203,2774 3276,2766 3276,2721 2353,2723"/>
                <Baseline points="2360,2762 2405,2762 2451,2762 2496,2762 2542,2762 2587,2761 2633,2761 2678,2761 2724,2761 2769,2761 2815,2760 2861,2760 2906,2760 2952,2759 2997,2759 3043,2758 3088,2758 3134,2757 3179,2756 3225,2755 3271,2755"/>
                <TextEquiv>
                    <Unicode>ers Skizzen „Reigen“, sondern Lavedans</Unicode>
                </TextEquiv>
            </TextLine>
            <TextLine id="r5l31" custom="readingOrder {index:30;}">
                <Coords points="2351,2819 3163,2822 3277,2808 3277,2768 2351,2773"/>
                <Baseline points="2357,2809 2402,2809 2448,2808 2494,2808 2539,2808 2585,2808 2631,2808 2676,2808 2722,2808 2768,2807 2814,2807 2859,2807 2905,2806 2951,2806 2996,2806 3042,2805 3088,2804 3133,2803 3179,2803 3225,2801 3271,2801"/>
                <TextEquiv>
                    <Unicode>Skizzen „Le lit“ vor sich zu haben. Und wie in</Unicode>
                </TextEquiv>
            </TextLine>
            <TextLine id="r5l32" custom="readingOrder {index:31;}">
                <Coords points="2351,2869 3286,2877 3285,2825 3237,2807 2677,2812 2593,2841 2351,2819"/>
                <Baseline points="2357,2857 2403,2857 2449,2857 2495,2857 2541,2857 2587,2857 2633,2857 2680,2857 2726,2857 2772,2856 2818,2856 2864,2855 2910,2855 2956,2854 3003,2854 3049,2853 3095,2852 3141,2851 3187,2851 3233,2850 3280,2849"/>
                <TextEquiv>
                    <Unicode>Wedekinds „Frühlings Erwachen“ verdunkelt</Unicode>
                </TextEquiv>
            </TextLine>
            <TextLine id="r5l33" custom="readingOrder {index:32;}">
                <Coords points="2346,2924 3272,2917 3286,2877 2345,2868"/>
                <Baseline points="2351,2906 2397,2906 2443,2906 2490,2905 2536,2905 2583,2905 2629,2905 2676,2905 2722,2904 2769,2904 2815,2904 2861,2904 2908,2904 2954,2904 3001,2903 3047,2903 3094,2902 3140,2901 3187,2900 3233,2899 3280,2898"/>
                <TextEquiv>
                    <Unicode>sich die Bühne immer in jenem Augenblick, wo</Unicode>
                </TextEquiv>
            </TextLine>
            <TextLine id="r5l34" custom="readingOrder {index:33;}">
                <Coords points="2348,2962 3236,2970 3284,2959 3284,2915 2348,2926"/>
                <Baseline points="2354,2957 2400,2956 2446,2955 2492,2955 2538,2954 2585,2954 2631,2954 2677,2954 2723,2954 2769,2954 2816,2954 2862,2953 2908,2953 2954,2953 3000,2953 3047,2952 3093,2951 3139,2951 3185,2950 3231,2948 3278,2947"/>
                <TextEquiv>
                    <Unicode>es zum äußersten kommt. Tritt aber die Finster¬</Unicode>
                </TextEquiv>
            </TextLine>
            <TextLine id="r5l35" custom="readingOrder {index:34;}">
                <Coords points="2337,3011 2825,3040 3016,3009 3189,3038 3286,3005 3285,2958 2337,2966"/>
                <Baseline points="2343,3005 2389,3004 2436,3004 2483,3004 2530,3004 2577,3004 2624,3004 2670,3004 2717,3004 2764,3004 2811,3004 2858,3004 2905,3004 2952,3003 2998,3003 3045,3002 3092,3001 3139,3000 3186,2999 3233,2997 3280,2996"/>
                <TextEquiv>
                    <Unicode>nis im Theater ein, dann beginnen die Geigen</Unicode>
                </TextEquiv>
            </TextLine>
            <TextEquiv>
                <Unicode>Ich gehe heim und lege mich ins Bettelein.
Bitte, erzählen Sie mir morgen, was Sie ge¬
ehen und gehört haben.“ Nach dieser Einleitung
erhebt sich der sanft gerötete Vorhang: Das
Publikum sieht den Soldaten und die Dirne,
den jungen Herrn und das Stubenmädchen, die
anständige Frau und ihren Liebhaber, den Ehe¬
mann und das süße Mädel, den Dichter und die
Schauspielerin, kurz jene Figuren, die Schnitzler
meisterhaft gezeichnet hat, die jedoch hier mit
grellen, schreienden, ordinären Farben über¬
kleckst wurden. Wie ein klassisches Drama im
Kino wirkt der „Reigen“ in dieser Bearbeitung
ür die Bühne. Er macht auf den westeuropäischen
Zuschauer etwa den Eindruck, den die allzu
realistischen, durch barbarische Musikbegleitung
verschärften Schattenspiele im Orient hervor¬
rufen, die Auge und Ohr verletzen und Trommel¬
und Zwerchfell revoltieren.
Zum „Reigen“ Schnitzlers ließ der kühne
Theaterdirektor zu allem Ueberfluß noch eine
ogenannte illustrierende Musik erklingen. Es
st schwer, rund herauszusagen, wann diese
Musik laut wird. Immerhin sei der Versuch
unternommen, es zum mindesten flüchtig anzu¬
deuten. Schnitzler läßt bekanntlich im „Reigen“
die Liebenden rasch die letzte Station erreichen.
So wird denn auch das Bett das wichtigste
Bühnenrequisit. Oft meint man, nicht Schnitz¬
ers Skizzen „Reigen“, sondern Lavedans
Skizzen „Le lit“ vor sich zu haben. Und wie in
Wedekinds „Frühlings Erwachen“ verdunkelt
sich die Bühne immer in jenem Augenblick, wo
es zum äußersten kommt. Tritt aber die Finster¬
nis im Theater ein, dann beginnen die Geigen</Unicode>
            </TextEquiv>
        </TextRegion>
    </Page>
</PcGts>
