3532 4224
222 1235 273 1312 rt
235 1486 281 1564 V
533 149 854 257 Reigen
478 865 898 968 g des bloßen Neben¬
479 952 894 1028 ingestellt. Damals,
486 1011 899 1085 gedrucktes Buch
482 1074 898 1147 es ganz stark und
431 1126 899 1203 Norddeutschland etwa
437 1181 892 1264 geschah, fiel mit der
441 1249 896 1323 ie Frage in sich zu¬
458 1311 886 1386 lischen Breitenunter¬
437 1363 893 1445 os, selbstverständlich
345 1425 893 1506 ein gut Teil Arbeitsk##kt
432 1489 892 1563 r lahmgelegt hat, ge¬
310 1494 368 1559 1
399 1544 888 1617 ikt etwas wie Tradition,
367 1599 885 1682 em Eldorado der Sinnen¬
399 1665 896 1736 ottend, die elementare
477 1721 895 1803 erzubestehen. Und
403 1780 888 1860 iropas für eine an sich
391 1840 903 1925 löglichkeit geboten, die
398 1897 892 1983 ganz unabgelenkt, ohne
231 1970 898 2042 uche oder satirische Pseudo¬
215 2016 883 2102 Phr bezeichnend, daß Schnitzler
402 2078 886 2144 zusammenfaßt, bis in
228 2136 890 2210 it, ein im ästhetischen Sinne
400 2196 886 2277 das echte unverfälschte
224 2252 901 2317 m in Liebelei das erotische
398 2309 902 2387 „Christin“, die an
391 2372 898 2452 lem Augenblick, da der
404 2430 896 2511 läßt, da sie ihren Fall¬
373 2493 886 2568 wüchsige rührende Mäd¬
342 2540 892 2623 eugnet zuletzt ihre Natur,
368 2615 893 2693 erkehrt, fast ein Wider¬
375 2672 886 2753 iebelei jene große Auf¬
375 2735 902 2808 gegen das Schicksal im
219 2781 885 2873 ik nennt. Dazu ist das Ein¬
403 2849 888 2927 inem klassischen Schau¬
801 2908 890 2979 Der
224 2904 804 2982 ten, Tanz — Reigen.
399 2964 898 3038 sich — bescheiden und
216 3014 889 3091 h unwichtiges Glied der Kette
372 3084 903 3161 nden erotischen Getriebe
368 3142 887 3224 als irgend ein anderer
366 3197 884 3280 sexuelle Verwandtschaft,
372 3263 884 3340 zu wahren, ist die still¬
328 3314 890 3403 .Darum ist Schnitzlers
368 3381 898 3473 er Stadt und der in ihr
1047 163 1455 253 box 18/3
1498 857 2831 956 Aber das Werk hat auch für Schnitzlers Schaffen eine be¬
1408 962 2823 1026 sondere Bedeutung. Denn dadurch, daß er den in „Liebelei“ ver¬
1407 1000 2821 1083 geblich unternommenen Versuch, das einmal gewählte Thema tra¬
1412 1059 2822 1136 gisch zu umschatten, hier ganz wieder aufgab und sich jedes
1408 1125 2824 1189 verkünstelnden Eingriffs diesmal enthielt, fand er die ganze Slärke
1404 1188 2830 1252 seiner besonderen Begabung wieder und gab einen Lebensaus¬
1407 1247 2826 1305 schnitt von unheimlicher, zunächst fast unerklärlicher Wahrheit.
1405 1301 2827 1370 Das Einander-Ubervorteilen, die hoffnungslose Fremdheit zwischen
1407 1368 2816 1431 den Geschlechtern, ein Thema, das im Norden blutigernste Erör¬
1408 1427 2826 1501 terung fand, ist in diesen zeli Bildern ins Gelassen-Unabänderliche
1401 1480 2831 1548 gewendet. Man nehme es mit Grazie hin! — scheint die Devise
1406 1538 2830 1615 dieser Reigentänzer zu sein. In ihnen allen obsiegt der Instinkt
1402 1603 2821 1667 der Natur über Skrupel des Herkommens und Bedenken einer
1410 1657 2815 1724 sogenannten Kultur. Die Akten über deren wichtigste Institution,
1410 1723 2830 1804 das Sakrament der Ehe, sind noch lange nicht geschlossen. Kein
1408 1782 2826 1859 Mensch vermöchte ihre gesicherte Existenz in aller Zukunft zu
1405 1842 2828 1913 gewährleisten. Jedenfalls gibt es einen ansehnlichen Prozentsatz
1417 1906 2814 1971 von Ehen, die es nur dem Namen nach sind, erheu¬
1402 1949 2813 2030 chelte Gemeinschaften, über welchen die familiäre Lüge als schwe¬
1409 2013 2825 2074 res, jede bessere Regung erstickendes Hemmnis lastet. Da macht
1407 2079 2825 2139 der Bürger der Stadt am Fuße des Kahlenbergs, der Stadt mit
1402 2133 2823 2199 dem tagtäglich zum Himmel empororgelnden Lustbarkeitschor des
1407 2185 2823 2265 Praters, mit den Gymnasiastenliebschaften wie Lebemannsaben¬
1403 2246 2819 2313 teuern gleich lind umkosenden Kastanienalleen des „Volksgartens“
1402 2299 2820 2394 nicht mit! Er ist die graziösere Lüge gewöhnt. Ein frommer
1404 2364 2825 2430 Brauen, einander gegenseitig was Schönes vorzumachen, sich blauen
1394 2430 2817 2499 Dunst um die Köpfe wirbeln zu lassen. — Gibt es ein kindlicheres
1406 2483 2813 2565 und zugleich probateres Mittel, in der Welt des Zwecks, der Eng¬
1411 2540 2818 2617 herzigkeit, der ordinären Selbstsucht, sich durch wohlgemeinten
1402 2610 2818 2681 Schwindel, pflichtschuldige gemeinschaftliche Lüge ein ungebun¬
1404 2667 2836 2723 denes Stundenreich des Glücks herzuzaubern? Pflichtschuldig und
1402 2722 2831 2794 notwendig. Selbst in diesen wenigen Szenen, die Schnitzler mit
1409 2783 2815 2856 Leichtigkeit um zahllose andere ebenso glaubwürdige hätte ver¬
1407 2854 2827 2917 mehren können, selbst in diesen, im Grunde scheinbar höchst be¬
1407 2899 2824 2980 langlosen Erlebnissen, taucht jedesmal ein häßliches Mißtrauen
1404 2965 2816 3026 auf, welches der Soldat vor der Dirne, das Stubenmädchen vor
1410 3016 2816 3085 dem Soldaten ebensowenig zu unterdrücken vermag, wie der Gatte
1404 3076 2827 3147 vor dem süßen Mädel usw. Immer gibt es da einen Augenblick
1406 3139 2827 3221 (die „dramatische Spannung“ jeder Szene), wo es bitter Ernst
1413 3196 2820 3259 werden könnte. Natürlich kommt es nicht dazu. Denn jeder von
1390 3251 2821 3329 ihnen hält die instinktiv erfaßte Sendung hoch, die ihm auferlegt
1404 3323 2831 3383 ist; nur weiter, mit selig geschlossenen Augen so tun, als ob’s
1400 3370 2822 3446 nicht Ernst wäre, damit auch ja niemals Ernst daraus wird. Die
1404 3437 2829 3522 Aufgabe lautet ganz einfach: sich, wenn die Sommersonne scheint,
