3444 4352
315 117 454 223 11.
1012 109 1433 222 box 17/6
497 127 827 236 Reigen
283 931 1327 1049 Wien, Samstag, 12. Februar 1921.
281 1009 1065 1133 Nr. 535. — 4. Jahrgang,
1948 959 3138 1117 Prolekarker aller Länder.
2451 1113 3153 1233 vereinigt Euch¬
1160 1509 1969 1685 Genkralorgan
653 1640 2691 1804 der Hommunistischen Partei Oesterreichs
790 1781 2559 1937 (Sektion der Hommunistischen Internationale.)
221 1840 997 1954 Erscheint außer Montag täglich 6 Uhr früh.
1291 1884 1924 1979 Redaktion und Expedition:
2212 1907 3289 2008 In Wien monatlich: zum Abhöten oder per Post K 19.90.
229 1909 995 2019 Einzelpreis 80 Heller.
1113 1947 2070 2046 Wie.Vik., Bandgasse 28. — Telephon 30.436.
2213 1983 3277 2071 Außerhalb Wiens: Einzeln 90 h=40 Pf.— 25 Cent.
317 2005 886 2089 * Im Straßenverkauf 90 Heller.
1128 2009 2073 2101 D## waltung: VIII., Alserstraße 69. — Tel. 11.186.
2202 2052 3271 2134 Monatl. mit Postversand: 22 K— 11.25 Mk. — 7.50 Fres.
2314 2200 3333 2279 sich radikal zu gebärden. Aber wie sollen sie die
1238 2144 2254 2323 Der Streit um den „Reigen“.
2307 2264 3321 2326 großen wirtschaftlichen und politischen Fragen ra
1283 2292 2265 2383 Im Parlament ist es gestern wieder einmal hoch
2317 2308 3319 2371 dikal behandeln? Das gerade wollten sie ja unter
1239 2329 2248 2418 hergegangen, beinahe wie in den schönsten Obstruk¬
2320 2353 3316 2423 allen Unständen vermeiden. So müssen sie es ver¬
1235 2388 2252 2479 tionszeiten des alten Kurienparlaments. Es gab
2310 2399 3319 2470 suchen, das Interesse der Massen auf minderwichtig
1247 2440 2254 2521 Schimpfreden, wüste Szenen, Faustschläge, Rippen¬
2305 2448 3321 2517 Fragen abzulenken. Das ist der Grund, warum
1238 2485 2259 2588 stöße und andere Kirchweihbelustigungen. Der An¬
2310 2495 3319 2568 sie in der letzten Zeit ihren Antiklerikalismus aus
1236 2538 1788 2614 laß? Schnitzlers „Reigen“!
2303 2544 3319 2618 der Rumpelkammer, in die er in der Koalitionszeit
2310 2596 3317 2659 gewandert war, wieder hervorgeholt und auf den
1284 2583 2249 2666 Der Bürgermeister hat als Landeshauptmann
2307 2639 3328 2710 Glanz hergerichtet haben. Das Verbot der „Rei¬
1242 2628 2251 2727 die Aufführung dieses Stückes gestattet. Darob
2304 2684 3326 2757 gen“=Aufführungen hat ihnen nur einen willkom¬
1236 2690 2250 2762 große Entrüstung unter den Christlichsozialen. Sie
2302 2722 3319 2807 menen Anlaß geboten, ihren Radikalismus auf eine
1236 2742 2250 2826 hatte aber nicht den gewünschten Erfolg, das Stück
2294 2779 3321 2875 ungefährliche und naiven Gemütern doch impo¬
1232 2788 2248 2869 wurde weitergespielt. Ein Rudel halbwüchsiger Jun¬
2292 2823 2854 2908 nierende Weise auszutoben.
1240 2834 2249 2909 gen störte eine Vorstellung, doch auch das war ver¬
1235 2889 2250 2956 gebene Mühe. Nun bearbeiteten die Christlichso¬
1232 2937 2241 3000 zialen ihre Regierung und diesmal hatten sie Glück.
1232 2982 2248 3059 Herr Dr. Glanz untersagte, obwohl er dazu gar
1223 3023 2244 3112 nicht berechtigt ist, die weiteren Aufführungen des
1231 3073 2253 3158 Schnitzlerschen Stückes. Im Nätionalrat erfuhr
1230 3121 2251 3198 man von diesem Verbot gestern mittags und die
1232 3167 2256 3247 Sozialdemokraten brachten #son eine dringliche
1224 3206 2243 3294 Anfrage ein. Worauf es, wie bereits erwährt, zu
1229 3265 2243 3342 einer äußerst lebhaften und anregenden Ausein¬
1224 3310 2249 3380 andersetzung kam. Man ließ auf beiden Seiten das
1235 3358 2252 3432 schwerste Geschütz auffahren. Dr. Glanz erklärte
1223 3410 2244 3488 unter dem demonstrativen Beifall der Christlichso¬
1223 3454 2242 3535 zialen, jeder anständige Menich werde ihm recht ge¬
1220 3506 2247 3584 ben, und Seitz, der liebenswürdige, süße Seitz,
1217 3548 2246 3626 wurde geradezu revolnzerisch; er kündigte den
1226 3596 2250 3667 Christlichsozialen an: „Wenn Sie mit bewaffneter
1223 3645 2247 3718 Gewalt vorgehen, so werden die Sozialdemokraten
1220 3699 2226 3779 auch bewaffneten Widerstand entgegensetzen.“
1269 3750 2246 3832 Man steht hier vor zwei Lügen, einer christlich¬
1230 3798 2235 3875 sozialen und einer sozialdemokratischen. Wer soll
1220 3847 2232 3917 den Christlichsozialen die sittliche Entrüstung über
1225 3891 2228 3970 die „Reigen“=Aufführung glauben? In Wien wer¬
1215 3939 2242 4020 den nicht erst seit gestern, sondern seit Jahren, seit
1225 3986 2226 4075 Jahrzehnten die schweinischesten Stücke aufgeführt.
1224 4036 2242 4107 Haben sich die Christlichsozialen jemals darüber
1226 4076 2167 4162 aufgeregt? L sa, ihre Prosse hal sil 16972 ###
