3484 4224
1024 98 1423 190 box 17/1
330 87 834 199 11. Reigen
352 845 1491 925 gerundete, vor dem Spiegel einstudierte Bewegungen
349 893 1493 963 kräftiger Gliedmaßen. Keine Spur, nicht der leiseste
347 953 1486 1019 Ansatz zum Rhythuns, keine Abwechslung, keine Bravour,
347 994 1480 1070 nicht ein Funken von Temperament. Zweite Enttänschung
340 1042 1485 1121 Das sollte die neue Schönheitslinie sein? Die mußte ja
349 1102 1493 1161 mehr oder minder jede halbwegs ausgebildete Ballerine
338 1142 1479 1217 beherrschen, und noch eine Unsumme von Technik dazu
340 1193 1495 1279 von der das Fräulein Duncan keine Ahnung zu haben
353 1239 1484 1320 scheint! Und was soll denn überhaupt diese ganze
351 1297 1489 1362 „Idyllentänzerei“?! Die Schäferin, die um ihren Ge¬
334 1343 1477 1409 liebten trauert, die Bajadere, die sich ihren Rajal
343 1396 1481 1462 erlangen will, Jo, die vor dem herrannahenden
337 1432 1478 1515 Zeus erzittert, der Bienentanz, der Fächertanz, das
349 1488 1335 1547 sind ja lanter uralte Balletteinlagen, die
333 1538 1486 1588 alle schon viel besser und in unterhaltender Um¬
345 1583 1481 1647 gebung gesehen hat! Und da hat man wenigstens immer
338 1644 1485 1699 gewußt, worum es sich handelt, während man aus
340 1684 1479 1738 den affektierten Posen der bloßfüßigen Dame da droben
339 1735 1421 1790 gar nicht klug werden kann. Dritte Entläuschung. Na
347 1782 1479 1839 und die bloßen Beine und ihre ditto Fortsetzung — was
337 1827 1482 1887 Außerordentliches, als höchstens, daß es ihr die Polizei
336 1877 1485 1931 erlaubt, ist daran auch nicht zu finden. Vierte Ent¬
334 1923 1480 1985 täuschung. Man verließ das Haus, in dem man vor ein
344 1979 1487 2034 und derselben Dekoration eine Frauensperson etwa eine
341 2019 1489 2094 Stunde lang regellos umherspringen gesehen hatte, mit
341 2070 1477 2129 dem Gefühle einer beispiellosen Oede, mit der dunklen
334 2116 1477 2200 Ahnung, für einen grimmigen Aufsitzer ein Heidengeld
340 2167 1468 2229 hinausgeworfen zu haben. Aber: das behielt „man
334 2216 1486 2287 klüglich für sich. Und so kam es, daß, trotzdem die
337 2264 1476 2337 Reklametänzerin bei ihrem Debüt um ein Haar lautlos
337 2310 1479 2370 durchgefallen wäre, „man“ auch ihre folgenden Vor¬
331 2361 1483 2426 stellungen besuchte. Mochte ein Besonnener einen anderen
331 2421 1478 2469 noch so eindringlich vor dem Hereinfall warnen — es
337 2459 1473 2526 nützte nichts, der andere ging hin und ließ sich willig um
333 2511 1479 2575 sein Geld und oft auch um seine Ueberzeugung prellen.
337 2554 1478 2627 Also auch hier die vierte Dimension als Siegerin
331 2600 852 2670 über jede bessere Einsicht.
428 2642 1477 2713 Drehen wir nun das Kaleidoskop wieder nach der
331 2696 1472 2770 literarischen Seite hin. Da fällt eine wunderliche Kon¬
332 2752 1484 2825 stellation auf. Ein Literat wird mit einer Ehrengabe
332 2810 1471 2865 ausgezeichnet, deren Verleihung im Namen und im Sinne
337 2859 1484 2918 eines der vornehmsten Geister Oesterreichs erfolgt. Genau
329 2907 1478 2989 zur selben Zeit veröffentlicht dieser Literat ein Buch,
1521 867 2656 928 dessen Inhalt und Darstellungsweise das Sittlichkeits¬
1531 916 2673 984 gefühl jedes anständigen Menschen aufs gröbste verletzen
1532 970 2668 1028 muß. Es ist die Sammlung „Reigen“, zehn Dialoge von
1523 1011 2668 1069 Artur Schnitzler. Das Buch nimmt genau denselben
1532 1059 2668 1120 lirerarischen Rang ein wie jene Preßerzeugnisse, die von
1534 1109 2653 1174 Hausierern insgeheim in Gasthäusern feilgeboten und von
1533 1167 2654 1224 verdorbenen Schuljungen „unter der Bank“ gelesen werden.
1532 1206 2665 1269 Es läßt sich daraus nur das eine entnehmen, daß der
1528 1251 2654 1311 Verfasser das Metzenwesen aller Stände in Wien genau
1518 1301 2651 1362 in Augenschein genommen hat und aus diesen Kreisen
1521 1349 2656 1411 die ethischen Momente seiner Psychologie holt. Ein anderes
1533 1400 2662 1452 Wien als das Wien der Buhlerin kennt er nicht, was
1518 1449 2656 1507 er übrigens auch in seinen früheren Schriften bewies. Es
1522 1502 2654 1564 wäre also über das wertlose Buch, bei dem nur auffällt,
1521 1543 2655 1612 daß es nicht verboten wurde und daß sein Verfasser
1525 1599 2654 1655 nicht ein zünftiger, verachteter Pornograph, der Autor
1524 1644 2653 1704 obszöner literarischer Photographien ist, sondern auf den
1530 1690 2660 1740 Titel Schriftsteller Anspruch macht und aus der Bauern¬
1516 1739 2658 1801 feld=Stiftung preisgekrönt wurde, an sich nichts zu be¬
1527 1800 2652 1866 merken. Aber just diese horrende, verletzende Dissonanz
1525 1837 2663 1899 zwischen der Bewerbung des „Dichters“ und seinem
1523 1893 2658 1951 Werke bildet den Schlager. Es bliebe, witzlos=gemein,
1519 1938 2648 1997 wie es ist, ungelesen, hieße sein Verfasser Müller oder
1523 1983 2662 2046 Lehmann; aber das Werk des „Dichters“ Schnitzler, das
1522 2033 2652 2089 den sexuellen Schmutz aufwühlt, wird einen kolossalen
1521 2083 2653 2143 Absatz finden und selbst die vorstehenden, gewiß nicht
1515 2132 2647 2184 empfehlenden Zeilen tragen dazu bei. Schnitzlers Speku¬
1517 2180 2647 2238 latton in der Wahl des Zeitpunktes für die Herausgabe
1517 2229 2650 2282 dieser vor 6 bis 7 Jahren geschriebenen Dialoge war
1517 2280 2651 2342 eine kluge. Er kennt nicht bloß die Gemüter von Dirnen,
1524 2323 2647 2384 sondern offenbar auch die Macht der vierten Dimension
1612 2371 2657 2444 Wir haben sie nun an einigen Fällen illustriert, die
1520 2422 2651 2490 leicht zu vermehren wären, z. B. durch die Geschichte von
1524 2472 2640 2524 der Märchentiara; des obskuren Skythenkönigs Saita¬
1522 2522 2656 2582 phernes. Und wir wissen auch, wer auf unspiritistischem
1526 2566 2647 2633 Gebiete ihre mise en sedne besorgt, von Trebitsch bis
1513 2620 2645 2670 Schnitzler, von dem Impresario der Duncan, Alexander
1516 2668 2652 2727 Groß, bis zum Verfertiger des „antiken“ Helms, Israel
1520 2711 2647 2771 Rachumnovsky. Nur die Anna Rothe, die ihre Geister
1525 2762 2644 2829 aus dem Reiche der vierten Dimension plump und
1519 2807 2653 2872 lächerlich sächseln ließ, steht dem Stamme nach abseits.
1522 2859 2651 2927 Und die ist auch glücklich wegen Schwindels auf drei¬
1514 2914 2197 2985 einhalb Jahre eingesperrt worden.
2513 2915 2612 2983 1—.
2917 914 3362 1017 Die Tochter
2785 1006 3373 1069 Die Gegend des oberen Od
2695 1047 3366 1109 noch von den Zügen des sudet
2718 1104 3358 1159 iumt wird und wo, fast gegen
2701 1150 3366 1208 Vorberge der Beskiden ihre rui
2700 1207 3356 1265 heben, ist trotz dieser Zeugen der
2700 1250 3356 1309 zeitliches Land, dessen Geschichte
2694 1308 3322 1359 mit dem alten historischen Abel
2699 1345 3335 1419 blicken ja zurück auf epochale
2702 1396 3359 1452 weltgeschichtliche Ereignisse aus
2704 1451 3365 1504 vanderung, und hie und da wu
2690 1492 3364 1572 zerstört, als jene schlefischen Gebi
2697 1540 3109 1609 der Geschichte traten.
2793 1587 3355 1655 Aber interessant und lehrreic
2703 1630 3365 1711 Gegend deshalb doch nicht mi
2695 1687 3370 1753 soeben vollendet vorliegendes dan
2694 1735 3351 1807 werk zur Geschichte der österreich
2697 1787 3331 1860 Odrau und ihres Bezirkes*),
2696 1834 3370 1910 Folgerung und alles weiterfü
2703 1880 3352 1950 nthält, zum Anlaß dieser Zeilen
2700 1931 3360 1991 eben um des Interesses will
2693 1973 3362 2049 beschreibung dieser von schwerge
2695 2027 3271 2097 heit freien Landstriche bietet.
3271 2028 3364 2096 I
2691 2073 3347 2146 ist österreichisch im Sinne der
2708 2122 3352 2188 elbst und nicht minder sind
2692 2181 3357 2249 Desiderien, die sich aus der Betr
2690 2220 3338 2294 heit und Gegenwart dieser Orte
2787 2268 3363 2339 Ueber die Zeiten des österre
2684 2304 3341 2388 die Geschichte von Odrau nicht
2684 2368 3367 2431 diese Gegenden von Marbods Mi
2691 2415 3356 2481 Böhmen und Mähren zu Anfar
2696 2461 3363 2526 Rom bedrohte, meteorgleich entste
2688 2513 3357 2570 von Hermann dem Cherusker besi
2688 2560 3371 2616 löschend. Kaum wissen sie et
2703 2610 3362 2677 lavischem Staate, in dem zum
2692 2657 3340 2724 jenes Geistes zu erkennen sind,
2688 2709 3354 2783 später in den Hussiten aufloderte
2688 2759 3363 2819 unität fortlebte, die jene Landst
2693 2802 3351 2868 einflußt haben. Nur die Sage we
2775 2874 3347 2935 *) Geschichte der Stadt und des
2664 2910 3352 2998 Professor Anton Rolleder in Steyr. 19
