3392 4416
198 244 362 298 90 Heller
652 240 1583 314 Vernaltung: VIII., Alserstraße 69. — Tel. 11.186.
1718 251 2777 322 Moni#l mit Postversand: 22 K — 11.25 Mk. — 7.50 Fres.
2129 322 2218 383 1
1841 383 2840 480 ie sich schon nicht sattessen können, wenigstens eine
757 411 1771 515 Und wilder und wilder der
1832 460 2846 513 Unterhaltung haben. Sie sollen sich ein bißchen zer¬
1831 504 2841 562 streuen, nicht immer an ihre elende Lage denken,
888 495 1628 611 Reigen sich schlingt.
1825 557 2849 615 denn diese Grillenfängerei tut ihnen nicht gut. Sie
1822 602 2842 670 könnte sie auf ketzerische Gedanken über die Sozial¬
803 589 1768 697 So aufgeregt wie gestern hat sich, die Arbeiter¬
1823 647 2834 733 demokratie bringen. Also nicht den Kopf hängen
760 644 1771 718 zeitung“ schon #lang nicht gebärdet. „Die Macht¬
1829 697 2841 760 lassen! Lustig sein! Es gibt eine große Hetz'! Die
759 719 1774 776 probe des Ka#dinals“, Der Gesetzbruch des
1832 740 2832 808 Christlichsozialen werden frech, sie bedrohen die gei¬
750 760 1768 825 Glanz", „Die Provokation und ihr Echo“, „Das
1832 792 2839 859 stige Freiheit, sie wollen die Verfassung umbringen.
756 800 1774 873 Verbot und die Antwort des Bürgermeisters“, „Der
1830 840 2843 910 Auf in den frischfröhlichen Krieg gegen die Ver¬
757 857 1767 917 weitere Verlauf", „Ein Gerichtsurteil über den
1835 886 2833 956 pfaffung! Antiklerikale Redensarten sollen die Ar¬
763 902 1767 958 „Reigen““ — mit diesen Berichten und Betrach¬
1829 930 2509 1001 beiter ihre Nöte vergessen machen.
756 948 1769 1003 tungen über den „Reigen"=Streit hat das Blatt
1883 981 2831 1047 Denn nur um Redensarten handelt es sich Seitz
753 1002 1777 1061 gestern beinahe dreieinyalb von seinen sechs Text¬
1827 1031 2839 1097 und die Seinigen wissen sehr gut, daß nichts so heiß
761 1049 1764 1108 eiten gefüllt. Wie gesagt: so etwas ich schon lange
1831 1073 2840 1149 gegessen wird, wie es gekocht worden ist, daß die
760 1092 1775 1150 nicht dagewesen, ja, seit der glorreichen Revolution
1833 1125 2842 1194 Ankündigung des Straßenkampfes noch lange nicht
751 1136 1765 1216 überhaupt noch nicht. Aber es hat sich gestern auch
1825 1170 2815 1235 den Straßenkampf bedeutet. Die „Arbeiterzeitung
756 1188 1769 1243 nicht um einen Pfifferling gehandelt, es ist um
1833 1234 2839 1291 hat es auch schon ausgeplaudert, daß es nur auf
750 1238 1776 1289 große Dinge gegangen: die klerikale Reaktion be¬
1825 1276 2835 1317 eine Komödie abgesehen ist, die die Arbeiter täu¬
761 1288 1768 1335 droht die geistige Freiheit, die Regierung hat, weil
1830 1313 2832 1393 schen soll. „Der Herr Glanz, so erklärt sie, „hat
751 1333 1768 1386 es die Finsterlinge so wollten, einen Verfassungs¬
1825 1369 2838 1428 nun die Wahl, mit seinen Gesetzesverletzungen in¬
745 1376 1774 1440 bruch begangen! Sollten, durften, konnten die So¬
1832 1425 2838 1484 nezuhalten oder sie zu steigern; die Untersagung, die
752 1429 1765 1479 zialdemokraten das ruhig hinnehmen? Müssen sie
1821 1465 2835 1531 er sich geleistet hat, wird keinen Ertrag haben.“
755 1474 1769 1534 den Kampf für Wahrheit, Freiheit, Recht und Licht
1825 1503 2832 1578 Merkwurdig, sehr merkwürdig. Der Herr Glanz
759 1521 1779 1573 nicht jederzeit und überall aufnehmen? Auch dann
1836 1559 2832 1613 at die Verfassung verletzt. Also müssen die Sozial¬
746 1571 1772 1627 aufnehmen, wenn sich die konterrevolutionäre Ak¬
1825 1608 2833 1659 demokraten, sollte man meinen, den Kampf gegen
750 1616 1776 1669 tion der Christlichsozialen scheinbar nur gegen ein
1829 1647 2831 1714 ihn fortsetzen, bis er verschwunden ist. Aber so bös
751 1662 1776 1728 Theaterstück richtet, zu dem die Masse des Volkes
1831 1696 2835 1753 sind sie nicht. Sie wollen abwarten, ob der Herr
754 1713 1768 1796 überhaupt keine Beziehungen hat, das ihr also
1826 1749 2836 1809 Glanz seine Gesetzesverletzungen. steigern wird. Tut
750 1756 1059 1829 gleichgültig ist?
1828 1796 2841 1877 er's nicht, hält er in seinem verfassungsbrecherischen.
792 1813 1774 1883 Ganz gewiß: wer die Reaktion nicht aufkommen
1830 1836 2739 1909 Treiben ine, so wird ihm Verzeihung werden.
760 1850 1763 1924 assen will, der muß ihr doch auf die Finger klopfen,
1873 1881 2837 1957 Und Glanz will wirklich innehalten. Er läßt er¬
746 1901 1766 1968 auch wenn der Anlaß, aus dem sie frech wird, nicht
1825 1933 2842 2000 klären, daß er nicht Gewalt anwenden, sondern den
744 1956 1776 2010 gerade wichtig ist. Daß also die Sozialdemokraten
1828 1984 2833 2041 Verfassungsgerichtshof anrufen wird. Und der
755 2004 1775 2063 den Christlichsozialen und der Regierung wegen des
1826 2036 2827 2092 „Reigen“ kann einstweilen weiter gespielt werden.
757 2046 1769 2107 Verbotes der „Reigen“=Aufführungen einen Tanz
1828 2081 2831 2158 So sorgen beide Teile dafür, daß aus dem heiteren
746 2104 1775 2157 gemacht haben, ist an sich gar nicht so lächerlich, wie
1821 2129 2824 2180 Spiel nicht etwa trauriger Ernst wird. In einer ge¬
745 2143 1773 2205 die bürgerliche Presse, die liberale wie die klerikale,
1821 2172 2825 2231 heimen Koalition muß es, wenn sie geheim bleiben
747 2186 1765 2251 behauptet. Ueberwältigend komisch aber wirkt die
1834 2226 2827 2287 oll, von Zeit zu Zeit eine kleine Katzbalgerei geben.
755 2236 1760 2294 sozialdemokratische Aktion, wenn man sie im Zu¬
1827 2269 2834 2334 Aber sie darf natürlich nicht ausarten. Nun, der
764 2274 1774 2341 amenhange mit der Politik, die die Sozialdemo¬
1831 2313 2823 2369 Streit um den „Reigen“ wird nicht ausarten. Die
742 2336 1767 2391 kraten sonst machen, betrachtet. Da fällt einem näm¬
1819 2363 2837 2436 Wüteriche auf beiden Seiten wissen, daß sie mit
735 2380 1766 2428 lich sofort auf, daß der Entschluß der Sozialdemo¬
1818 2407 2824 2471 Maß und Vernunft rasen müssen, wenn die Koali¬
743 2422 1760 2482 kraten, für die Verfassung, wenn es sein muß, den
1832 2459 2826 2521 ion nicht gefährdet werden soll. Und die Koalition
742 2473 1767 2538 Heldentod zu sterben, noch nicht sehr alt sein kann.
1832 2504 2830 2579 st ihnen doch das höchste, besonders den Sozial¬
742 2526 1763 2586 Denn sie haben sehr viele Anlässe, zur Sicherung
1819 2550 2061 2614 demokraten.
750 2571 1760 2622 der Verfassung die Waffen zu ergreifen, nicht be¬
745 2618 1773 2670 nützt. Sie haben z. B. ruhig mitangesehen, daß die
754 2665 1763 2727 Christlichsozialen die Bauern mit Waffen versorg¬
736 2709 1765 2772 ten, daß sich Offiziersformationen und Heimwehren
742 2759 1769 2811 bildeten usw. Das waren doch sehr ernste Angriffe
749 2803 1767 2859 auf die Verfassung oder doch sehr zweckmäßige Vor¬
747 2854 1770 2928 bereitungen zu solchen Angriffen! Aber wenn die
745 2902 1763 2961 Kommunisten das sagten, erklärten die Sozialdemo¬
742 2951 1768 3006 kruten sie für Gespensterseher. Und auch sonst ließen
749 2996 1769 3051 sie die Gelegenheit, im Interesse der Arbeiterklasse
739 3048 1769 3107 mit den Christlichsozialen ein Tänzlein zu wagen
801 3088 1757 3143 sie war seit dem Umsturz jeden Tag gegeben —
743 3135 1769 3187 immer ungenützt vorübergehen. Jetzt auf einmal
752 3223 1765 3286 Christlichsozialen den „Reigen“ nicht auf der Bühne
746 3280 1752 3341 dulden wollen. Wer kann sich da des Lachens er¬
743 3327 907 3383 wehren?
794 3350 1759 3438 Aber die sozialdemokratische Aktion zur Rettung
743 3426 1759 3483 der Verfassung ist nicht nur lächerlich, sondern auch
752 3466 1752 3521 ehr verdächtig. Die Sozialdemokraten sind nicht so
751 3513 1757 3576 dumm, wie sie sich jetzt stellen. Der alte, ehrliche
745 3563 1758 3613 Seitz weiß schon, warum er der Regierung für den
744 3611 1759 3671 Fall, daß sie es wagen sollte, die „Reigen“=Auf¬
753 3660 1757 3707 führungen mit Gewalt zu verhindern den Barri¬
727 3711 1759 3768 #abenlünchl antündigt. Die Arbeiter sollen, wenn
