3444 4320
989 100 1409 199 box 17/5
288 116 807 208 11. Reigen
1056 549 1323 647 Theater.
960 629 1401 717 Von Hans Liebstoeckl.
1150 707 1198 767 1.
747 728 1726 824 Es bleibt der Schlußpunkt hinter Sc#huitlers
421 728 604 847 27 2
622 784 1722 867 „Reigen“ zu setzen; festzustellen bleibt, was die Auf¬
632 858 1733 921 führung für den Dichter zu tun vermochte; zu sagen
627 904 1724 956 hab' ich, ob sie Einwände besänstigt, Bedenken zer¬
634 953 1729 1018 streut hat. Der Wiener Poet verfocht seine Sache gegen
620 1006 1719 1069 M. Harden mit Geschick und die Berliner Behörden des
629 1054 1716 1106 Poeten Sache gegen die Eiferer im Reiche mit erstaun¬
628 1103 1730 1166 lichem Geschick und bei Behörden feltenem Wohlwollen.
627 1156 1731 1211 Die zehn Stücke aber, biskret gedämpft, um die neun
625 1200 1724 1260 Gefährlichkeiten glücklich herumgesteuert (bei verfinster¬
634 1249 1731 1308 ter Bühne im entscheidenden Augenblicke) erwiesen des
626 1301 1727 1356 Autors feine Beobachtungsgabe, sein Bescheidwissen um
626 1349 1732 1406 die Beiwohnungsnot in allzu irdischen Zufallsliebeleien
633 1402 1717 1460 und erwiesen vor allem große Opferwilligkeit der fünf
625 1445 1717 1514 Schauspielerinnen, deren jede den Vorzug genoß, öffent¬
623 1505 1719 1564 lich zu nehmen, indem sie gaben... Paarung ist Pri¬
621 1551 1733 1625 vatsache zweier (höchstens dreier) Personen. Wer Paa¬
619 1595 1716 1655 rung auf die Bühne bringt, müßte den Mut besitzen,
622 1649 1731 1700 alles zu wagen, auch das Schlimmste vom Besten. Die
619 1692 1730 1749 Aufführung des „Reigens“ gibt bloß den Kitzel, nicht
619 1748 1738 1803 die Lösung. (Nach der nächsten Revolution wird man
616 1794 1732 1880 nur noch die Lösung spielen). Die Aufführung gibt...
740 1924 1735 1980 Die Aufführung gibt der Schauspielerin Keller
629 1962 1741 2044 Gelegenheit, zu zeigen, wie einfach alle Schauspiel¬
627 2023 1732 2072 kunst ist, wenn sie nicht als solche geübt wird Daß
635 2071 1731 2123 inmitten der Unnatur, die auf unseren Bühnen heimisch
620 2119 1730 2170 ist, natürliche, dem wahrhaftigen Leben abgelauschte
627 2168 1718 2221 Geste und Worte ohne Umschweif auf das Herz des
615 2205 1715 2271 Zuschauers losschreiten, daß es wirklich „süße Mädeln“
627 2268 1726 2326 gibt, auch auf dem Theater, fast glaubt' ichs (wenn
636 2305 1730 2365 von Nachwuchs die Rede ist) nicht mehr. Ohne Pausen
627 2360 1734 2422 und Löcher, ohne Rucker spiele, so spielen, daß die
621 2418 1726 2475 „Ralle“ nicht ab und zu leer läuft, daß plötzlich eine
619 2463 1722 2518 Figur dasteht, die alles Theater verschwinden macht, das
615 2511 1723 2575 ist wahrhaftig Kunst über dem, was sonst im Mimenreich
619 2549 1714 2620 Kunst heißt. Neben der Keller war, aufs neue, die
625 2605 1716 2657 Virtuosität im Sprechen zu bewundern, die Frau
618 2661 1724 2715 Olly vor ihren Kolleginnen auszeichnet. Wenn das
630 2701 1728 2760 Wort richtig sitzt, wenn die Schauspielerin iebendig
633 2745 1719 2817 spricht (bei milde funkelnden Vokalen, die scharf und
625 2806 1729 2871 sein in Konsonanten gefaßt sind), kommt alles übrige
619 2852 1724 2924 von selbst; ich sagt' es oft: das Wort macht die dar¬
1861 2889 1894 2923 98
1860 2983 1896 3027 *
1772 542 2874 624 stellende Kunst. Aehnliches gilt von Herrn Lackner;
1769 612 2882 660 er spricht und spielt famos, er kann zeichnen, er gibt
1769 657 2882 724 in einfachsten Linien das volle Bild. Und nun, da der
1768 707 2878 763 Streit um den „Reigen“ vorbei ist, bleibt es bei dem,
1768 758 2870 824 was ich kürzlich schrieb: gebt von der Geschlechtlichkeit
1774 803 2868 871 Zauber nur das Notwendige, nur die edlerer Naturen,
1771 857 2870 913 solange keine Bühne für ideale Zuschauer dasteht. Keine
1781 907 2865 961 sittliche, eine ideale Forderung stell' ich, und das trennt
1775 955 2869 1006 mich von Rom, in dessen Hand sich alles in Politik
1772 998 2004 1057 verwandelt.
2058 1911 2931 2019 Schnitzlers „Reigen“ in Wien.
1943 1982 3118 2058 Unfer Winer lilerarister Verfreheh schteibt und: Wenn ein
1844 2052 3117 2104 Bülziendichter durch ein Vierteljahrhundert die Bekanntschäft
1871 2084 3135 2139 mit einem Werk nur im Wege des Büchhandels vermittelt, ob¬
1879 2128 3119 2184 zwar es sich um kein sogenanntes Bu#l#rama handelt, so ist es
1874 2173 3125 2225 einleuchtend, daß er hierzu zwingende Gründe hat. Arthur
1870 2210 3124 2258 Schnitzler hat die zehn al fresco hins###orfenen Skizzen aus
1877 2245 3127 2305 dem Liebesleben, die Menschliches, allzk Menschliches in einer
1876 2288 3119 2338 allerdings mitunter entzückenden und sstets Niveau=haltenden
1880 2325 3120 2378 Form behandeln, 1896 in einer seiner AiatolsStimuen ver¬
1874 2364 3119 2418 faßt, dabei aber, wie er mir oft und ft lersiche##e. ans Theater
1889 2408 3116 2454 absolut nicht gedacht. Seit vielen Jahren haben nun die Teater¬
1881 2445 3132 2496 direktoren um den Dichter des „Reigen“ förmlich einen Reigen
1877 2485 3122 2535 aufgeführt, um ihn zu bewegen. das Interdikt, mit welchem er
1863 2518 3137 2581 sein Werk beleat bat. anfaubeben. Veraebliche Mühe. bezichunas¬
1921 2609 3155 2675 weise in diesem Falle vergebliche — Liebesmüh'! Endlich hat sich,
1924 2655 3160 2713 umsomehr als auch die Zensurfesseln seit dem Umsturz erheblich
1913 2693 3156 2755 gelodert wurden, Schnitzler bestimmen lassen, unter gewissen
1916 2732 3151 2799 Voraussetzungen die Bedenken zurückzustellen, welche ihn bisher
1917 2766 3158 2816 von einer Bühnenaufführung seines „Reigen“ abhielten. Es
1917 2808 3153 2874 waren gewiß berechtigte künstlerische Bedenken, und fern von
1913 2849 3159 2912 aller Prüderie kann man nur lebhaft bedauern, daß Schnitzler
1918 2880 3148 2944 den Lockungen gegenüber nicht standhaft geblieben ist. Sein
1912 2920 3148 2981 Dichterruhm wird allerdings durch die Aufführung enso wenig
1915 2962 3141 3026 geschmälert, als erhöht werden. Das erovische Moment, welches
1915 2998 3143 3063 in einer bisher noch nicht dagewesenen Unverhülltheit sozusager
1915 3036 3134 3101 den Liebesreigen anführt, wird in der Aufführung de¬
1906 3077 3141 3137 Kammerspiele des Deutschen Volkstheaters tun
1906 3113 2989 3183 lichst zurückhaltend dargestellt. Erns mirs ein ansate##
