3532 4224
12 3915 120 3984 15 Gia
11 3970 124 4021 ig nick
723 22 2510 89 A en rgenenen en enen en ene enenee
717 56 1597 105 den =Reigen“ nicht gesehen und bin deshalb mit
1639 66 2505 133 kennen zu können, ov jemand „lästern“ lacht oder
719 92 1599 149 dem Regierungsrat Biermann in die Vorstellung
1631 109 2515 171 aus Freude an dem im Stück ständig zutage
715 124 1593 186 gegangen. Ich habe im Theater sofort den Ein¬
1628 145 2512 213 treienden Humor. Sie sagen, daß das Stück in
725 171 1588 220 druck gehabt, daß etwas Anstößiges, Aergernis er¬
1630 182 2502 252 keiner Weise abschreckend gewirkt habe. Ist Ihnen
725 213 1588 264 regendes vorgeführt werde. Ich kann sagen, daß
1626 221 2507 286 vielleicht klar geworden, daß der ethische Gebanke,
723 250 1586 296 ich an jeder Szene Anstoß genommen have; ins¬
1632 259 2502 323 der in dem Stück liegt, auch etwas anderes sein
718 287 1587 332 besondere wurde durch die fünfte Szene das Ge¬
1631 296 2501 361 kann als bloß die abschreckende Wirkung? Haben
707 322 1587 376 fühl vieler Kreise auf das tiefste verletzt. Diese
1639 332 2485 416 Sie sich schon gefragt, weshalb das Stück „Reigen“
706 372 1601 422 ethisch völlig indifferente Behandlung gewisser
1629 371 1761 424 heißt?
1643 463 2493 550 Zeuge: Weil ein gewisser ero#scher Rhythmus
1621 504 2116 579 durch das ganze Stück geht.
1661 542 2496 608 Rechtsanwalt Heine: Haben Sie nicht das
1616 579 2490 658 Empfinden gehabt, daß sich durch das ganze Stück
1615 631 2474 695 ein melancholischer Gedanke über die Nichtig
1613 664 2490 739 keit dieses gewöhnlichen Geschlechtdlebens hin¬
1612 702 1796 765 durchzieht
1862 713 1928 757 und
1986 713 2415 768 daß dieses Treiben
2414 724 2487 769 ein
1620 743 2492 809 Zirkel ist, aus dem nichts herausführt? Ist Ihnen
1619 788 2475 848 nicht der melancholisch leidende Humor aufgefal¬
1612 821 2478 884 len, der über dem ganzen liegt, und daß das der
1609 859 2360 920 künstlerische Sinn des ganzen Stückes ist?
1643 896 2475 965 Zeuge: Nein, das ist mir nicht klargeworden.
1609 924 2475 1001 Ich habe nur den Eindruck der völligen ethischen
1601 968 1826 1033 Indifferenz.
1636 996 2489 1078 Rechtsanwalt Dr. Rosenberger: Ist vor¬
1599 1044 2489 1133 her in Ihren Kreisen über das Stück gesprochen
1601 1092 2302 1149 worben, was daran anstößig ist usw.?
1645 1123 2486 1195 Zeuge: Die Sache ist damals ausführlich be¬
1607 1149 2481 1225 sprochen worden. — Rechtsanwalt Dr. Rosen¬
1598 1205 2483 1257 berger: Sie haben selbst gesagt, daß die Staats¬
1605 1248 2475 1300 anwaltschaft den Anstoß gegeben hat, sich das
1601 1284 2486 1349 Stück anzusehen? — Zeuge: Ich bin aber nicht
1602 1320 2477 1384 im Auftrag meiner Organisation, sondern aus
1600 1361 2469 1418 eigener Inttiative hingegangen. — Rechtsanwalt
1596 1396 1703 1445 Dr.
1695 1401 2470 1456 Rosenberger: Als Sie hingingen,
1598 1436 2477 1494 wußten Sie aber schon, daß es sich um ein Stück
1600 1475 2478 1533 handelt, an dem Sie Anstoß nehmen würden?
1655 1515 2465 1585 Zeuge: Jawohl, das mußte ich aus den Vor¬
1588 1547 2066 1604 besprechungen entnehmen.
1639 1584 2472 1660 Rechtsanwalt Dr. Rosenberger: Haben
1600 1614 2304 1685 Sie die Elntrittskarten selbst gekaust?
1640 1667 2470 1744 Zeuge: Nein. Sie waren vom Polizeipräsi¬
1589 1699 1996 1762 dium besorgt worden.
1632 1745 2481 1817 Rechtsanwalt Dr. Rosenberger: Wer hat
1592 1779 2085 1845 Ihnen die Karten gegeben?
1641 1819 2476 1894 Zeuge: Herr Professor Brunner. (Be¬
1586 1844 1757 1911 wegung.)
1617 1879 2474 1956 Rechtsanwalt Dr. Rosenberger: Es han¬
1580 1917 2472 1990 delt sich also um ein. wohlorganisiertes Aerger¬
1581 1974 2385 2036 nidnehmen. Die Verteidigung spielt hier
2377 1988 2464 2032 mit
1597 2013 2385 2075 offenen Karten und spricht es offen aus:
2375 2026 2460 2076 Wir
1586 2055 2462 2110 werden jeden Zeugen danach fragen, ob sich hier
1590 2092 2462 2145 Herr Professor Brunner als Organisator und
1598 2131 2459 2204 Aaspirator dieses Systems vorher bestellten
1585 2152 2152 2225 Aergernisnehmens betätigt hat.
1615 2198 2460 2267 Rechtsanwalt Wolfgang Heine: Die Staats¬
1585 2236 2464 2308 anwaltschaft hat an zweiundzwanzig Organi¬
1586 2280 2465 2356 sationen die Anfrage gerichtet, ob sie Anstoß
1575 2318 1730 2369 nehmen.
1616 2336 2137 2424 Als Zeugin wird hierauf die
1674 2401 2357 2486 Generalsekretärin der Deutschen
1817 2462 2210 2531 Bahnhofs=Mission.
1582 2502 2446 2583 Fräulein Reineck, vernommen, welche ebenfalls
1583 2561 2449 2620 den „Reigen“ zweimal gesehen hat. Die Zeugin
1570 2601 2459 2657 bekundet: Mein Beruf zeigt mir stets die großen
1577 2640 2456 2700 Gefahren, welche die naturalistische Lebens¬
1568 2682 2442 2740 anschauung mit sich bringt. Ich bin zum ersten
1576 2716 2445 2768 Male auf meine Kosten in die Vorstellung ge¬
1571 2759 2450 2816 gangen, und ich kann nur sagen, daß mein sitt¬
1576 2797 2441 2853 liches Empfinden von Anfang bis Ende durch
1568 2832 2455 2896 dieses Stück auf das tiefste gekränkt wurde. In
1569 2877 2441 2937 zehn Bildern wurden Frauen vorgeführt, welche
1566 2912 2449 2981 ihre weibliche Ehre und Würde völlig vergaßen.
1565 2951 2446 3008 In drei Szenen handelte es sich um Frauen im
1566 2988 2435 3041 Beit vor und nach einem unsittlichen Verkehr.
1561 3031 2436 3089 In dem ganzen Stück kommt, gewissermaßen als
1556 3070 2448 3132 Ausgleich, nicht eine einzige anständige
1566 3105 2447 3164 Frau oder Mädchen vor, es handelt sich stets
1563 3139 2441 3201 nur um die Darstellung der niedrigsten sexuellen
1559 3185 2444 3245 Triebe der Menschen, durch welche jede anständige
1564 3222 2438 3275 Frau in ihrer Frauenehre tief beleidigt sein muß.
1556 3263 2441 3319 In dem ganzen Stück handelt es sich von Anfang
1565 3280 2439 3366 bis Ende um den Geschlechtsverkehr niedrigster
1566 3336 2434 3396 Art. Besonders anstößig war die Stelle, an der
1555 3379 2429 3438 ein Soldat ein junges Dienstmädchen verführt und
1554 3409 2434 3464 dann auf bessen Frage: Hast du mich auch lieb?
1551 3458 2429 3502 zynisch antwortet: „Das hast du doch eben ge¬
1558 3498 2439 3553 merlt!“ Ebenso anstößig ist die Szene, in der die
1564 3530 2427 3581 Schauspielerin alle Mittel anwendet, um den
1564 3572 2438 3627 „Grafen“ zu einem Verkehr zu veranlassen und
1552 3606 2437 3657 dadurch an sich zu keiten. Das war das peinlichste
1553 3651 2440 3705 und demütigste, was einer Frau passieren kann,
1558 3684 2428 3738 sehen zu müssen, daß öffentlich dargestellt wird,
1547 3712 2064 3773 wie sich Frauen erniedrigen.
1586 3756 2425 3815 Vorsitzender: Haben Sie auch durch unsittliche
1552 3792 2426 3867 Gesten oder die Kleidung der Schauspielerinnen
1544 3833 1908 3891 Austoß genommen?
1589 3876 2421 3935 Zeugin: Nein. Ich habe den Eindruck ge¬
1537 3909 2429 3967 habt, daß die Künstler selbst durch den Inhakt des
1551 3957 2419 4007 Stückes jene Gesten so bringen mußten, um das
1553 3993 2418 4049 Stück so zu spielen. Auch bezüglich der Musik
1549 4030 2430 4081 kann ich nicht sagen, daß ich sie besonders be¬
1546 4068 1981 4114 strickend gefunden habe.
2041 4068 2420 4117 Ich möchte doch hier¬
2530 472 3398 545 gelegi. Leon Sklarz habe wider Tieu und Glaupen
2522 527 3399 577 gegen sie gehandelt. u. a. eigenmächtig nicht in
2532 574 3402 618 das Geschäft gehörende Buchungen bei der Firma
2528 613 3397 654 veranlaßt, ferner auch ein viele Millionen be¬
2522 649 3387 693 tragendes Valutgengagement in der
2534 688 3395 734 Schweiz heimlich unterhalten. Fer¬
2520 723 3396 789 ner habe er die Firma ohne Wissen der anderen
2526 760 3404 808 Sozien als Bank= und Buchhaltung für Genig
2524 792 3420 862 Sklara benutzt. Der Urteilsspruch ist im Laufe¬
2534 839 2990 904 des Monats zu erwarten.
