3444 4320
267 170 400 251 11.
449 178 775 269 Reigen
150 2471 319 2587 igen
221 2561 712 2695 aufzuführen?
139 2696 721 2759 eigt war, Schnitzlers „Reigen“
170 2735 721 2806 aufzuführen oder nicht, be¬
162 2783 717 2836 l die zünftigen Theaterfach¬
136 2824 725 2885 icht ressortmäßig für Bühnen¬
140 2870 725 2925 besitzen, sondern als Kultur¬
149 2913 735 2981 der Theaterwelt jene Beachtung
166 2961 729 3018 des allgemein öffentlichen Le¬
167 3006 718 3061 demselben Grunde interessiere
154 3056 723 3108 e, die bereits eine leidenschaft¬
158 3087 717 3153 ufen hat. Ist sie ein Vor¬
603 3132 722 3195 echauf¬
313 3133 549 3195 „Reichspost“
176 3131 303 3189 Die
148 3170 730 3235 egen die Aufführung von
150 3230 711 3275 end die „Arbeiter=Zeitung
138 3262 727 3327 flichtet fühlt, den Drohungen
131 3311 722 3365 rteiorganes entgegenzutreten,
138 3348 720 3409 gekündete Attacke der Bestand
148 3402 722 3456 terscheint, sondern weil man
194 3438 726 3497 grundsätzlich nicht zur sieg¬
143 3483 719 3547 en lassen will, gleichviel um
143 3526 732 3586 dabei handelt. Es ist aber
152 3566 725 3634 rung des „Reigen“ eine der¬
141 3621 732 3670 rsetzung in der Öffentlichkeit
152 3659 727 3717 schung darüber, ob es zweck¬
147 3696 719 3774 tung Schnitzlers aufzuführen
144 3775 732 3845 u der Stellungnahme meines
148 3839 732 3909 tten Nummer dieses Blattes,
970 170 1371 260 box 17/5
758 1310 1847 1405 Karikatur der Woche.
1057 1409 1554 1504 Dr. Artur Schnitzler
1392 1471 1858 1536 hat seinen „Reigen“ in den
1386 1517 1855 1592 Neunzigerjahren geschrieben.
847 1639 1028 1746 —4
1106 1834 1263 1950 2
1130 2851 1337 3046 00
894 3217 1701 3288 „Ja, ja, in den Neunzigerjahren...
779 3348 1862 3404 Begleiterscheinungen des Falles, finde ich, so peinlich es
778 3402 1870 3445 auch ist, den gleichen Standpunkt einzunehmen, wie die
778 3438 1872 3496 „Reichspost“, daß ein zwingendes Bedürfnis für die
782 3476 1868 3532 Bühnengestaltung des „Reigen“ nicht vorhanden war und
774 3521 1870 3570 daß durch die Nichtufführung ja sogar durch die Unter¬
789 3565 1860 3612 drückung dieser Arkeit, kein künstlerisches Interesse be¬
779 3611 1866 3663 rührt worden wäre. Gewiß gebührt Arthur Schnitzler
782 3649 1876 3709 Rang und Charakter eines deutschen Dichters, aber nicht
780 3693 1881 3742 weil er den „Reigen“ geschrieben hat, sondern weil er
780 3734 1876 3786 der Welt eine Réihe von Werken gab, die in ihrer Fein¬
778 3782 1874 3838 heit und Schönheit auch noch späteren Geschlechtern Freude
776 3827 1868 3901 bereiten, als eindeutige Dokumente der gegenwärtigen lite¬
2793 563 2946 630 Seite 5
1893 662 2984 734 rarischen Epoche dienen werden. Daß Schnitzler vor mehr
1893 716 2995 779 als zwei Jahrzehnten einen netten, kecken Gedanken aus¬
1902 760 2998 817 gearbeitet hat und seine Arbeit mit einer Reihe von
1900 800 2983 858 Geistesblitzen zierte, besonders aber das Werk in eine
1902 839 2990 903 geistreiche gefältige Form kleidete, darum hat es noch nicht
1899 897 2991 943 die Höhe erreicht, als dichterisches Erzeugnis über die
1893 931 2989 992 Bretter zu gehen, die die Welt bedeuten. Man glaube ja
1909 988 3001 1038 nicht, daß ich ein Verteidiger einer lächerlichen Scham¬
1903 1020 2994 1083 haftigkeit und Prüderie bin, nichts liegt mir ferner, als
1903 1063 2992 1120 etwas Unsittliches oder Anstößiges in der Szenenfolge des
1901 1104 2990 1166 „Reigen“ zu erblicken und jeder, der dem Buch entrüstete
1900 1158 2993 1204 Worte nachsagt, gehört jener Kategorie an, von der
1908 1191 2990 1251 Heinrich Heine wohl in einem anderen Zusammenhang
1907 1236 3003 1295 sagte: „Ich weiß, sie tranken heimlich Wein und predigten
1912 1286 2215 1358 öffentlich Wasser.
1981 1336 3000 1392 Es war notwendig, dies alles vorauszuschicken, um
1904 1385 3009 1437 nicht in den Verdacht einer Muckerseele zu geraten, der
1903 1417 2996 1474 man mit Recht kein Urteil über geistige Arbeit, welcher
1905 1465 3003 1523 Art immer sie sei, zuerkennen darf. Weshalb ich nun den¬
1912 1506 3013 1564 noch der Meinung bin, daß der „Reigen“ nicht aufgeführt.
1913 1554 3011 1613 werden sollte, will ich nun kurz ausführen: Vorerst hat
2912 1597 3010 1645 wohl
1901 1594 2889 1650 der Dichter — und man frage einmal Schnitzler —
1917 1644 2998 1697 m Traume nicht daran gedacht, dem „Reigen“ jemals
1909 1682 3012 1743 Bühnenleben einzuflößen, sondern er hat diese Arbeit
1903 1732 3007 1786 niedergeschrieben aus Spielerei, Liebhaberei, aber nicht,
1908 1778 3004 1834 um ein Bühnenwerk zu schaffen. Und weiters bin ich gegen
1914 1815 3008 1872 die Aufführung des „Reigen“, weil die spekulative Absicht,
1910 1866 3003 1916 die mit der Aufführung verbunden ist, zu deutlich und
1906 1906 3006 1955 häßlich zum Vorschein kommt und ich die Meinung ver¬
1911 1953 3003 2001 trete, daß auch eine Privatbühne ersten Ranges Ver¬
1920 1996 2996 2046 pflichtungen künstlerischer Art besitzt, dagegen nicht das
1909 2044 3002 2092 Recht hat, uner dem Vorwand einer Dichung Bühnen¬
1909 2082 3003 2133 wirksamkeit zu verschaffen, die erotischen Momente als
1909 2117 3010 2182 zugkräftiges Aushängeschild zu benützen. Auch dies mag
1918 2158 3011 2220 gestattet sein, bzw. toleriert werden, in der Art, wie
1914 2205 3005 2261 beispielsweise vor etlichen Jahren ein kleines Theaterchen
1919 2245 3005 2300 Tag für Tag die Leute in „Das Beit“ von Lavedau ge¬
1909 2291 3013 2346 lockt hatte, ohne daß es dem Herrn Direktor eingefallen
1918 2346 3009 2390 wäre, der Welt einzureden, er verfolge mit der Aufführung
1913 2389 3011 2441 die reinsten Absichten und diene damit dem hohen Ideal,
1910 2434 3001 2479 die Kunst dem Volke näherzubringen. Also damit möge
1917 2471 3012 2518 uns der in diesem Genie etwas zu tüchtige Herr Direktor
1917 2509 3019 2562 Bernau gefälligst verschonen, dem vielleicht mein Urteil
1923 2554 3020 2605 über seine Tätigkeit darum nicht ganz gleichgültig sein
1917 2598 3013 2648 dürfte, als ich ja im gewissen Sinne vom Schicksal auser¬
1917 2646 3004 2703 sehen war, Herrn Direktor Bernan den Weg zum erfolg¬
1912 2686 3014 2742 reichen Theaterdirektor ein wenig freizumachen. Vielleicht bin
1916 2729 3010 2781 ich deshalb ein bischen zu anspruchsvoll und sehe schärfer als
1912 2774 3006 2824 andere denn sonst müßte es doch auch schon anderen, und
1913 2822 3003 2870 zwar den berühmten Theaterfachleuten aufgefallen sein
1915 2866 3010 2918 daß das Bernau'sche System sich gradlinig in der Richtung
1914 2904 2944 2959 bewegt, die zur Aufführung von „Schloß Wetterstein“
1912 2953 3016 3005 „Die Flamme“ — und dem „Reigen“ führt. Das ist kein
1926 2987 3019 3047 Zufall mehr, das ist auch keine künstlerische Absicht, son¬
1918 3028 3011 3086 dern es ist und bleibt eine reine Spekulation auf Sinn¬
1913 3081 3009 3129 lichkeit und Lüsternheit. Weil ich nun aus allen diesen Er¬
1916 3122 3012 3182 scheinungen erkenne, daß auch das Werk Schnitzlers
1917 3146 3014 3219 nur diesem Umstande die Aufführung an einem Theater
1916 3204 3006 3259 verdankt, und weil ich fest davon überzeugt bin, daß
1916 3246 3010 3303 Männlein und Weiblein nicht wegen der doch vorhandenen
1928 3290 3018 3343 dichterischen Schönheiten der Arbeit und nicht wegen des
1920 3340 3019 3395 grundlegenden Gedankens, der dem „Reigen“ innewohnt.
1924 3372 3007 3440 sondern nur deshalb ins Theater laufen werden, weil sie
1918 3427 3006 3480 manches sehen, einiges hören und noch vielmehr erraten
1930 3469 3009 3522 können — wenn's finster wird — darum bin ich gegen die
1927 3508 3005 3561 Aufführung des „Reigen“, der dem Dichter vielleich
1920 3551 3018 3614 großen materiellen Gewinn, aber keinezwegs jenen Ruhm
1932 3606 3006 3649 eintragen wird, der ihm damals zuteil wurde, als man
1919 3644 3011 3698 seinen Professor Bernhardi nicht über die deutschen Bühnen
1930 3686 3018 3740 Österreichs schreiten lassen wollte und für dessen Befreiung
1922 3735 3013 3779 man nicht aus spekulativen Momenten eintrat, sondern
1934 3759 3011 3827 um für das gedankenreiche Werk eines Dichters den Weg
2869 3812 2986 3867 M. S.
1921 3815 2322 3884 ins Freie zu bahnen.
