3436 4384
993 178 1402 275 box 17/2
305 177 804 272 11. Reigen
365 2227 1253 2307 ym Schnitzler's „Reigen“ in München. Man
322 2278 1257 2356 schreibt uns aus München, 27. d.: Die
314 2338 1247 2394 Münchener Polizei war so gütig, wenigstens eine
309 2374 1251 2439 Theilprobe auf die Bühnenwirksamkeit der pracht¬
322 2429 1242 2481 vollen Dialoge Arthur Schnitzler's zuzulassen
310 2467 1241 2524 die als Buch längst einen sogenannten Massen¬
323 2521 1238 2577 erfolg genossen haben, trotzdem sie als Kunst
308 2561 1249 2610 werk feinste Qualitäten aufwiesen. Unser rühriger
309 2601 1254 2665 Akademisch= dramatischer Verein
304 2646 1244 2709 wollte sich das Recht der Uraufführung
312 2690 1239 2752 des „Reigen“ nicht nehmen lassen, und das
309 2743 1245 2794 er nicht alle zehn Variationen aus der großen
309 2784 1234 2831 Symphonie der Geschlechter in cyklischer Ge
321 2822 1244 2883 schlossenheit vorführen konnte, sondern nur drei
312 2869 1239 2925 davon (der junge Herr mit der Ehefrau, die Frau
318 2914 1239 2970 mit dem Ehegatten, der Ehegatte mit dem süßen
316 2953 1236 3011 Mädel), ist der sittenbeschützenden Fürsorge der
311 2996 1238 3053 königlich bayrischen Moralbehörde zu danken, die
308 3045 1248 3091 trotzdem die Aufführung nur vor geladenen
308 3090 1248 3139 Gästen stattfand, das Experiment überdies von
1295 1145 2226 1220 einer Anzahl starker, die Deutlichkeit der Situa¬
1296 1204 2226 1269 tion stark verdunkelnder Striche abhängig
1300 1251 2220 1307 gemacht hatte! Nun, das Experiment ist trotz all
1298 1294 2228 1359 dieser Hindernisse, wozu eine mangelhafte Dar¬
1298 1337 2224 1405 stellung kommt, vollauf gelungen: es besteht kein
1293 1378 2227 1446 Zweifel mehr, daß der „Reigen“ bei einer
1294 1425 2220 1486 richtigen Bühnenbelebung, das heißt im
1295 1467 2219 1537 Stil einer zart und schattenhaft rhythmisirten
1299 1510 2224 1578 Causerie, bei intimer Inscenirung und raschem
1296 1560 2238 1616 Scenenwechsel eine zehnfach stärkere dichterische
1293 1593 2234 1663 Kraft ausströmt wiein der Buchlectüre. Das Haupt
1299 1643 2222 1714 der Jung=Wiener Schule hat in München einen
1288 1684 1898 1742 vollen Triumph gefeiert.
1970 1696 2229 1757 — Schnitzler
1296 1731 2223 1796 führt bekanntlich in diesen ebenso kühnen wie
1290 1786 2214 1836 geistvollen Dialogen eine Reihe unehelicher und
1286 1828 2229 1884 ehelicher Sentiments, Ekstasen der Liebe und ihre
1293 1869 2218 1929 wechselvollen Reactionen vor zwischen zehn Per¬
1283 1905 2219 1978 sonen: Dirne und Soldat, Soldat und Stuben¬
1292 1961 2218 2017 mädchen, Stubenmädchen und junger Herr,
1280 1996 2219 2058 junger Herr und Ehefrau, Ehefrau und Gatte,
1283 2043 2222 2093 Ehegatte und süßes Mädel, süßes Mädel und
1289 2078 2220 2152 Dichter, Dichter und Schauspielerin, Schau¬
1290 2129 1891 2188 spielerin und Graf, endlich
1961 2136 2009 2183 —
2015 2136 2214 2188 der fein¬
1289 2177 2212 2228 verschlungene Reigen schließt sich mit den scheinbar
1288 2218 2217 2278 extremsten Typen — Graf und Dirne. Es braucht
1294 2259 2220 2314 schon das ganze artistische Raffinement, die
1303 2303 2217 2358 ichere Gestaltungskraft und die feine „Grazie
1289 2349 2220 2408 im Unanständig.n“ eines Schnitzler, um auf
1285 2393 2218 2450 diesem schlüpfrigen Boden nicht zu entgleisen
1283 2445 2142 2503 und die höchst eindeutigen Situationen nicht
2148 2442 2217 2494 ins
1291 2477 2097 2532 Lascive, in das beliebte Milieu: „Nur
2119 2485 2210 2540 für
1291 2521 2211 2583 Herren!“ zu vergröbern. Man muß es aufrichtig
1294 2576 2209 2627 bewundern, mit welcher Feinheit des Geschmackes
1292 2612 2216 2669 Arthur Schnitzler hier die größten Kühnheiten
1292 2662 2217 2716 ausspricht, wie er die verborgensten Regungen
1289 2698 2203 2759 im unendlich complicirten Geschlechtskampf aus¬
1284 2750 2211 2805 zuspüren weiß. Die Darstellung war,
1287 2787 2204 2844 wie schon angedeutet, im Stil der Rede und im
1286 2831 2209 2892 Rhythmus viel zu pastos, viel zu schwerfällig,
1282 2881 2205 2936 zu „norddeutsch“. Derartige galante Seelenstände
1292 2917 2196 2974 Wiener Typen) hört man wohl am vollkom
1281 2969 2199 3012 mensten in Wien selbst. Als tragikomischen
1288 3007 2199 3061 Prolog zu Schnitzler's Ehrenabend mußte mar
1279 3048 2199 3101 den mißglückten dramatischen Gehversuch eines
1279 3079 2235 3152 blutjungen Anfängers, Karl Goldmann, in
2260 1151 3200 1242 Kauf nehmen. Der unreife Einacter führte den
2273 1226 3188 1284 verstiegenen Titel: „Die Tragödie des
2270 1265 3188 1329 Triumphes“, ein Katarakt dröhnender
2264 1307 3188 1375 Phrasen vom Künstlerwert, Künstlerschmerz
2262 1356 3192 1407 und Künstlerfreiheit. Man kennt ja derartige
2267 1402 3190 1463 nutzlose Lamentos unserer Pubertäts=Dichter zur
2271 1441 3189 1504 Genüge. Das Publicum ging ohne weitere Auf¬
2262 1489 3030 1560 regung lachend zur Tagesordnung über.
