<?xml version="1.0" encoding="UTF-8" standalone="yes"?>
<PcGts xmlns="http://schema.primaresearch.org/PAGE/gts/pagecontent/2013-07-15" xmlns:xsi="http://www.w3.org/2001/XMLSchema-instance" xsi:schemaLocation="http://schema.primaresearch.org/PAGE/gts/pagecontent/2013-07-15 http://schema.primaresearch.org/PAGE/gts/pagecontent/2013-07-15/pagecontent.xsd">
    <Metadata>
        <Creator>prov=University of Rostock/Institute of Mathematics/CITlab/Gundram Leifert/gundram.leifert@uni-rostock.de:name=ONB_Newseye_GT_M1+(htr_id=10810)::::v=2.4.3
prov=University of Rostock/Institute of Mathematics/CITlab/Tobias Gruening/tobias.gruening@uni-rostock.de:name=de.uros.citlab.module.baseline2polygon.B2PSeamMultiOriented:v=2.4.3
prov=University of Rostock/Institute of Mathematics/CITlab/Tobias Gruening/tobias.gruening@uni-rostock.de:name=/net_tf/LA73_249_0mod360.pb:de.uros.citlab.segmentation.CITlab_LA_ML:v=2.4.3
Transkribus</Creator>
        <Created>2019-10-07T11:41:24.919+02:00</Created>
        <LastChange>2019-12-05T00:27:12.582+01:00</LastChange>
        <TranskribusMetadata docId="223982" pageId="9505384" pageNr="906" tsid="20420296" status="IN_PROGRESS" userId="40391" imgUrl="https://files.transkribus.eu/Get?id=FEJWNNDPWKSBESYUEZEDOXCD&amp;fileType=view" xmlUrl="https://files.transkribus.eu/Get?id=MZSYTKCSEMLNVLGPPIGQJTZT" imageId="6195598"/>
    </Metadata>
    <Page imageFilename="223982_0906.jpeg" imageWidth="3532" imageHeight="4224">
        <ReadingOrder>
            <OrderedGroup id="ro_1711448738990" caption="Regions reading order">
                <RegionRefIndexed index="0" regionRef="r1"/>
                <RegionRefIndexed index="1" regionRef="r2"/>
                <RegionRefIndexed index="2" regionRef="r3"/>
                <RegionRefIndexed index="3" regionRef="r4"/>
                <RegionRefIndexed index="4" regionRef="r5"/>
                <RegionRefIndexed index="5" regionRef="r6"/>
            </OrderedGroup>
        </ReadingOrder>
        <TextRegion orientation="0.0" id="r1" custom="readingOrder {index:0;}">
            <Coords points="376,35 376,216 874,216 874,35"/>
            <TextLine id="r1l1" custom="readingOrder {index:0;}">
                <Coords points="368,145 428,139 507,170 605,165 638,182 813,168 838,185 880,175 884,116 762,102 715,116 581,90 527,135 457,86 371,95"/>
                <Baseline points="376,135 402,139 428,142 454,145 480,148 507,150 533,152 559,154 585,156 611,157 638,158 664,159 690,161 716,162 742,162 769,163 795,164 821,164 847,165 874,166"/>
                <TextEquiv>
                    <Unicode>11. Reigen</Unicode>
                </TextEquiv>
            </TextLine>
            <TextEquiv>
                <Unicode>11. Reigen</Unicode>
            </TextEquiv>
        </TextRegion>
        <TextRegion orientation="0.0" id="r2" custom="readingOrder {index:1;}">
            <Coords points="1082,50 1082,212 1471,212 1471,50"/>
            <TextLine id="r2l1" custom="readingOrder {index:0;}">
                <Coords points="1074,175 1180,183 1263,163 1288,177 1359,167 1444,189 1478,178 1480,107 1451,94 1401,109 1363,93 1330,116 1299,105 1220,118 1184,105 1125,121 1077,90"/>
                <Baseline points="1082,150 1107,152 1133,153 1159,154 1185,155 1211,156 1237,157 1263,158 1289,158 1315,159 1341,159 1367,160 1393,160 1419,161 1445,161 1471,162"/>
                <TextEquiv>
                    <Unicode>box 18/2</Unicode>
                </TextEquiv>
            </TextLine>
            <TextEquiv>
                <Unicode>box 18/2</Unicode>
            </TextEquiv>
        </TextRegion>
        <TextRegion orientation="0.0" id="r3" custom="readingOrder {index:2;}">
            <Coords points="1669,547 1669,2326 1726,2326 1726,547"/>
            <TextLine id="r3l1" custom="readingOrder {index:0;}">
                <Coords points="1662,577 1672,579 1678,575 1691,582 1696,579 1700,581 1705,576 1709,580 1712,578 1721,579 1723,537 1710,538 1707,535 1702,535 1693,539 1689,537 1683,541 1676,539 1671,544 1664,543"/>
                <Baseline points="1669,574 1713,576"/>
                <TextEquiv>
                    <Unicode>nde</Unicode>
                </TextEquiv>
            </TextLine>
            <TextLine id="r3l2" custom="readingOrder {index:1;}">
                <Coords points="1671,654 1680,654 1684,650 1695,654 1702,650 1707,653 1714,650 1721,654 1729,654 1729,620 1714,618 1702,620 1695,616 1690,618 1683,613 1679,616 1671,616"/>
                <Baseline points="1678,649 1722,649"/>
                <TextEquiv>
                    <Unicode>fen</Unicode>
                </TextEquiv>
            </TextLine>
            <TextLine id="r3l3" custom="readingOrder {index:2;}">
                <Coords points="1671,697 1689,696 1696,689 1708,689 1717,698 1723,695 1733,697 1734,656 1725,656 1718,651 1703,652 1702,650 1697,655 1687,650 1680,654 1672,654"/>
                <Baseline points="1679,684 1726,685"/>
                <TextEquiv>
                    <Unicode>sich</Unicode>
                </TextEquiv>
            </TextLine>
            <TextLine id="r3l4" custom="readingOrder {index:3;}">
                <Coords points="1672,726 1694,732 1700,726 1714,738 1720,741 1729,741 1731,696 1722,695 1718,698 1708,688 1696,695 1674,696"/>
                <Baseline points="1680,721 1722,723"/>
                <TextEquiv>
                    <Unicode>rch</Unicode>
                </TextEquiv>
            </TextLine>
            <TextLine id="r3l5" custom="readingOrder {index:4;}">
                <Coords points="1679,763 1690,763 1693,766 1702,766 1705,763 1710,762 1714,766 1723,765 1723,737 1715,737 1710,732 1704,731 1701,728 1695,732 1679,732"/>
                <Baseline points="1686,758 1716,758"/>
                <TextEquiv>
                    <Unicode>er¬</Unicode>
                </TextEquiv>
            </TextLine>
            <TextLine id="r3l6" custom="readingOrder {index:5;}">
                <Coords points="1676,840 1687,840 1692,844 1701,836 1707,837 1708,839 1721,839 1724,800 1713,799 1711,801 1707,798 1689,802 1686,805 1678,804"/>
                <Baseline points="1684,829 1714,831"/>
                <TextEquiv>
                    <Unicode>nd</Unicode>
                </TextEquiv>
            </TextLine>
            <TextLine id="r3l7" custom="readingOrder {index:6;}">
                <Coords points="1665,874 1672,874 1675,878 1679,874 1694,878 1698,876 1701,879 1708,874 1715,878 1716,876 1725,877 1730,836 1721,834 1713,839 1700,836 1692,843 1669,838"/>
                <Baseline points="1673,864 1718,869"/>
                <TextEquiv>
                    <Unicode>eit</Unicode>
                </TextEquiv>
            </TextLine>
            <TextLine id="r3l8" custom="readingOrder {index:7;}">
                <Coords points="1667,911 1693,912 1703,922 1713,927 1724,927 1722,877 1707,874 1700,881 1683,871 1673,881 1666,881"/>
                <Baseline points="1674,904 1716,902"/>
                <TextEquiv>
                    <Unicode>er¬</Unicode>
                </TextEquiv>
            </TextLine>
            <TextLine id="r3l9" custom="readingOrder {index:8;}">
                <Coords points="1675,987 1682,988 1684,986 1694,992 1704,991 1710,994 1720,994 1723,952 1714,953 1709,947 1701,951 1699,948 1696,949 1691,946 1678,946"/>
                <Baseline points="1683,982 1713,984"/>
                <TextEquiv>
                    <Unicode>r</Unicode>
                </TextEquiv>
            </TextLine>
            <TextLine id="r3l10" custom="readingOrder {index:9;}">
                <Coords points="1675,1024 1684,1023 1687,1025 1690,1023 1694,1024 1697,1021 1707,1023 1710,1020 1719,1019 1716,985 1709,986 1705,991 1701,991 1698,994 1687,986 1672,989"/>
                <Baseline points="1682,1020 1712,1018"/>
                <TextEquiv>
                    <Unicode>1</Unicode>
                </TextEquiv>
            </TextLine>
            <TextLine id="r3l11" custom="readingOrder {index:10;}">
                <Coords points="1674,1228 1689,1227 1698,1222 1700,1218 1703,1220 1706,1218 1711,1222 1721,1221 1714,1153 1707,1154 1700,1159 1686,1147 1680,1152 1674,1148 1667,1149"/>
                <Baseline points="1680,1204 1712,1201"/>
                <TextEquiv>
                    <Unicode>).</Unicode>
                </TextEquiv>
            </TextLine>
            <TextLine id="r3l12" custom="readingOrder {index:11;}">
                <Coords points="1681,1381 1688,1382 1696,1376 1699,1378 1703,1375 1712,1381 1724,1383 1727,1339 1715,1338 1711,1341 1702,1335 1701,1337 1696,1335 1693,1338 1684,1337"/>
                <Baseline points="1689,1368 1717,1370"/>
                <TextEquiv>
                    <Unicode>er</Unicode>
                </TextEquiv>
            </TextLine>
            <TextLine id="r3l13" custom="readingOrder {index:12;}">
                <Coords points="1684,1565 1692,1565 1695,1567 1699,1562 1707,1562 1712,1568 1727,1568 1727,1527 1711,1524 1707,1519 1698,1525 1695,1522 1684,1522"/>
                <Baseline points="1692,1553 1720,1553"/>
                <TextEquiv>
                    <Unicode>il¬</Unicode>
                </TextEquiv>
            </TextLine>
            <TextLine id="r3l14" custom="readingOrder {index:13;}">
                <Coords points="1673,1617 1686,1620 1690,1616 1700,1619 1708,1612 1730,1614 1732,1578 1723,1578 1709,1565 1706,1567 1702,1563 1694,1567 1687,1563 1675,1565"/>
                <Baseline points="1680,1601 1724,1603"/>
                <TextEquiv>
                    <Unicode>en</Unicode>
                </TextEquiv>
            </TextLine>
            <TextLine id="r3l15" custom="readingOrder {index:14;}">
                <Coords points="1675,1671 1688,1669 1696,1659 1702,1663 1708,1654 1717,1653 1713,1624 1706,1625 1702,1628 1693,1628 1688,1633 1685,1634 1683,1632 1678,1638 1671,1639"/>
                <Baseline points="1680,1656 1710,1652"/>
                <TextEquiv>
                    <Unicode>U</Unicode>
                </TextEquiv>
            </TextLine>
            <TextLine id="r3l16" custom="readingOrder {index:15;}">
                <Coords points="1692,1705 1721,1699 1715,1656 1706,1657 1702,1662 1697,1660 1696,1658 1690,1661 1686,1661"/>
                <Baseline points="1698,1697 1713,1695"/>
                <TextEquiv>
                    <Unicode>Le</Unicode>
                </TextEquiv>
            </TextLine>
            <TextLine id="r3l17" custom="readingOrder {index:16;}">
                <Coords points="1682,1771 1693,1770 1710,1749 1723,1748 1720,1704 1707,1704 1697,1712 1694,1709 1691,1711 1688,1708 1677,1709"/>
                <Baseline points="1687,1745 1715,1743"/>
                <TextEquiv>
                    <Unicode>st¬</Unicode>
                </TextEquiv>
            </TextLine>
            <TextLine id="r3l18" custom="readingOrder {index:17;}">
                <Coords points="1691,1808 1698,1807 1703,1800 1711,1802 1712,1800 1719,1799 1713,1758 1706,1759 1701,1765 1699,1763 1691,1771 1685,1772"/>
                <Baseline points="1696,1791 1710,1789"/>
                <TextEquiv>
                    <Unicode>3</Unicode>
                </TextEquiv>
            </TextLine>
            <TextLine id="r3l19" custom="readingOrder {index:18;}">
                <Coords points="1685,1854 1692,1855 1700,1849 1704,1853 1713,1847 1728,1852 1731,1818 1723,1817 1708,1801 1704,1801 1698,1806 1689,1806"/>
                <Baseline points="1693,1837 1722,1839"/>
                <TextEquiv>
                    <Unicode>m</Unicode>
                </TextEquiv>
            </TextLine>
            <TextLine id="r3l20" custom="readingOrder {index:19;}">
                <Coords points="1683,2018 1697,2021 1717,2043 1724,2044 1728,1995 1721,1995 1719,1993 1716,1996 1715,1994 1708,1994 1701,1998 1696,1993 1693,1996 1685,1995"/>
                <Baseline points="1690,2027 1718,2029"/>
                <TextEquiv>
                    <Unicode>#</Unicode>
                </TextEquiv>
            </TextLine>
            <TextLine id="r3l21" custom="readingOrder {index:20;}">
                <Coords points="1677,2122 1686,2122 1713,2142 1723,2142 1719,2090 1707,2093 1699,2087 1695,2088 1685,2079 1674,2082"/>
                <Baseline points="1685,2123 1714,2121"/>
                <TextEquiv>
                    <Unicode>N.</Unicode>
                </TextEquiv>
            </TextLine>
            <TextLine id="r3l22" custom="readingOrder {index:21;}">
                <Coords points="1685,2236 1693,2237 1697,2235 1700,2239 1703,2237 1707,2241 1715,2234 1718,2236 1728,2236 1733,2182 1725,2181 1721,2183 1717,2179 1713,2182 1711,2180 1703,2186 1697,2179 1690,2179"/>
                <Baseline points="1694,2217 1722,2219"/>
                <TextEquiv>
                    <Unicode>i</Unicode>
                </TextEquiv>
            </TextLine>
            <TextLine id="r3l23" custom="readingOrder {index:22;}">
                <Coords points="1692,2327 1705,2329 1707,2327 1708,2329 1711,2329 1713,2333 1722,2334 1731,2273 1723,2272 1717,2274 1713,2272 1708,2275 1699,2274"/>
                <Baseline points="1702,2311 1718,2313"/>
                <TextEquiv>
                    <Unicode>76</Unicode>
                </TextEquiv>
            </TextLine>
            <TextEquiv>
                <Unicode>nde
fen
sich
rch
er¬
nd
eit
er¬
r
1
).
er
il¬
en
U
Le
st¬
3
m
#
N.
i
76</Unicode>
            </TextEquiv>
        </TextRegion>
        <TextRegion orientation="0.0" id="r4" custom="readingOrder {index:3;}">
            <Coords points="1697,2432 1697,2611 1718,2611 1718,2432"/>
            <TextLine id="r4l1" custom="readingOrder {index:0;}">
                <Coords points="1687,2467 1698,2469 1700,2472 1705,2471 1706,2473 1718,2473 1723,2434 1716,2433 1713,2429 1693,2427"/>
                <Baseline points="1697,2456 1713,2458"/>
                <TextEquiv>
                    <Unicode>n</Unicode>
                </TextEquiv>
            </TextLine>
            <TextLine id="r4l2" custom="readingOrder {index:1;}">
                <Coords points="1691,2571 1700,2572 1711,2563 1714,2565 1723,2565 1731,2508 1722,2506 1721,2508 1719,2506 1714,2510 1700,2508"/>
                <Baseline points="1702,2547 1718,2549"/>
                <TextEquiv>
                    <Unicode></Unicode>
                </TextEquiv>
            </TextLine>
            <TextLine id="r4l3" custom="readingOrder {index:2;}">
                <Coords points="1696,2606 1707,2606 1709,2608 1712,2608 1713,2610 1723,2610 1731,2562 1723,2561 1722,2559 1714,2565 1711,2562 1703,2561"/>
                <Baseline points="1704,2597 1718,2599"/>
                <TextEquiv>
                    <Unicode>n</Unicode>
                </TextEquiv>
            </TextLine>
            <TextEquiv>
                <Unicode>n

n</Unicode>
            </TextEquiv>
        </TextRegion>
        <TextRegion orientation="0.0" id="r5" custom="readingOrder {index:4;}">
            <Coords points="1696,2987 1696,3141 1726,3141 1726,2987"/>
            <TextLine id="r5l1" custom="readingOrder {index:0;}">
                <Coords points="1688,3093 1697,3093 1704,3100 1709,3097 1714,3100 1723,3099 1732,3101 1738,3055 1711,3055 1706,3052 1704,3054 1703,3052 1694,3051"/>
                <Baseline points="1696,3087 1726,3091"/>
                <TextEquiv>
                    <Unicode>2</Unicode>
                </TextEquiv>
            </TextLine>
            <TextEquiv>
                <Unicode>2</Unicode>
            </TextEquiv>
        </TextRegion>
        <TextRegion orientation="0.0" id="r6" custom="readingOrder {index:5;}">
            <Coords points="1754,584 1754,4140 2950,4140 2950,584"/>
            <TextLine id="r6l1" custom="readingOrder {index:0;}">
                <Coords points="1837,613 1942,622 1974,602 2116,633 2186,612 2329,630 2527,611 2527,551 2481,564 2355,521 2225,559 1837,532"/>
                <Baseline points="1845,604 1878,604 1912,604 1946,605 1980,605 2013,605 2047,605 2081,605 2115,605 2148,605 2182,605 2216,605 2250,605 2283,605 2317,605 2351,605 2385,605 2418,605 2452,605 2486,605 2520,605"/>
                <TextEquiv>
                    <Unicode>Die Bewessaufnahme</Unicode>
                </TextEquiv>
            </TextLine>
            <TextLine id="r6l2" custom="readingOrder {index:1;}">
                <Coords points="2209,703 2488,696 2545,721 2613,694 2653,719 2726,695 2816,719 2881,699 2881,641 2372,636 2308,663 2209,644"/>
                <Baseline points="2217,692 2249,693 2282,693 2315,694 2348,694 2381,694 2414,694 2446,694 2479,693 2512,693 2545,693 2578,692 2611,692 2644,691 2676,691 2709,691 2742,691 2775,691 2808,692 2841,692 2874,693"/>
                <TextEquiv>
                    <Unicode>ii „Rei##en“=Drozeß.</Unicode>
                </TextEquiv>
            </TextLine>
            <TextLine id="r6l3" custom="readingOrder {index:2;}">
                <Coords points="2108,774 2205,791 2403,768 2568,774 2568,719 2487,725 2425,706 2350,735 2266,718 2108,727"/>
                <Baseline points="2116,763 2142,764 2168,765 2194,765 2220,765 2246,766 2272,766 2298,765 2324,765 2351,765 2377,764 2403,764 2429,764 2455,764 2481,763 2507,763 2533,763 2560,763"/>
                <TextEquiv>
                    <Unicode>Aussagen der Darstelle</Unicode>
                </TextEquiv>
            </TextLine>
            <TextLine id="r6l4" custom="readingOrder {index:3;}">
                <Coords points="1820,845 2950,840 2950,789 2735,775 2573,808 1820,778"/>
                <Baseline points="1827,828 1882,829 1938,830 1994,831 2050,832 2105,832 2161,832 2217,833 2273,833 2328,832 2384,832 2440,832 2496,832 2551,832 2607,831 2663,831 2719,831 2774,831 2830,831 2886,831 2942,831"/>
                <TextEquiv>
                    <Unicode>Die Fortsetzung der Verhandlung gegen Frau Certrud Cysoldt,</Unicode>
                </TextEquiv>
            </TextLine>
            <TextLine id="r6l5" custom="readingOrder {index:4;}">
                <Coords points="1763,879 2943,885 2943,845 2889,836 1763,833"/>
                <Baseline points="1770,869 1828,870 1886,871 1944,872 2003,873 2061,873 2119,873 2178,873 2236,874 2294,873 2353,873 2411,873 2469,873 2527,872 2586,872 2644,872 2702,871 2761,871 2819,871 2877,871 2936,871"/>
                <TextEquiv>
                    <Unicode>den Direktor Sladek, Regisseur Reusch und die zehn Darsteller</Unicode>
                </TextEquiv>
            </TextLine>
            <TextLine id="r6l6" custom="readingOrder {index:5;}">
                <Coords points="1768,920 2937,928 2916,876 1768,879"/>
                <Baseline points="1776,910 1833,911 1891,912 1949,913 2006,913 2064,914 2122,914 2179,914 2237,915 2295,915 2353,915 2410,915 2468,915 2526,915 2583,915 2641,914 2699,914 2756,914 2814,914 2872,913 2930,913"/>
                <TextEquiv>
                    <Unicode>des Reigens“ findet heute nach eintägiger Unterbrechung in einem</Unicode>
                </TextEquiv>
            </TextLine>
            <TextLine id="r6l7" custom="readingOrder {index:6;}">
                <Coords points="1757,962 2366,969 2366,920 2337,915 2136,931 1757,916"/>
                <Baseline points="1765,952 1794,952 1824,953 1853,953 1883,954 1913,954 1942,954 1972,955 2002,955 2031,955 2061,956 2091,956 2120,956 2150,956 2180,956 2209,957 2239,957 2269,957 2298,957 2328,957 2358,957"/>
                <TextEquiv>
                    <Unicode>etwas größeren Sitzungssaal statt.</Unicode>
                </TextEquiv>
            </TextLine>
            <TextLine id="r6l8" custom="readingOrder {index:7;}">
                <Coords points="1808,997 2936,1007 2936,962 2841,949 1808,968"/>
                <Baseline points="1815,998 1870,999 1926,1000 1981,1000 2037,1001 2093,1001 2148,1002 2204,1002 2260,1002 2315,1003 2371,1003 2427,1003 2482,1003 2538,1003 2594,1003 2649,1002 2705,1002 2761,1002 2816,1001 2872,1000 2928,999"/>
                <TextEquiv>
                    <Unicode>Nach Aufruf der Sachverständigen und Zeugen wird die Beweis¬</Unicode>
                </TextEquiv>
            </TextLine>
            <TextLine id="r6l9" custom="readingOrder {index:8;}">
                <Coords points="1757,1038 2942,1050 2942,1004 2802,998 1757,1000"/>
                <Baseline points="1765,1036 1823,1037 1881,1038 1940,1039 1998,1040 2057,1040 2115,1041 2174,1041 2232,1041 2291,1041 2349,1041 2407,1041 2466,1041 2524,1041 2583,1040 2641,1040 2700,1040 2758,1040 2817,1039 2875,1039 2934,1039"/>
                <TextEquiv>
                    <Unicode>aufnahme fortgesetzt. Architekt Moritz Lesser bekundet als Zeuge,</Unicode>
                </TextEquiv>
            </TextLine>
            <TextLine id="r6l10" custom="readingOrder {index:9;}">
                <Coords points="1772,1079 2941,1089 2941,1053 2864,1041 1772,1048"/>
                <Baseline points="1780,1074 1837,1075 1895,1076 1953,1077 2010,1077 2068,1078 2126,1078 2183,1078 2241,1078 2299,1078 2357,1078 2414,1078 2472,1078 2530,1078 2587,1077 2645,1077 2703,1077 2760,1077 2818,1077 2876,1077 2934,1077"/>
                <TextEquiv>
                    <Unicode>daß er den „Reigen“ in einer der ersten Aufführungen gesehen habe,</Unicode>
                </TextEquiv>
            </TextLine>
            <TextLine id="r6l11" custom="readingOrder {index:10;}">
                <Coords points="1766,1121 2938,1122 2913,1079 1766,1079"/>
                <Baseline points="1774,1112 1831,1113 1889,1113 1947,1114 2005,1115 2063,1115 2120,1116 2178,1116 2236,1116 2294,1116 2352,1117 2409,1117 2467,1117 2525,1117 2583,1116 2641,1116 2698,1116 2756,1116 2814,1115 2872,1115 2930,1115"/>
                <TextEquiv>
                    <Unicode>ebenso in der Separatvorstellung am letzten Sonntag, zu der er in</Unicode>
                </TextEquiv>
            </TextLine>
            <TextLine id="r6l12" custom="readingOrder {index:11;}">
                <Coords points="1756,1160 2944,1163 2944,1124 2869,1118 1756,1120"/>
                <Baseline points="1764,1149 1822,1150 1881,1151 1939,1151 1998,1152 2057,1153 2115,1154 2174,1154 2232,1155 2291,1155 2350,1155 2408,1156 2467,1156 2525,1155 2584,1155 2643,1155 2701,1154 2760,1153 2818,1152 2877,1151 2936,1150"/>
                <TextEquiv>
                    <Unicode>einer besonders kritischen Stimmung gegangen sei. Er habe aber</Unicode>
                </TextEquiv>
            </TextLine>
            <TextLine id="r6l13" custom="readingOrder {index:12;}">
                <Coords points="1764,1196 2945,1192 2926,1158 2752,1152 1764,1158"/>
                <Baseline points="1771,1186 1829,1187 1887,1188 1946,1189 2004,1190 2062,1191 2121,1192 2179,1193 2237,1193 2296,1193 2354,1193 2412,1193 2471,1193 2529,1193 2587,1193 2646,1192 2704,1192 2762,1191 2821,1190 2879,1190 2938,1189"/>
                <TextEquiv>
                    <Unicode>weder beim erstenmal noch am Sonntag irgendwie Anstoß ge¬</Unicode>
                </TextEquiv>
            </TextLine>
            <TextLine id="r6l14" custom="readingOrder {index:13;}">
                <Coords points="1764,1231 2936,1232 2936,1201 2732,1186 1764,1197"/>
                <Baseline points="1772,1225 1829,1226 1887,1227 1945,1228 2003,1229 2061,1229 2118,1230 2176,1231 2234,1231 2292,1231 2350,1231 2407,1231 2465,1231 2523,1231 2581,1231 2639,1230 2696,1230 2754,1229 2812,1228 2870,1227 2928,1226"/>
                <TextEquiv>
                    <Unicode>nommen. Wenn man aber, wie er, vier Stunden auf dem Korridor</Unicode>
                </TextEquiv>
            </TextLine>
            <TextLine id="r6l15" custom="readingOrder {index:14;}">
                <Coords points="1765,1269 2952,1281 2905,1229 1765,1234"/>
                <Baseline points="1773,1262 1831,1263 1890,1265 1948,1265 2007,1266 2065,1267 2124,1268 2182,1268 2241,1268 2299,1269 2358,1269 2417,1269 2475,1269 2534,1269 2592,1268 2651,1268 2709,1268 2768,1267 2826,1267 2885,1266 2944,1266"/>
                <TextEquiv>
                    <Unicode>vor dem Gerichtssaal warten mußte und dann die Szenen, die sich</Unicode>
                </TextEquiv>
            </TextLine>
            <TextLine id="r6l16" custom="readingOrder {index:15;}">
                <Coords points="1764,1307 2942,1307 2886,1268 1764,1267"/>
                <Baseline points="1772,1299 1830,1301 1888,1302 1946,1303 2004,1304 2062,1305 2120,1306 2178,1306 2236,1307 2294,1307 2353,1307 2411,1307 2469,1307 2527,1307 2585,1306 2643,1306 2701,1305 2759,1305 2817,1304 2875,1304 2934,1303"/>
                <TextEquiv>
                    <Unicode>dort abgespielt haben, gesehen hat, dann müsse man zu der Ueber¬</Unicode>
                </TextEquiv>
            </TextLine>
            <TextLine id="r6l17" custom="readingOrder {index:16;}">
                <Coords points="1764,1353 2830,1363 2936,1351 2936,1309 1764,1311"/>
                <Baseline points="1771,1337 1828,1338 1886,1339 1944,1340 2002,1342 2060,1342 2118,1343 2176,1344 2234,1344 2292,1345 2350,1345 2407,1345 2465,1345 2523,1345 2581,1344 2639,1344 2697,1343 2755,1342 2813,1341 2871,1340 2929,1338"/>
                <TextEquiv>
                    <Unicode>zeugung kommen, daß die Sittlichkeit gar nicht als Selbstzweck,</Unicode>
                </TextEquiv>
            </TextLine>
            <TextLine id="r6l18" custom="readingOrder {index:17;}">
                <Coords points="1759,1394 2739,1400 2739,1356 2640,1343 1759,1347"/>
                <Baseline points="1767,1376 1815,1377 1863,1377 1911,1378 1959,1379 2008,1379 2056,1380 2104,1381 2152,1381 2200,1382 2249,1382 2297,1382 2345,1383 2393,1383 2441,1383 2490,1383 2538,1383 2586,1382 2634,1382 2682,1381 2731,1380"/>
                <TextEquiv>
                    <Unicode>sondern als Mittel zum Zweck der Tendenzmache diente.</Unicode>
                </TextEquiv>
            </TextLine>
            <TextLine id="r6l19" custom="readingOrder {index:18;}">
                <Coords points="1808,1429 2941,1441 2942,1391 1808,1383"/>
                <Baseline points="1815,1422 1873,1423 1932,1424 1991,1425 2050,1426 2109,1427 2168,1428 2227,1428 2286,1429 2345,1429 2403,1430 2462,1430 2521,1430 2580,1430 2639,1430 2698,1430 2757,1429 2816,1429 2875,1428 2934,1427"/>
                <TextEquiv>
                    <Unicode>Redakteur Sachers bekundet als Zeuge, daß er nach der An¬</Unicode>
                </TextEquiv>
            </TextLine>
            <TextLine id="r6l20" custom="readingOrder {index:19;}">
                <Coords points="1762,1474 2938,1472 2938,1439 2838,1429 1762,1424"/>
                <Baseline points="1769,1460 1827,1461 1885,1462 1943,1463 2001,1464 2059,1465 2117,1465 2175,1466 2233,1467 2291,1467 2350,1467 2408,1467 2466,1468 2524,1468 2582,1467 2640,1467 2698,1467 2756,1466 2814,1465 2872,1464 2931,1463"/>
                <TextEquiv>
                    <Unicode>sprache, die Frau Eysoldt vor Beginn der „Reigen'=Aufführungen</Unicode>
                </TextEquiv>
            </TextLine>
            <TextLine id="r6l21" custom="readingOrder {index:20;}">
                <Coords points="1763,1501 2935,1510 2935,1471 2873,1467 1763,1473"/>
                <Baseline points="1770,1496 1827,1497 1885,1499 1943,1500 2001,1501 2059,1502 2117,1503 2175,1503 2233,1504 2291,1504 2349,1505 2406,1505 2464,1505 2522,1505 2580,1505 2638,1505 2696,1505 2754,1504 2812,1504 2870,1503 2928,1503"/>
                <TextEquiv>
                    <Unicode>an das Publikum gerichtet, die Ueberzeugung gewonnen habe, daß es</Unicode>
                </TextEquiv>
            </TextLine>
            <TextLine id="r6l22" custom="readingOrder {index:21;}">
                <Coords points="1761,1546 2948,1545 2939,1505 1762,1501"/>
                <Baseline points="1768,1533 1826,1534 1885,1536 1943,1537 2002,1537 2061,1538 2119,1539 2178,1539 2236,1540 2295,1540 2354,1541 2412,1541 2471,1541 2529,1541 2588,1541 2647,1541 2705,1541 2764,1541 2822,1541 2881,1541 2940,1540"/>
                <TextEquiv>
                    <Unicode>sich um den Kampf einer künstlerischen Seele handelt</Unicode>
                </TextEquiv>
            </TextLine>
            <TextLine id="r6l23" custom="readingOrder {index:22;}">
                <Coords points="1768,1575 2947,1589 2944,1543 1768,1544"/>
                <Baseline points="1775,1570 1833,1571 1891,1573 1949,1574 2008,1575 2066,1575 2124,1576 2182,1577 2241,1577 2299,1578 2357,1578 2415,1578 2474,1578 2532,1578 2590,1578 2648,1577 2707,1577 2765,1577 2823,1577 2881,1576 2940,1576"/>
                <TextEquiv>
                    <Unicode>und daß es sich bei dem Schnitzlerschen „Reigen“ um ein wirklich</Unicode>
                </TextEquiv>
            </TextLine>
            <TextLine id="r6l24" custom="readingOrder {index:23;}">
                <Coords points="1762,1620 2949,1621 2909,1582 1763,1577"/>
                <Baseline points="1770,1607 1828,1609 1887,1610 1945,1611 2004,1612 2063,1613 2121,1614 2180,1615 2238,1615 2297,1616 2356,1617 2414,1617 2473,1617 2531,1617 2590,1617 2649,1617 2707,1617 2766,1617 2824,1617 2883,1617 2942,1617"/>
                <TextEquiv>
                    <Unicode>künstlerisches Werk handele, bei dem, seines Erachtens nach, ein</Unicode>
                </TextEquiv>
            </TextLine>
            <TextLine id="r6l25" custom="readingOrder {index:24;}">
                <Coords points="1767,1666 2674,1657 2674,1626 2633,1620 1768,1613"/>
                <Baseline points="1775,1646 1819,1646 1864,1647 1908,1648 1953,1649 1997,1649 2042,1650 2086,1651 2131,1651 2175,1652 2220,1652 2265,1653 2309,1653 2354,1653 2398,1654 2443,1654 2487,1654 2532,1654 2576,1654 2621,1654 2666,1653"/>
                <TextEquiv>
                    <Unicode>normales Empfinden nicht behelligt werden könne.</Unicode>
                </TextEquiv>
            </TextLine>
            <TextLine id="r6l26" custom="readingOrder {index:25;}">
                <Coords points="1818,1692 2944,1705 2944,1654 2827,1642 1819,1652"/>
                <Baseline points="1826,1685 1881,1686 1937,1687 1992,1688 2048,1689 2103,1689 2159,1690 2214,1690 2270,1691 2325,1691 2381,1691 2437,1691 2492,1692 2548,1692 2603,1692 2659,1692 2714,1692 2770,1693 2825,1693 2881,1693 2937,1693"/>
                <TextEquiv>
                    <Unicode>In ähnlicher Weise äußert sich der Registrator Bannert, der</Unicode>
                </TextEquiv>
            </TextLine>
            <TextLine id="r6l27" custom="readingOrder {index:26;}">
                <Coords points="1762,1752 1814,1721 2739,1734 2739,1702 2681,1692 1762,1687"/>
                <Baseline points="1769,1722 1817,1722 1865,1723 1913,1724 1961,1725 2009,1725 2057,1726 2106,1727 2154,1727 2202,1728 2250,1728 2298,1729 2346,1729 2394,1729 2443,1730 2491,1730 2539,1730 2587,1730 2635,1730 2683,1730 2732,1729"/>
                <TextEquiv>
                    <Unicode>in keiner Weise an dem Stück Anstoß genommen hat.</Unicode>
                </TextEquiv>
            </TextLine>
            <TextLine id="r6l28" custom="readingOrder {index:27;}">
                <Coords points="1822,1773 2952,1782 2952,1742 2905,1734 1822,1733"/>
                <Baseline points="1829,1768 1884,1769 1940,1770 1996,1771 2052,1772 2108,1773 2163,1773 2219,1774 2275,1774 2331,1775 2387,1775 2442,1775 2498,1775 2554,1776 2610,1776 2666,1776 2721,1776 2777,1776 2833,1776 2889,1776 2945,1776"/>
                <TextEquiv>
                    <Unicode>Die Schauspielerin Beck. die in, den ersten Wochen der</Unicode>
                </TextEquiv>
            </TextLine>
            <TextLine id="r6l29" custom="readingOrder {index:28;}">
                <Coords points="1757,1808 2460,1818 2460,1779 2417,1774 2326,1791 2109,1774 2075,1793 1757,1753"/>
                <Baseline points="1764,1803 1798,1804 1832,1806 1867,1806 1901,1808 1936,1809 1970,1809 2004,1810 2039,1810 2073,1811 2108,1811 2142,1811 2176,1811 2211,1812 2245,1812 2280,1812 2314,1812 2348,1812 2383,1812 2417,1812 2452,1812"/>
                <TextEquiv>
                    <Unicode>Aufführung die Rolle der „Dirne</Unicode>
                </TextEquiv>
            </TextLine>
            <TextLine id="r6l30" custom="readingOrder {index:29;}">
                <Coords points="2458,1822 2626,1820 2660,1798 2691,1825 2760,1809 2790,1825 2927,1825 2949,1820 2949,1785 2589,1773 2458,1800"/>
                <Baseline points="2465,1815 2490,1814 2515,1814 2540,1813 2565,1813 2590,1812 2615,1812 2640,1812 2665,1812 2690,1813 2716,1813 2741,1813 2766,1813 2791,1814 2816,1814 2841,1814 2866,1814 2891,1813 2916,1813 2942,1812"/>
                <TextEquiv>
                    <Unicode> gespielt hat, bekundet,</Unicode>
                </TextEquiv>
            </TextLine>
            <TextLine id="r6l31" custom="readingOrder {index:30;}">
                <Coords points="1768,1851 2957,1857 2957,1819 2763,1809 1768,1816"/>
                <Baseline points="1775,1843 1833,1845 1892,1846 1951,1846 2010,1847 2068,1848 2127,1848 2186,1849 2245,1849 2303,1849 2362,1849 2421,1849 2480,1849 2538,1850 2597,1850 2656,1850 2715,1850 2773,1850 2832,1851 2891,1851 2950,1851"/>
                <TextEquiv>
                    <Unicode>daß von dem Regisseur Reusch schon bei den Proben besonderer Wert</Unicode>
                </TextEquiv>
            </TextLine>
            <TextLine id="r6l32" custom="readingOrder {index:31;}">
                <Coords points="1764,1887 2834,1906 2953,1903 2954,1865 1764,1850"/>
                <Baseline points="1772,1881 1830,1883 1889,1884 1948,1884 2006,1885 2065,1886 2124,1886 2182,1887 2241,1887 2300,1887 2359,1887 2417,1887 2476,1887 2535,1887 2593,1888 2652,1888 2711,1888 2769,1889 2828,1890 2887,1891 2946,1892"/>
                <TextEquiv>
                    <Unicode>darauf gelegt worden sei, daß alles vermieden würde, was zu</Unicode>
                </TextEquiv>
            </TextLine>
            <TextLine id="r6l33" custom="readingOrder {index:32;}">
                <Coords points="1756,1918 2947,1933 2887,1888 1757,1887"/>
                <Baseline points="1764,1919 1822,1920 1881,1921 1940,1921 1999,1922 2058,1922 2116,1923 2175,1924 2234,1924 2293,1925 2352,1925 2410,1926 2469,1926 2528,1926 2587,1926 2646,1927 2704,1927 2763,1927 2822,1926 2881,1926 2940,1926"/>
                <TextEquiv>
                    <Unicode>realistisch wirken und mit höchster Dezenz gespielt würde. Einer</Unicode>
                </TextEquiv>
            </TextLine>
            <TextLine id="r6l34" custom="readingOrder {index:33;}">
                <Coords points="1758,1960 2939,1972 2927,1932 1758,1923"/>
                <Baseline points="1765,1958 1823,1959 1881,1960 1939,1960 1998,1961 2056,1962 2114,1962 2173,1962 2231,1963 2289,1963 2348,1963 2406,1964 2464,1964 2522,1964 2581,1964 2639,1965 2697,1965 2756,1965 2814,1965 2872,1966 2931,1966"/>
                <TextEquiv>
                    <Unicode>der Angeklagten, der seinerzeit der Partner der Zeugin war und</Unicode>
                </TextEquiv>
            </TextLine>
            <TextLine id="r6l35" custom="readingOrder {index:34;}">
                <Coords points="1763,1999 2947,2012 2947,1978 2835,1965 1764,1962"/>
                <Baseline points="1771,1996 1829,1997 1887,1998 1946,1999 2004,1999 2063,2000 2121,2001 2179,2001 2238,2001 2296,2002 2355,2002 2413,2002 2471,2002 2530,2002 2588,2003 2647,2003 2705,2003 2763,2003 2822,2003 2880,2003 2939,2004"/>
                <TextEquiv>
                    <Unicode>den „Solpaten“ gespielt hatte, fragt die Zeugin, ob er jemals, wie</Unicode>
                </TextEquiv>
            </TextLine>
            <TextLine id="r6l36" custom="readingOrder {index:35;}">
                <Coords points="1756,2046 2943,2049 2896,2006 1757,1999"/>
                <Baseline points="1763,2035 1821,2036 1880,2036 1938,2037 1997,2037 2056,2038 2114,2038 2173,2038 2231,2039 2290,2039 2349,2039 2407,2039 2466,2040 2524,2040 2583,2040 2642,2040 2700,2041 2759,2041 2817,2041 2876,2042 2935,2042"/>
                <TextEquiv>
                    <Unicode>die Zeugin Frau Hauptmann Müller bekundet, hat, ihre Beine</Unicode>
                </TextEquiv>
            </TextLine>
            <TextLine id="r6l37" custom="readingOrder {index:36;}">
                <Coords points="1760,2080 2950,2081 2925,2044 1760,2048"/>
                <Baseline points="1768,2073 1826,2074 1885,2074 1944,2075 2002,2075 2061,2075 2120,2076 2178,2076 2237,2077 2296,2077 2355,2078 2413,2078 2472,2078 2531,2079 2589,2079 2648,2079 2707,2079 2765,2080 2824,2080 2883,2080 2942,2080"/>
                <TextEquiv>
                    <Unicode>„pervers umschlungen“ habe. Die Zeugin Beck erklärt, daß dies nie</Unicode>
                </TextEquiv>
            </TextLine>
            <TextLine id="r6l38" custom="readingOrder {index:37;}">
                <Coords points="1765,2116 2946,2127 2946,2083 1766,2082"/>
                <Baseline points="1773,2111 1831,2112 1889,2113 1947,2113 2006,2114 2064,2115 2122,2115 2180,2115 2239,2116 2297,2116 2355,2116 2413,2116 2472,2116 2530,2117 2588,2117 2646,2117 2705,2117 2763,2118 2821,2118 2879,2119 2938,2119"/>
                <TextEquiv>
                    <Unicode>der Fall gewesen sei, und daß eine derartige Angabe eine glatte</Unicode>
                </TextEquiv>
            </TextLine>
            <TextLine id="r6l39" custom="readingOrder {index:38;}">
                <Coords points="1756,2155 1949,2162 1976,2149 2010,2165 2067,2148 2086,2160 2147,2149 2147,2132 2064,2132 2041,2117 1977,2133 1912,2114 1858,2125 1756,2116"/>
                <Baseline points="1764,2145 1789,2147 1814,2149 1839,2150 1864,2150 1889,2151 1914,2152 1939,2152 1964,2152 1989,2151 2014,2151 2039,2150 2064,2150 2089,2149 2114,2148 2140,2147"/>
                <TextEquiv>
                    <Unicode>Unwahrheit sei. —</Unicode>
                </TextEquiv>
            </TextLine>
            <TextLine id="r6l40" custom="readingOrder {index:39;}">
                <Coords points="2164,2158 2947,2164 2947,2127 2898,2121 2164,2119"/>
                <Baseline points="2172,2151 2210,2152 2248,2154 2287,2154 2325,2155 2364,2155 2402,2155 2440,2155 2479,2155 2517,2155 2556,2155 2594,2155 2632,2155 2671,2155 2709,2155 2748,2155 2786,2155 2824,2156 2863,2157 2901,2158 2940,2159"/>
                <TextEquiv>
                    <Unicode>Auf eine Frage des Rechtsanwalts Dr.</Unicode>
                </TextEquiv>
            </TextLine>
            <TextLine id="r6l41" custom="readingOrder {index:40;}">
                <Coords points="1760,2191 2939,2202 2910,2159 1760,2153"/>
                <Baseline points="1767,2187 1825,2188 1883,2188 1941,2189 2000,2190 2058,2190 2116,2191 2174,2191 2233,2192 2291,2192 2349,2192 2407,2193 2466,2193 2524,2193 2582,2194 2640,2194 2699,2194 2757,2194 2815,2195 2873,2195 2932,2195"/>
                <TextEquiv>
                    <Unicode>Rosenberger erklärt die Zeugin, daß nach einer nur für</Unicode>
                </TextEquiv>
            </TextLine>
            <TextLine id="r6l42" custom="readingOrder {index:41;}">
                <Coords points="1753,2230 2939,2252 2940,2202 1753,2193"/>
                <Baseline points="1761,2224 1819,2225 1878,2226 1936,2226 1995,2227 2053,2227 2112,2228 2170,2228 2229,2229 2287,2229 2346,2229 2405,2230 2463,2230 2522,2230 2580,2231 2639,2231 2697,2232 2756,2232 2814,2233 2873,2234 2932,2234"/>
                <TextEquiv>
                    <Unicode>Bühnenkünstler bestimmten Nachmittagsaufführung keinesfalls,</Unicode>
                </TextEquiv>
            </TextLine>
            <TextLine id="r6l43" custom="readingOrder {index:42;}">
                <Coords points="1764,2270 2713,2255 2946,2287 2946,2243 2900,2236 1764,2229"/>
                <Baseline points="1771,2264 1829,2265 1887,2265 1946,2266 2004,2266 2062,2267 2121,2267 2179,2267 2237,2267 2296,2268 2354,2268 2412,2268 2471,2269 2529,2269 2587,2269 2646,2269 2704,2270 2762,2270 2821,2270 2879,2271 2938,2271"/>
                <TextEquiv>
                    <Unicode>wie behauptet wird, unter den Künstlern die Ansicht be¬</Unicode>
                </TextEquiv>
            </TextLine>
            <TextLine id="r6l44" custom="readingOrder {index:43;}">
                <Coords points="1771,2305 2949,2314 2949,2280 2860,2268 1771,2268"/>
                <Baseline points="1779,2302 1837,2303 1895,2304 1953,2304 2011,2305 2069,2305 2127,2306 2186,2306 2244,2306 2302,2306 2360,2306 2418,2306 2476,2306 2534,2306 2593,2306 2651,2307 2709,2307 2767,2307 2825,2308 2883,2308 2942,2309"/>
                <TextEquiv>
                    <Unicode>standen habe, ein anständiger Künstler dürfte in einem derartigen</Unicode>
                </TextEquiv>
            </TextLine>
            <TextLine id="r6l45" custom="readingOrder {index:44;}">
                <Coords points="1768,2348 2745,2362 2939,2355 2940,2315 1768,2306"/>
                <Baseline points="1775,2338 1832,2339 1890,2340 1948,2341 2006,2342 2064,2342 2122,2343 2179,2343 2237,2343 2295,2343 2353,2343 2411,2344 2469,2344 2527,2344 2584,2344 2642,2344 2700,2344 2758,2345 2816,2345 2874,2346 2932,2347"/>
                <TextEquiv>
                    <Unicode>Stück nicht spielen. Es habe im Gegenteil die Meinung bestanden,</Unicode>
                </TextEquiv>
            </TextLine>
            <TextLine id="r6l46" custom="readingOrder {index:45;}">
                <Coords points="1757,2382 2942,2392 2920,2349 1757,2344"/>
                <Baseline points="1764,2376 1822,2378 1881,2379 1939,2379 1998,2380 2056,2380 2115,2380 2173,2380 2232,2380 2290,2380 2349,2380 2407,2380 2466,2380 2524,2380 2583,2380 2641,2380 2700,2380 2758,2381 2817,2382 2875,2382 2934,2384"/>
                <TextEquiv>
                    <Unicode>daß das Stück, so wie es gespielt werde, hochkünstlerisch sei und keines¬</Unicode>
                </TextEquiv>
            </TextLine>
            <TextLine id="r6l47" custom="readingOrder {index:46;}">
                <Coords points="1765,2425 2951,2442 2929,2387 1765,2382"/>
                <Baseline points="1772,2415 1830,2415 1889,2416 1947,2416 2006,2416 2065,2416 2123,2417 2182,2417 2240,2417 2299,2417 2358,2417 2416,2417 2475,2417 2533,2418 2592,2418 2651,2418 2709,2418 2768,2419 2826,2419 2885,2419 2944,2420"/>
                <TextEquiv>
                    <Unicode>falls unsittlich wirke. Mit Rücksicht auf die Bekundung eines von</Unicode>
                </TextEquiv>
            </TextLine>
            <TextLine id="r6l48" custom="readingOrder {index:47;}">
                <Coords points="1758,2457 2949,2461 2949,2423 1759,2420"/>
                <Baseline points="1766,2450 1824,2451 1883,2453 1942,2454 2001,2454 2060,2455 2118,2455 2177,2455 2236,2455 2295,2455 2354,2455 2412,2455 2471,2455 2530,2455 2589,2455 2648,2455 2706,2455 2765,2456 2824,2456 2883,2457 2942,2458"/>
                <TextEquiv>
                    <Unicode>der Staatsanwaltschaft geladenen Zeugen, eines 22jährigen Studenten,</Unicode>
                </TextEquiv>
            </TextLine>
            <TextLine id="r6l49" custom="readingOrder {index:48;}">
                <Coords points="1756,2493 2947,2509 2947,2462 2878,2457 1756,2459"/>
                <Baseline points="1764,2489 1822,2490 1881,2491 1940,2492 1999,2492 2058,2493 2116,2493 2175,2493 2234,2493 2293,2493 2352,2492 2410,2492 2469,2492 2528,2492 2587,2492 2646,2491 2704,2491 2763,2492 2822,2492 2881,2493 2940,2493"/>
                <TextEquiv>
                    <Unicode>der erklärt hatte, daß der „Soldat“ auf der Bühne eine unsittliche</Unicode>
                </TextEquiv>
            </TextLine>
            <TextLine id="r6l50" custom="readingOrder {index:49;}">
                <Coords points="1756,2529 2938,2535 2766,2487 1756,2494"/>
                <Baseline points="1764,2525 1822,2526 1880,2527 1939,2528 1997,2528 2055,2529 2114,2529 2172,2530 2230,2530 2289,2530 2347,2530 2405,2530 2464,2530 2522,2529 2580,2529 2639,2529 2697,2529 2755,2529 2814,2529 2872,2529 2931,2530"/>
                <TextEquiv>
                    <Unicode>Bewegung an seinen Kleidern gemacht habe, fragt der Sachverstän¬</Unicode>
                </TextEquiv>
            </TextLine>
            <TextLine id="r6l51" custom="readingOrder {index:50;}">
                <Coords points="1753,2563 2941,2583 2941,2533 1754,2533"/>
                <Baseline points="1761,2561 1819,2563 1878,2564 1936,2565 1995,2566 2054,2566 2112,2566 2171,2567 2230,2567 2288,2567 2347,2567 2406,2566 2464,2566 2523,2566 2582,2566 2640,2566 2699,2566 2758,2566 2816,2567 2875,2567 2934,2568"/>
                <TextEquiv>
                    <Unicode>dige Dr. Alfred Kerr die Zeugin, ob sie es für möglich halte,</Unicode>
                </TextEquiv>
            </TextLine>
            <TextLine id="r6l52" custom="readingOrder {index:51;}">
                <Coords points="1755,2609 2947,2615 2947,2577 2840,2566 1755,2566"/>
                <Baseline points="1762,2599 1820,2600 1879,2601 1938,2601 1997,2602 2056,2602 2115,2603 2174,2603 2233,2603 2292,2604 2351,2604 2409,2604 2468,2604 2527,2604 2586,2604 2645,2603 2704,2603 2763,2603 2822,2602 2881,2602 2940,2601"/>
                <TextEquiv>
                    <Unicode>daß ein Schauspieler, der weiß, daß im Parkett ein „Stinkbomben¬</Unicode>
                </TextEquiv>
            </TextLine>
            <TextLine id="r6l53" custom="readingOrder {index:52;}">
                <Coords points="1759,2651 2935,2647 2914,2607 1759,2603"/>
                <Baseline points="1766,2638 1824,2639 1882,2639 1940,2640 1998,2640 2056,2640 2114,2641 2172,2641 2230,2641 2288,2641 2346,2641 2404,2641 2462,2641 2520,2641 2578,2641 2636,2641 2694,2641 2752,2641 2810,2641 2868,2642 2927,2642"/>
                <TextEquiv>
                    <Unicode>pöbel“ sitze, eine derartige Bewegung machen würde. Die Zeugin</Unicode>
                </TextEquiv>
            </TextLine>
            <TextLine id="r6l54" custom="readingOrder {index:53;}">
                <Coords points="1767,2679 2943,2685 2923,2644 1767,2643"/>
                <Baseline points="1774,2673 1832,2675 1890,2676 1948,2676 2006,2677 2064,2678 2122,2678 2180,2678 2238,2678 2296,2678 2355,2678 2413,2678 2471,2678 2529,2678 2587,2678 2645,2677 2703,2677 2761,2678 2819,2678 2877,2678 2936,2679"/>
                <TextEquiv>
                    <Unicode>erklärt, daß sie eine solche Bewegung nicht wahrgenommen habe und</Unicode>
                </TextEquiv>
            </TextLine>
            <TextLine id="r6l55" custom="readingOrder {index:54;}">
                <Coords points="1759,2724 1821,2711 1886,2726 1905,2707 1966,2726 2302,2725 2302,2687 2283,2682 1759,2680"/>
                <Baseline points="1767,2714 1793,2714 1819,2713 1846,2713 1872,2713 1899,2713 1925,2713 1951,2713 1978,2713 2004,2714 2031,2714 2057,2714 2083,2714 2110,2714 2136,2715 2163,2715 2189,2715 2215,2715 2242,2715 2268,2715 2295,2715"/>
                <TextEquiv>
                    <Unicode>sie auch nicht für möglich halte</Unicode>
                </TextEquiv>
            </TextLine>
            <TextLine id="r6l56" custom="readingOrder {index:55;}">
                <Coords points="1813,2765 2933,2753 2883,2704 1813,2714"/>
                <Baseline points="1821,2747 1876,2748 1931,2749 1986,2750 2042,2751 2097,2751 2152,2752 2207,2752 2263,2752 2318,2752 2373,2752 2428,2752 2484,2752 2539,2752 2594,2752 2649,2752 2705,2752 2760,2752 2815,2752 2870,2752 2926,2753"/>
                <TextEquiv>
                    <Unicode>Auf Veranlassung des Vorsitzenden äußern sich sämtliche Dar¬</Unicode>
                </TextEquiv>
            </TextLine>
            <TextLine id="r6l57" custom="readingOrder {index:56;}">
                <Coords points="1762,2792 2935,2800 2913,2757 1762,2739"/>
                <Baseline points="1770,2784 1827,2785 1885,2786 1943,2787 2001,2788 2059,2788 2117,2789 2175,2789 2233,2789 2291,2790 2349,2790 2406,2790 2464,2790 2522,2790 2580,2790 2638,2790 2696,2790 2754,2790 2812,2790 2870,2791 2928,2791"/>
                <TextEquiv>
                    <Unicode>steller der Reihe nach darüber, daß sie sich danach gedrängt hätten, die</Unicode>
                </TextEquiv>
            </TextLine>
            <TextLine id="r6l58" custom="readingOrder {index:57;}">
                <Coords points="1762,2829 2941,2831 2907,2795 1762,2789"/>
                <Baseline points="1770,2823 1828,2824 1886,2825 1944,2826 2002,2826 2061,2827 2119,2827 2177,2827 2235,2828 2293,2828 2352,2828 2410,2828 2468,2827 2526,2827 2584,2827 2643,2827 2701,2827 2759,2826 2817,2826 2875,2826 2934,2826"/>
                <TextEquiv>
                    <Unicode>Rollen zu spielen, mit Rücksicht auf ihren hohen künftlerischen Wert.</Unicode>
                </TextEquiv>
            </TextLine>
            <TextLine id="r6l59" custom="readingOrder {index:58;}">
                <Coords points="1758,2870 2947,2874 2947,2838 2893,2830 1758,2829"/>
                <Baseline points="1766,2859 1824,2861 1883,2861 1942,2862 2000,2863 2059,2864 2118,2864 2176,2865 2235,2865 2294,2865 2353,2866 2411,2866 2470,2866 2529,2866 2587,2866 2646,2866 2705,2866 2763,2866 2822,2866 2881,2866 2940,2865"/>
                <TextEquiv>
                    <Unicode>Von irgend einer Beeinflussung oder Anstiftung durch Frau Eysoldt</Unicode>
                </TextEquiv>
            </TextLine>
            <TextLine id="r6l60" custom="readingOrder {index:59;}">
                <Coords points="1753,2911 2440,2921 2519,2910 2520,2878 1753,2868"/>
                <Baseline points="1761,2898 1798,2898 1836,2899 1873,2899 1911,2900 1948,2900 1986,2900 2023,2901 2061,2901 2098,2901 2136,2901 2174,2902 2211,2902 2249,2902 2286,2902 2324,2902 2361,2903 2399,2903 2436,2903 2474,2903 2512,2903"/>
                <TextEquiv>
                    <Unicode>oder Direktor Sladek könne keine Rede sein.</Unicode>
                </TextEquiv>
            </TextLine>
            <TextLine id="r6l61" custom="readingOrder {index:60;}">
                <Coords points="1810,2946 2932,2962 2932,2907 2858,2892 2652,2922 1810,2906"/>
                <Baseline points="1818,2945 1873,2946 1928,2947 1984,2947 2039,2948 2094,2948 2150,2948 2205,2949 2260,2949 2316,2949 2371,2949 2426,2949 2482,2949 2537,2950 2592,2950 2648,2950 2703,2950 2758,2950 2814,2950 2869,2950 2925,2951"/>
                <TextEquiv>
                    <Unicode>Stattsanwaltschaftsrat v Bradke weist darauf hin, daß der</Unicode>
                </TextEquiv>
            </TextLine>
            <TextLine id="r6l62" custom="readingOrder {index:61;}">
                <Coords points="1749,2982 2931,2995 2881,2954 1749,2942"/>
                <Baseline points="1757,2983 1815,2984 1873,2985 1931,2985 1990,2986 2048,2986 2106,2987 2165,2987 2223,2987 2281,2987 2340,2987 2398,2987 2456,2987 2514,2987 2573,2987 2631,2987 2689,2987 2748,2987 2806,2987 2864,2988 2923,2988"/>
                <TextEquiv>
                    <Unicode>Schauspioler Moissi erklärt haben soll: „Wenn man mir eine</Unicode>
                </TextEquiv>
            </TextLine>
            <TextLine id="r6l63" custom="readingOrder {index:62;}">
                <Coords points="1752,3027 2943,3027 2943,2994 2843,2982 1753,2987"/>
                <Baseline points="1760,3021 1818,3022 1877,3022 1936,3023 1995,3023 2054,3023 2112,3024 2171,3024 2230,3024 2289,3025 2348,3025 2406,3025 2465,3025 2524,3025 2583,3025 2642,3025 2700,3025 2759,3025 2818,3024 2877,3024 2936,3024"/>
                <TextEquiv>
                    <Unicode>Rolle in dem Stück angeboten hätte, so hätte ich dem Direktor die</Unicode>
                </TextEquiv>
            </TextLine>
            <TextLine id="r6l64" custom="readingOrder {index:63;}">
                <Coords points="1761,3065 2933,3072 2933,3033 2874,3018 1761,3025"/>
                <Baseline points="1769,3058 1826,3059 1884,3060 1942,3060 2000,3061 2058,3061 2116,3062 2173,3062 2231,3062 2289,3062 2347,3062 2405,3062 2463,3062 2521,3062 2578,3062 2636,3062 2694,3062 2752,3062 2810,3062 2868,3062 2926,3063"/>
                <TextEquiv>
                    <Unicode>Rolle vor die Füße geworfen.“ Leider sei Herr Moissi nicht in</Unicode>
                </TextEquiv>
            </TextLine>
            <TextLine id="r6l65" custom="readingOrder {index:64;}">
                <Coords points="1763,3119 1992,3100 2445,3122 2446,3073 1763,3064"/>
                <Baseline points="1770,3096 1803,3096 1836,3097 1870,3097 1903,3097 1937,3098 1970,3098 2003,3098 2037,3099 2070,3099 2104,3099 2137,3099 2170,3099 2204,3099 2237,3099 2271,3099 2304,3099 2337,3099 2371,3098 2404,3097 2438,3097"/>
                <TextEquiv>
                    <Unicode>Borlin, sonst wäre er geladen worden.</Unicode>
                </TextEquiv>
            </TextLine>
            <TextLine id="r6l66" custom="readingOrder {index:65;}">
                <Coords points="1805,3150 2913,3162 2940,3107 1805,3112"/>
                <Baseline points="1813,3144 1871,3144 1930,3145 1989,3145 2048,3145 2107,3145 2166,3145 2225,3145 2284,3145 2343,3145 2401,3145 2460,3145 2519,3145 2578,3145 2637,3145 2696,3145 2755,3146 2814,3147 2873,3147 2932,3148"/>
                <TextEquiv>
                    <Unicode>Direktor Sladek erklärt, daß er es ebenfalls bedauere, daß</Unicode>
                </TextEquiv>
            </TextLine>
            <TextLine id="r6l67" custom="readingOrder {index:66;}">
                <Coords points="1751,3185 2932,3193 2932,3154 2843,3147 1751,3132"/>
                <Baseline points="1759,3182 1817,3182 1875,3182 1933,3182 1992,3182 2050,3182 2108,3182 2167,3182 2225,3182 2283,3182 2342,3182 2400,3182 2458,3182 2516,3182 2575,3182 2633,3182 2691,3183 2750,3183 2808,3184 2866,3184 2925,3186"/>
                <TextEquiv>
                    <Unicode>Moissi hier nicht als Zeuge erscheinen könne, denn sonst würde er</Unicode>
                </TextEquiv>
            </TextLine>
            <TextLine id="r6l68" custom="readingOrder {index:67;}">
                <Coords points="1752,3219 2933,3224 2899,3187 1752,3185"/>
                <Baseline points="1759,3219 1817,3218 1875,3218 1933,3218 1992,3218 2050,3217 2108,3217 2167,3218 2225,3218 2283,3218 2342,3218 2400,3218 2458,3219 2516,3219 2575,3219 2633,3219 2691,3220 2750,3220 2808,3220 2866,3219 2925,3219"/>
                <TextEquiv>
                    <Unicode>dem Stantsanwalt erklären, daß er sich in einem größen Irrtum be¬</Unicode>
                </TextEquiv>
            </TextLine>
            <TextLine id="r6l69" custom="readingOrder {index:68;}">
                <Coords points="1764,3255 2923,3264 2901,3221 1764,3219"/>
                <Baseline points="1771,3254 1828,3254 1885,3255 1942,3255 1999,3255 2057,3256 2114,3256 2171,3256 2228,3256 2285,3256 2343,3256 2400,3256 2457,3256 2514,3256 2571,3256 2629,3256 2686,3256 2743,3256 2800,3256 2857,3256 2915,3256"/>
                <TextEquiv>
                    <Unicode>inde und ihm seinen künstlerischen Standpunkt über den „Reigen</Unicode>
                </TextEquiv>
            </TextLine>
            <TextLine id="r6l70" custom="readingOrder {index:69;}">
                <Coords points="1750,3300 2926,3301 2926,3263 2844,3258 1750,3259"/>
                <Baseline points="1757,3292 1815,3293 1873,3293 1931,3294 1989,3294 2047,3294 2105,3294 2163,3294 2221,3294 2279,3294 2338,3294 2396,3294 2454,3294 2512,3294 2570,3294 2628,3294 2686,3294 2744,3295 2802,3295 2860,3296 2919,3297"/>
                <TextEquiv>
                    <Unicode>klarlegen. Moissi hatte durchaus nicht sittliche Bedenken.</Unicode>
                </TextEquiv>
            </TextLine>
            <TextLine id="r6l71" custom="readingOrder {index:70;}">
                <Coords points="1758,3342 2942,3346 2941,3297 1758,3296"/>
                <Baseline points="1765,3330 1823,3331 1881,3331 1940,3331 1998,3331 2057,3331 2115,3332 2174,3332 2232,3332 2291,3332 2349,3332 2407,3332 2466,3332 2524,3331 2583,3331 2641,3331 2700,3331 2758,3331 2817,3331 2875,3330 2934,3330"/>
                <TextEquiv>
                    <Unicode>sondern nur künstlerische. Es wurde von ihm angeregt, ob es nicht</Unicode>
                </TextEquiv>
            </TextLine>
            <TextLine id="r6l72" custom="readingOrder {index:71;}">
                <Coords points="1761,3376 2933,3370 2865,3333 1761,3340"/>
                <Baseline points="1768,3370 1825,3370 1883,3370 1941,3370 1999,3370 2057,3370 2115,3370 2172,3370 2230,3370 2288,3370 2346,3370 2404,3369 2462,3369 2520,3369 2577,3369 2635,3369 2693,3369 2751,3369 2809,3369 2867,3369 2925,3369"/>
                <TextEquiv>
                    <Unicode>möglich sei, die sämtlichen Rollen in dem Stück von denselben Schau¬</Unicode>
                </TextEquiv>
            </TextLine>
            <TextLine id="r6l73" custom="readingOrder {index:72;}">
                <Coords points="1763,3414 2933,3417 2933,3370 1763,3374"/>
                <Baseline points="1770,3408 1827,3408 1885,3408 1943,3408 2001,3408 2059,3408 2116,3408 2174,3408 2232,3408 2290,3408 2348,3408 2405,3407 2463,3407 2521,3407 2579,3407 2637,3407 2694,3406 2752,3406 2810,3406 2868,3406 2926,3406"/>
                <TextEquiv>
                    <Unicode>pielern darstellen zu lassen und dadurch die Idee des Reigens erst</Unicode>
                </TextEquiv>
            </TextLine>
            <TextLine id="r6l74" custom="readingOrder {index:73;}">
                <Coords points="1756,3453 2931,3447 2868,3406 1756,3413"/>
                <Baseline points="1764,3444 1822,3445 1880,3445 1938,3446 1996,3446 2054,3446 2112,3446 2170,3446 2228,3446 2286,3446 2344,3445 2402,3445 2460,3445 2518,3445 2576,3444 2634,3444 2692,3444 2750,3443 2808,3443 2866,3443 2924,3443"/>
                <TextEquiv>
                    <Unicode>so richtig zur Anschauung zu bringen. Das war das künstlerische</Unicode>
                </TextEquiv>
            </TextLine>
            <TextLine id="r6l75" custom="readingOrder {index:74;}">
                <Coords points="1762,3489 2941,3486 2927,3447 1762,3448"/>
                <Baseline points="1769,3480 1827,3481 1885,3482 1943,3482 2002,3483 2060,3483 2118,3483 2176,3483 2235,3483 2293,3483 2351,3483 2409,3482 2468,3482 2526,3482 2584,3481 2642,3481 2701,3481 2759,3481 2817,3481 2875,3481 2934,3481"/>
                <TextEquiv>
                    <Unicode>Problem, das wir da besprochen haben. Keinesfalls hat sich Moissi</Unicode>
                </TextEquiv>
            </TextLine>
            <TextLine id="r6l76" custom="readingOrder {index:75;}">
                <Coords points="1755,3524 2930,3540 2930,3488 2877,3484 1755,3487"/>
                <Baseline points="1763,3519 1824,3520 1885,3521 1946,3521 2007,3522 2068,3522 2129,3522 2190,3522 2251,3522 2312,3522 2373,3522 2434,3521 2495,3521 2556,3521 2617,3520 2678,3520 2739,3519 2800,3518 2861,3518 2922,3517"/>
                <TextEquiv>
                    <Unicode>über die moralische Einwirkung des Stückes auf das Publikum über¬</Unicode>
                </TextEquiv>
            </TextLine>
            <TextLine id="r6l77" custom="readingOrder {index:76;}">
                <Coords points="1754,3570 2110,3563 2110,3538 2087,3528 1992,3534 1913,3523 1857,3538 1845,3526 1754,3525"/>
                <Baseline points="1761,3559 1787,3559 1813,3560 1839,3560 1866,3560 1892,3559 1918,3559 1945,3559 1971,3559 1997,3559 2024,3558 2050,3559 2076,3559 2103,3559"/>
                <TextEquiv>
                    <Unicode>haupt ausgesprochen.</Unicode>
                </TextEquiv>
            </TextLine>
            <TextLine id="r6l78" custom="readingOrder {index:77;}">
                <Coords points="1811,3613 2890,3608 2936,3603 2936,3556 1811,3561"/>
                <Baseline points="1819,3596 1874,3596 1929,3596 1985,3596 2040,3597 2096,3597 2151,3597 2207,3597 2262,3597 2318,3597 2373,3597 2428,3596 2484,3596 2539,3596 2595,3596 2650,3595 2706,3595 2761,3595 2817,3595 2872,3594 2928,3594"/>
                <TextEquiv>
                    <Unicode>Frau Eysold bestätigt dies. Moissi, der nach seiner ganzen</Unicode>
                </TextEquiv>
            </TextLine>
            <TextLine id="r6l79" custom="readingOrder {index:78;}">
                <Coords points="2813,3622 2822,3622 2837,3636 2856,3637 2861,3632 2870,3637 2903,3636 2909,3632 2917,3637 2924,3636 2923,3605 2901,3603 2895,3608 2880,3607 2871,3598 2864,3597 2857,3605 2837,3598 2830,3605 2813,3606"/>
                <Baseline points="2820,3632 2852,3631 2884,3629 2916,3630"/>
                <TextEquiv>
                    <Unicode>seiner</Unicode>
                </TextEquiv>
            </TextLine>
            <TextLine id="r6l80" custom="readingOrder {index:79;}">
                <Coords points="1756,3638 2808,3634 2771,3597 1756,3588"/>
                <Baseline points="1763,3632 1814,3632 1866,3633 1918,3633 1970,3634 2022,3634 2074,3634 2126,3634 2178,3634 2230,3634 2282,3634 2333,3634 2385,3634 2437,3634 2489,3634 2541,3634 2593,3633 2645,3633 2697,3632 2749,3632 2801,3631"/>
                <TextEquiv>
                    <Unicode>künstlarischen Entwickelung nach Tolstoi und anderen Werken</Unicode>
                </TextEquiv>
            </TextLine>
            <TextLine id="r6l81" custom="readingOrder {index:80;}">
                <Coords points="1750,3681 2925,3672 2911,3633 1750,3640"/>
                <Baseline points="1757,3671 1815,3672 1873,3672 1931,3673 1989,3673 2047,3673 2105,3673 2163,3673 2221,3673 2279,3673 2337,3672 2395,3672 2453,3671 2511,3671 2569,3670 2627,3670 2685,3669 2743,3669 2801,3668 2859,3668 2917,3667"/>
                <TextEquiv>
                    <Unicode>Tendenz hinneigt, hat durchblicken lassen, daß ihn alle solche Stücke</Unicode>
                </TextEquiv>
            </TextLine>
            <TextLine id="r6l82" custom="readingOrder {index:81;}">
                <Coords points="1751,3714 2828,3720 2925,3704 2925,3673 1751,3679"/>
                <Baseline points="1758,3708 1816,3709 1874,3709 1932,3709 1990,3710 2048,3710 2106,3710 2164,3710 2222,3709 2280,3709 2338,3709 2396,3709 2454,3708 2512,3708 2570,3707 2628,3707 2686,3706 2744,3705 2802,3705 2860,3704 2918,3704"/>
                <TextEquiv>
                    <Unicode>wie der „Reigen“ und dergleichen bei seiner künstlerischen Entwicke¬</Unicode>
                </TextEquiv>
            </TextLine>
            <TextLine id="r6l83" custom="readingOrder {index:82;}">
                <Coords points="1752,3752 2846,3758 2925,3749 2925,3704 1752,3714"/>
                <Baseline points="1759,3747 1820,3747 1881,3746 1942,3746 2003,3746 2064,3746 2125,3746 2186,3746 2247,3746 2308,3746 2369,3746 2430,3746 2491,3746 2552,3746 2613,3745 2674,3744 2735,3743 2796,3742 2857,3741 2918,3740"/>
                <TextEquiv>
                    <Unicode>lung nicht interessieren. — Direktor Sladek: Schon in dem Zivil¬</Unicode>
                </TextEquiv>
            </TextLine>
            <TextLine id="r6l84" custom="readingOrder {index:83;}">
                <Coords points="1756,3798 2914,3799 2929,3752 1756,3755"/>
                <Baseline points="1763,3786 1820,3786 1878,3785 1936,3785 1994,3785 2052,3785 2110,3785 2168,3784 2226,3784 2284,3784 2342,3784 2399,3784 2457,3783 2515,3783 2573,3783 2631,3782 2689,3782 2747,3781 2805,3780 2863,3780 2921,3779"/>
                <TextEquiv>
                    <Unicode>prozeß hat man versucht, die Aeußerungen Moissis so zu verdrehen.</Unicode>
                </TextEquiv>
            </TextLine>
            <TextLine id="r6l85" custom="readingOrder {index:84;}">
                <Coords points="1810,3848 2932,3832 2896,3789 1810,3795"/>
                <Baseline points="1818,3830 1873,3830 1928,3830 1983,3830 2039,3830 2094,3830 2149,3830 2205,3830 2260,3830 2315,3829 2371,3829 2426,3829 2481,3829 2536,3828 2592,3828 2647,3828 2702,3827 2758,3827 2813,3827 2868,3826 2924,3826"/>
                <TextEquiv>
                    <Unicode>Längere Auseinandersetzungen mit Professor Brunner drehen</Unicode>
                </TextEquiv>
            </TextLine>
            <TextLine id="r6l86" custom="readingOrder {index:85;}">
                <Coords points="1755,3881 2923,3871 2932,3831 1754,3828"/>
                <Baseline points="1762,3868 1820,3868 1878,3868 1936,3868 1994,3868 2052,3868 2110,3868 2169,3868 2227,3868 2285,3868 2343,3868 2401,3868 2459,3868 2517,3867 2576,3867 2634,3866 2692,3865 2750,3865 2808,3863 2866,3862 2925,3861"/>
                <TextEquiv>
                    <Unicode>sich um dessen Bemerkung, daß hier immer so getan wird, als ob</Unicode>
                </TextEquiv>
            </TextLine>
            <TextLine id="r6l87" custom="readingOrder {index:86;}">
                <Coords points="1752,3910 2868,3916 2924,3870 1752,3879"/>
                <Baseline points="1759,3905 1816,3905 1874,3905 1932,3905 1990,3905 2048,3905 2106,3905 2163,3905 2221,3905 2279,3905 2337,3905 2395,3905 2453,3904 2511,3904 2568,3904 2626,3903 2684,3903 2742,3902 2800,3901 2858,3900 2916,3899"/>
                <TextEquiv>
                    <Unicode>es sehr schwer gewesen sei, für die Rollen die geeigneten Schau¬</Unicode>
                </TextEquiv>
            </TextLine>
            <TextLine id="r6l88" custom="readingOrder {index:87;}">
                <Coords points="1767,3951 2790,3954 2924,3941 2924,3901 1767,3910"/>
                <Baseline points="1774,3942 1831,3942 1888,3942 1945,3942 2002,3942 2059,3942 2116,3942 2173,3941 2230,3941 2287,3941 2345,3941 2402,3941 2459,3941 2516,3940 2573,3940 2630,3939 2687,3939 2744,3938 2801,3937 2858,3937 2916,3936"/>
                <TextEquiv>
                    <Unicode>pieler und Schauspielerinnnen zu finden, während nach seiner</Unicode>
                </TextEquiv>
            </TextLine>
            <TextLine id="r6l89" custom="readingOrder {index:88;}">
                <Coords points="1760,3986 2900,3989 2929,3942 1760,3944"/>
                <Baseline points="1768,3979 1825,3979 1883,3979 1940,3979 1998,3979 2056,3979 2113,3979 2171,3979 2229,3979 2286,3979 2344,3979 2402,3979 2459,3979 2517,3979 2575,3978 2632,3978 2690,3977 2748,3976 2805,3975 2863,3973 2921,3972"/>
                <TextEquiv>
                    <Unicode>Reinung die Rollen doch sehr einfach seien. Gegen diese Ansicht</Unicode>
                </TextEquiv>
            </TextLine>
            <TextLine id="r6l90" custom="readingOrder {index:89;}">
                <Coords points="1756,4019 2843,4024 2916,4016 2916,3982 1756,3983"/>
                <Baseline points="1764,4018 1821,4017 1878,4017 1935,4016 1993,4016 2050,4016 2107,4016 2164,4016 2222,4016 2279,4015 2336,4015 2393,4015 2451,4015 2508,4015 2565,4015 2622,4015 2680,4014 2737,4014 2794,4013 2851,4012 2909,4011"/>
                <TextEquiv>
                    <Unicode>wenden sich Angeklagte und Verteidiger. — Justizrat Dr. Rosen¬</Unicode>
                </TextEquiv>
            </TextLine>
            <TextLine id="r6l91" custom="readingOrder {index:90;}">
                <Coords points="1753,4063 2927,4059 2879,4013 1753,4023"/>
                <Baseline points="1761,4056 1818,4055 1876,4054 1934,4053 1992,4053 2050,4052 2108,4052 2166,4052 2224,4051 2282,4051 2340,4051 2397,4051 2455,4051 2513,4051 2571,4051 2629,4051 2687,4051 2745,4050 2803,4050 2861,4049 2919,4049"/>
                <TextEquiv>
                    <Unicode>berger meint, die Ansicht des Sachverständigen Brunner sei völlig</Unicode>
                </TextEquiv>
            </TextLine>
            <TextLine id="r6l92" custom="readingOrder {index:91;}">
                <Coords points="1747,4098 2925,4095 2924,4060 2867,4051 1747,4063"/>
                <Baseline points="1754,4094 1812,4093 1870,4092 1928,4091 1986,4091 2044,4090 2102,4090 2161,4090 2219,4090 2277,4089 2335,4089 2393,4089 2451,4089 2509,4089 2568,4088 2626,4088 2684,4087 2742,4087 2800,4086 2858,4085 2917,4084"/>
                <TextEquiv>
                    <Unicode>abwegig. Herr Professor Brunner sei zwar als Sachverständiger</Unicode>
                </TextEquiv>
            </TextLine>
            <TextLine id="r6l93" custom="readingOrder {index:92;}">
                <Coords points="1749,4130 2933,4126 2856,4087 1749,4098"/>
                <Baseline points="1757,4130 1815,4129 1873,4129 1932,4128 1990,4128 2049,4128 2107,4128 2165,4128 2224,4128 2282,4128 2341,4128 2399,4128 2457,4128 2516,4128 2574,4127 2633,4127 2691,4126 2749,4125 2808,4124 2866,4123 2925,4121"/>
                <TextEquiv>
                    <Unicode>geladen, er wolle nicht sagen, daß er ist, aber er sei doch als solcher</Unicode>
                </TextEquiv>
            </TextLine>
            <TextEquiv>
                <Unicode>Die Bewessaufnahme
ii „Rei##en“=Drozeß.
Aussagen der Darstelle
Die Fortsetzung der Verhandlung gegen Frau Certrud Cysoldt,
den Direktor Sladek, Regisseur Reusch und die zehn Darsteller
des Reigens“ findet heute nach eintägiger Unterbrechung in einem
etwas größeren Sitzungssaal statt.
Nach Aufruf der Sachverständigen und Zeugen wird die Beweis¬
aufnahme fortgesetzt. Architekt Moritz Lesser bekundet als Zeuge,
daß er den „Reigen“ in einer der ersten Aufführungen gesehen habe,
ebenso in der Separatvorstellung am letzten Sonntag, zu der er in
einer besonders kritischen Stimmung gegangen sei. Er habe aber
weder beim erstenmal noch am Sonntag irgendwie Anstoß ge¬
nommen. Wenn man aber, wie er, vier Stunden auf dem Korridor
vor dem Gerichtssaal warten mußte und dann die Szenen, die sich
dort abgespielt haben, gesehen hat, dann müsse man zu der Ueber¬
zeugung kommen, daß die Sittlichkeit gar nicht als Selbstzweck,
sondern als Mittel zum Zweck der Tendenzmache diente.
Redakteur Sachers bekundet als Zeuge, daß er nach der An¬
sprache, die Frau Eysoldt vor Beginn der „Reigen'=Aufführungen
an das Publikum gerichtet, die Ueberzeugung gewonnen habe, daß es
sich um den Kampf einer künstlerischen Seele handelt
und daß es sich bei dem Schnitzlerschen „Reigen“ um ein wirklich
künstlerisches Werk handele, bei dem, seines Erachtens nach, ein
normales Empfinden nicht behelligt werden könne.
In ähnlicher Weise äußert sich der Registrator Bannert, der
in keiner Weise an dem Stück Anstoß genommen hat.
Die Schauspielerin Beck. die in, den ersten Wochen der
Aufführung die Rolle der „Dirne
 gespielt hat, bekundet,
daß von dem Regisseur Reusch schon bei den Proben besonderer Wert
darauf gelegt worden sei, daß alles vermieden würde, was zu
realistisch wirken und mit höchster Dezenz gespielt würde. Einer
der Angeklagten, der seinerzeit der Partner der Zeugin war und
den „Solpaten“ gespielt hatte, fragt die Zeugin, ob er jemals, wie
die Zeugin Frau Hauptmann Müller bekundet, hat, ihre Beine
„pervers umschlungen“ habe. Die Zeugin Beck erklärt, daß dies nie
der Fall gewesen sei, und daß eine derartige Angabe eine glatte
Unwahrheit sei. —
Auf eine Frage des Rechtsanwalts Dr.
Rosenberger erklärt die Zeugin, daß nach einer nur für
Bühnenkünstler bestimmten Nachmittagsaufführung keinesfalls,
wie behauptet wird, unter den Künstlern die Ansicht be¬
standen habe, ein anständiger Künstler dürfte in einem derartigen
Stück nicht spielen. Es habe im Gegenteil die Meinung bestanden,
daß das Stück, so wie es gespielt werde, hochkünstlerisch sei und keines¬
falls unsittlich wirke. Mit Rücksicht auf die Bekundung eines von
der Staatsanwaltschaft geladenen Zeugen, eines 22jährigen Studenten,
der erklärt hatte, daß der „Soldat“ auf der Bühne eine unsittliche
Bewegung an seinen Kleidern gemacht habe, fragt der Sachverstän¬
dige Dr. Alfred Kerr die Zeugin, ob sie es für möglich halte,
daß ein Schauspieler, der weiß, daß im Parkett ein „Stinkbomben¬
pöbel“ sitze, eine derartige Bewegung machen würde. Die Zeugin
erklärt, daß sie eine solche Bewegung nicht wahrgenommen habe und
sie auch nicht für möglich halte
Auf Veranlassung des Vorsitzenden äußern sich sämtliche Dar¬
steller der Reihe nach darüber, daß sie sich danach gedrängt hätten, die
Rollen zu spielen, mit Rücksicht auf ihren hohen künftlerischen Wert.
Von irgend einer Beeinflussung oder Anstiftung durch Frau Eysoldt
oder Direktor Sladek könne keine Rede sein.
Stattsanwaltschaftsrat v Bradke weist darauf hin, daß der
Schauspioler Moissi erklärt haben soll: „Wenn man mir eine
Rolle in dem Stück angeboten hätte, so hätte ich dem Direktor die
Rolle vor die Füße geworfen.“ Leider sei Herr Moissi nicht in
Borlin, sonst wäre er geladen worden.
Direktor Sladek erklärt, daß er es ebenfalls bedauere, daß
Moissi hier nicht als Zeuge erscheinen könne, denn sonst würde er
dem Stantsanwalt erklären, daß er sich in einem größen Irrtum be¬
inde und ihm seinen künstlerischen Standpunkt über den „Reigen
klarlegen. Moissi hatte durchaus nicht sittliche Bedenken.
sondern nur künstlerische. Es wurde von ihm angeregt, ob es nicht
möglich sei, die sämtlichen Rollen in dem Stück von denselben Schau¬
pielern darstellen zu lassen und dadurch die Idee des Reigens erst
so richtig zur Anschauung zu bringen. Das war das künstlerische
Problem, das wir da besprochen haben. Keinesfalls hat sich Moissi
über die moralische Einwirkung des Stückes auf das Publikum über¬
haupt ausgesprochen.
Frau Eysold bestätigt dies. Moissi, der nach seiner ganzen
seiner
künstlarischen Entwickelung nach Tolstoi und anderen Werken
Tendenz hinneigt, hat durchblicken lassen, daß ihn alle solche Stücke
wie der „Reigen“ und dergleichen bei seiner künstlerischen Entwicke¬
lung nicht interessieren. — Direktor Sladek: Schon in dem Zivil¬
prozeß hat man versucht, die Aeußerungen Moissis so zu verdrehen.
Längere Auseinandersetzungen mit Professor Brunner drehen
sich um dessen Bemerkung, daß hier immer so getan wird, als ob
es sehr schwer gewesen sei, für die Rollen die geeigneten Schau¬
pieler und Schauspielerinnnen zu finden, während nach seiner
Reinung die Rollen doch sehr einfach seien. Gegen diese Ansicht
wenden sich Angeklagte und Verteidiger. — Justizrat Dr. Rosen¬
berger meint, die Ansicht des Sachverständigen Brunner sei völlig
abwegig. Herr Professor Brunner sei zwar als Sachverständiger
geladen, er wolle nicht sagen, daß er ist, aber er sei doch als solcher</Unicode>
            </TextEquiv>
        </TextRegion>
    </Page>
</PcGts>
