3496 4320
424 164 505 243 1
1120 171 1541 269 box 17/5
575 168 944 278 Reigen
663 1128 1070 1228 Die Herren
678 1207 1556 1290 Bemerkungen zur „Reigen“=Affäre.
685 1278 1573 1358 Man soll den Streit um die Aufführung
1570 1289 1664 1353 des
567 1331 1676 1408 Schnitzlerschen „Reigens“ nicht schelten; er hatte, von
573 1389 1671 1443 dem nicht undeträchtlichen politischen Hintergrund abge¬
574 1438 1665 1494 sehen, auch darin sein Gutes, daß er wieder einmal den
567 1495 1672 1554 an sich lächerlichen, aber in seiner Anmaßlichkeit doch
571 1532 1659 1600 auch störenden Typus der Oberlehrer=Naturen mit ent¬
573 1582 1663 1644 sprechender Deutlichkeit allen vor Augen geführt hat. Im
574 1633 1669 1690 alten Staat war die Bevormundung der Bürger durch
569 1677 1665 1733 den Staat ein Stück jenes großen Systems von Siche¬
562 1733 1663 1786 rungen, welche zur Erhallung der Macht erfunden und
570 1769 1658 1837 planmäßig ausgebaut worden waren. Es lag im Wesen
570 1825 1656 1884 dieses Systems, nicht nur das Tun, sondern auch das
572 1874 1657 1932 Denken zu überwachen, denn da das Denken das Tun
572 1931 1669 1988 erzeugt, schien es zweckmäßig, hinter jedes Hirn einen
562 1975 1656 2029 unsichtbaren Polizisten zu stellen, der darauf zu achten
572 2020 1656 2088 hatte, daß alles respektiert werde, was zur Erhaltung der
573 2064 1662 2121 Macht gehört. Vom ersten Lesebuch an, welches das Kind
569 2113 1664 2164 in die Hände bekam, bis zum vaterländischen Geschichts¬
573 2161 1667 2215 werk, vom ernsten Theaterstück, welches der Dramatiker
574 2210 1657 2263 dem Bühnendirektor übergab, bis herunier zum kleinen
578 2259 1661 2313 Touplet des Brettelsängers wurde jede Zeile auf ihren
565 2307 1653 2364 Geist und die Harmlosigkeit oder Bösartigkeit dieses
561 2351 1667 2408 Beistes geprüft. Die Methode hatte einen bestimmten
573 2406 1657 2469 Zweck: die Erhaltung der Macht. Wer diese Macht be¬
575 2462 1665 2516 ahte, mußte logischerweise auch die Mittel zu ihrer Er¬
577 2494 1658 2558 haltung gutheißen, wer sie verneinte, sah in dieser
567 2552 1664 2618 Methode das größte Hindernis einer wirklichen Befreiung
563 2597 765 2657 der Köpfe.
680 2629 1656 2701 Nun leben wir, sagt man, in der Freiheit. Wir
566 2690 1669 2762 könnten zumindest frei leben, weil der Zwang, ein kom¬
567 2741 1657 2808 pliziertes Herrschaftssystem aufrechtzuerhalten, wegfällt.
565 2786 1671 2844 Der Staat kann sich auf seine natürlichen Funktionen
566 2839 1661 2895 beschränken: der Schützer des Lebens und Eigentums,
575 2888 1658 2946 Polizist und Nachtwächter zu sein. Woher kommt es nun,
569 2940 1657 2994 daß er dennoch rückfällig, daß er Mentor und Vormund,
571 2982 1665 3037 Einbrecher in die Privatsphäre des Bürgers wird? Dies
574 3077 1657 3141 abstrakten Ungeheuers „Staat“, sondern an dem wider¬
568 3125 1657 3182 wärtigsten Menschentypus, an den sogenannten Oberlehrer¬
577 3178 1657 3235 Seelen, die von der absonderlichen Idee besessen sind,
575 3227 1659 3282 ich um Dinge zu kümmern, die sie gar nichts angehen,
564 3273 1661 3332 dabei aber den Vorwand gebrauchen, es handle sich bei
568 3318 1661 3373 dieser Einmischung in die Privatsphäre der Mitmenschen
568 3376 1662 3434 um das „allgemeine Wohl“, um das „sittliche Heil“ und
563 3416 900 3483 dergleichen mehr.
677 3460 1665 3539 Das „Reigen“=Beispiel: Es ist jedermann gestattet,
568 3517 1659 3579 Schnitzlers kleine Szenenreihe für was immer zu halten,
575 3567 1663 3627 Gefallen daran zu finden oder in ihr, wie so viele der
561 3611 1662 3673 öffentlichen Schwätzer getan, eine „Schweinerei“ zu sehen.
560 3666 1660 3728 Jeder hat das Recht, seine Dummheit zu plakatieren, die
563 3710 1666 3776 Armseligkeit und Dürftigkeit der eigenen Natur — es
566 3759 1664 3812 kann daher niemand verwehrt werden, den Wiener Dichter
565 3807 1665 3870 mit Unrat zu bewerfen. Nur eines sollten alle öffentlich
559 3854 1653 3919 Wirkenden, Politiker, Staatsmänner und Journalisten
555 3909 1657 3979 ndlich kapieren lernen, daß sie kein wie immer geartetes
1865 747 2631 811 „Wiener Sonn- und Montags-Zeitung“.
1710 790 2823 875 Necht besiten, sich in die Privatsphäre ihrer Mitmenschen
1713 866 2823 915 einzudrängen. Dies nämlich ist der fundamentale Unter¬
1717 908 2813 972 schied zwischen Barbarei und Gesittung, zwischen Knechtung
1705 961 2817 1013 und Freiheit, ob die Privatsphäre des einzelnen unan¬
1707 1010 2821 1077 getastet bleibt von frechen Einbrüchen und Betastungen.
1829 1055 2824 1127 Und die Frage der „Reigen“=Aufführungen ist eine
1712 1095 2807 1174 Pripatangelegenheit jedes einzelnen der Kamimerspiel
1707 1158 2813 1224 r. Verstehen das die Politiker nicht? Wollen die
1710 1206 2819 1267 aufgeregten Eiferer diese einsache Tatsache nicht begreifen?
1712 1243 2810 1318 Der Politiker kann, wenn er will, auf der Tribüne sagen
1708 1295 2819 1358 ihm gefalle es nicht, daß die Bühnen nur das erorische
1711 1344 2815 1412 Thema behandeln; er barf aber den Mitmenschen,
1711 1392 2817 1458 dem das erotische Thema amüsanter und wichtiger
1716 1448 2828 1497 erscheint als politisches Geschwätz, nicht vergewaltigen
1711 1488 2831 1548 wollen. Der Theaterkritiker kann, wenn es ihm Spaß
2756 1541 2827 1604 der
1709 1549 2757 1604 macht, alle Argumente gegen die Aufführung
1719 1583 2819 1655 Schnitzlerschen Szeuen aufmarschieren lassen. Aber eines
1704 1637 2821 1693 darf er nicht; er darf nicht nach der Polizei schreien.
1706 1680 2819 1744 Das ist anmaßende Frechheit und schmutzigsie Lumperei
1712 1734 2820 1794 obendrein. In einem gesitteten Gesellschaftszustand
1711 1792 2820 1854 muß es jedermann gestattet sein, sich die Art des Ver¬
1701 1830 2819 1891 gnügens und der Unterhaltung selbst zu bestimmen. Die
1705 1881 2720 1948 Menschen, die abends das Kammerspielhaus besuchen,
2741 1880 2820 1933 sind
1702 1925 2714 1983 dem Staat vielleicht Steuerreste, aber auf keinen
2728 1927 2825 1983 Fall
1704 1974 2828 2021 Rechenschaft darüber schuldig, ob der „Reigen“ ihrer
1712 2026 2815 2078 „Sittlichkeit“ zuträglich oder abträglich ist. Und die Herren
1704 2073 2813 2131 Richter in den Redaktionen geht der Geschmack und das
1709 2116 2817 2179 leibliche Wohl der Theaterbesucher schon gar nichts an.
1708 2162 2816 2229 Es wirkt aufreizend, Politiker und Journalisten als Ober¬
1714 2218 2823 2284 i#er der Gesellschaft zu sehen, in der Rolle des Klassen¬
1741 2268 2815 2320 standes, der den Theaterbesuch der Schüler unter
1699 2311 2819 2378 Zensur stellt. Wenn man sich der Mühe unterzöge, etwa
1702 2361 2815 2423 die psychologischen Untergründe dieses Oberlehrertums zu
1704 2405 2814 2464 untersuchen, käme man ja sehr bald darauf, daß die
1713 2451 2820 2522 Sorge um die bedrohte „Sittlichkeit“ in den wenigsten
1703 2506 2809 2564 Fällen einem ibealen Irrium, sondern dem Mißverständnis
1702 2557 2808 2617 eines galligen Leibes entspringt, der seine physiologischen
1696 2599 2811 2657 Mängel als sittliches Plus umdeutet. Mit anderen Worten:
1706 2650 2802 2706 Sittliche Entrüstung ist meistens der Trauergesang eines
1704 2694 2807 2753 Feuchthänders. Dennoch: Wer sich in dieser Art demaskieren
1707 2747 2807 2808 will, mag's immerhin tun. Anders wird die Sache,
1710 2791 2805 2854 wenn er die Gewalt anruft. Dann muß man ihn
1713 2851 2818 2910 daran erinnern, wie unangenehm es ihm und seinesgleichen
1710 2894 2815 2954 war, als andere Apostel der Gewalt die Verhinderung
1704 2940 2804 2996 der Presse als das beste Mittel zur Hebung der Sittlich¬
1710 2989 2803 3052 keit empfahlen. Merkwürdigerweise waren es fast ganz
1708 3037 2803 3106 ähnliche Argumente, welche diese Gewaltanbeter vorbrachten.
1716 3088 2801 3142 Mit Recht hat man sich damals gegen die Bedrohung der
1700 3133 2802 3194 Presse gewehrt und die Freiheit jedes Druckerzeugnisses
1707 3190 2815 3244 gefordert. Soll das Theater anders beurteilt werden?
1702 3230 2804 3282 Will man wirklich den Geschmack oder das Unterhaltungs¬
1702 3280 2806 3336 bedürfnis einer Großstadt unter die Konirolle irgendeines
1706 3328 2799 3388 Polizeibeamten stellen? Es gibt ein sehr einfaches Mittel,
1704 3374 2803 3429 die sittlich entrüsteten Schreier zu beruhigen: Was ihnen
1701 3426 2804 3494 nicht gefällt, können sie meiden. Was die anderen tun,
1697 3469 2062 3542 geht sie nichts an.
1812 3521 2813 3588 Der gutmütige Wiener hat sich jahrhundertelang
1703 3552 2801 3622 bevormunden, schikanieren und zensurieren lassen. Er ver¬
1700 3623 2799 3681 traute den Oberlehrer=Naturen, war wirklich der Schüler,
1707 3669 2804 3727 dem das Maß geistiger Freiheit portionweise abge¬
1709 3714 2811 3776 messen wurde. Der Endeffekt der Oberlehrerei müßte ihm
1711 3764 2788 3826 endlich auch den letzten Rest von Autoritätsanbetung
1704 3821 2797 3871 nehmen. Er ziehe endlich die Konsequenz seiner Einsicht!
1702 3863 2800 3928 Er schüttle die Oberlehrer ab! Es ist genug der frechen
1696 3912 2815 3988 Bevormunhung Es hat niemand das Recht, um meine
2973 738 3349 802 14. Februar 1921
2867 799 3444 875 Sele, um meine Sitlichteit,
2862 866 3451 930 leibliches Wohl besorgt zu sein
2856 908 3401 978 die von dieser Sorge leben.
2865 957 3407 1016 damit an, die Freiheit des
2862 1006 3441 1087 Sphäre seines Wollens zu res
2978 1121 3440 1220 (Die obigen Ausführun
2866 1195 3449 1274 Meinung unseres Mitarbeiter
2869 1247 3211 1329 wieder. D. Red.)
2935 1313 3451 1413 K Andmsssen
