3392 4352
207 644 564 721 Wien. Samsfag
32 742 606 803 indesministerium des Innern
65 797 600 865 der heutigen Sitzung bot
51 849 600 911 alten Zeit vor dem Krieg.
32 891 602 964 takteure damals andere.
135 944 605 1004 heate die Sozial¬
28 956 85 998 n
30 982 612 1047 merkennen, daß sie dieselbe
21 1042 605 1101 spielten und ihren Vorbildern
27 1084 607 1140 n Parlament talentvoll nach¬
25 1132 600 1194 e übertrafen, als sie ihren
23 1175 609 1243 e technischer Mittel lediglich
34 1228 567 1297 und Stimmitteln bestritten.
29 1268 609 1339 kanntwerden des „Reigen?¬
51 1317 603 1377 die Reihen der Sozialdemo¬
20 1365 613 1434 ammelte Unterschriften, drängte
51 1416 618 1478 Es war zu ersehen, daß es
30 1459 613 1519 nes dringlichen Antrages oder
35 1510 602 1570 andelte. Und sofort, als sich
29 1563 608 1623 hme des letzten Punktes der
32 1606 614 1676 al von den Sitzen erhoben
36 1646 616 1712 hner zum Rednerpult und
35 1708 606 1766 Bundesminister für Inneres
25 1749 610 1806 Frlaß über das Verbot
19 1798 614 1852 78 „Reigen“ sofort zurück¬
28 1845 615 1908 r ist nicht ganz gesund und
35 1895 609 1957 uf seinen bedauernswerten
67 1931 606 2005 Taktgefühl, auf die Art,
21 1984 608 2051 begründete, charakterisierend
30 2037 617 2092 ur, daß er auf den Bänken
19 2092 548 2148 mlleidiges Lächeln erntete.
32 2121 623 2194 Glanz erteilte unverweikt
35 2177 608 2241 dig, ruhig und kühl, wie es
33 2234 608 2290 n Auftreten im Nationalrat
49 2271 620 2332 einen Mann von Kenntnissen,
26 2320 609 2375 idlieniger Tatkraft und Kalt¬
39 2364 612 2434 errschtheit scheint die Sozial¬
31 2416 608 2475 keizen. Sie, die sich angeblich
25 2464 623 2531 erfassung erhoben hatten,
28 2508 618 2577 wieder während der Aus¬
27 2559 622 2618 nisters völlig ihre Fassung
33 2609 613 2669 Rand und Band wie
26 2663 618 2715 zienzeiten der Opposition.
37 2708 614 2759 parlamentarischem Benehmen
37 2748 622 2817 zuschauer beinahe ein ergötz¬
34 2797 616 2865 zu sehen, die im vorgeblichen
52 2851 618 2907 ganze Kultur ablegten. Be¬
25 2886 614 2955 sich zu Beginn der Minister¬
31 2937 621 2999 vor. Er, das Musterbild
30 2987 618 3052 # wenn man sich an die Zeit,
25 3036 582 3093 identenstuhl saß, erinnert -
32 3086 616 3142 tand eifrig tätig mitten unter
36 3131 623 3204 der lautesten. Ein Zwischenruf
23 3179 618 3253 Mataja erst brachte ihn
69 3215 616 3290 und den weiteren Lärm
17 3269 614 3346 esorgen. Sie taten es mit
100 3320 616 3389 so daß Bundesminister
37 3363 625 3433 sich verständlich zu machen
35 3418 623 3483 nals unterbrechen mußte. Die
21 3466 622 3526 fralen steigerte sich geradezu
20 3513 627 3574 desminisier schließend erklärte,
31 3557 618 3626 er sein Wirken getrost allen
27 3605 620 3667 den. Beschimpfungen erhoben
27 3655 633 3713 melten auf die Ministerbank
34 3705 630 3768 mTätlichkeiten bedroht. Die
36 3808 620 3862 Gleich das erste Konzert war
49 3855 614 3913 Daß dem begeisterten Mahler¬
41 3892 622 3953 liegt Lonnte miun zum voraus
57 3940 618 3992 die Einheitlichkeit und Wucht
49 3987 629 4039 schen Zug und die seingetönte
36 4024 618 4094 chatten an diese Abend erleht
35 4059 623 4120 eum gelang ausgezeichnet. Der
56 4104 622 4164 Dirigenten willig gehorchende
2677 612 2858 680 Kr. 42
1743 628 2122 697 12. Februar 1921
1003 639 1364 711 eichspost
1809 715 2946 782 geben wird. Die Vorgänge, die den Kern des in Rede
642 735 1767 801 Christlichsozialen drängten sich heran, um weitere Aus¬
1813 765 2946 821 tehenden Stückes bilden, sind in dieser Beziehung durchaus
648 788 1768 853 artungen der Sozialdemokraten zu verhindern. Ge¬
1809 812 2094 875 Andeutiger Art.
657 838 1782 903 dränge vor der Ministerbank. Mit schwerer Mühe ge¬
1950 826 2936 912 Die deutsche Kultur in Oesterreich wirh gewiß keinen
1890 893 2940 947 Schaden leiden, wenn die Schaustellung folcher Vorgänge
648 890 1775 949 lang es den Ordnern, die Ruhe wieder einigermaßen her¬
1885 924 2940 978 auf offener Bühne unterbleibt. (Stürmischer Berfall und
648 933 1784 1009 zustellen. Und nun bestieg Abg. Seitz die Rednertribüne.
1880 960 2952 1023 Händeslatschen bei de Christlichsozialen.) Ich glaube auch
648 993 1782 1042 Seine Angriffe gegen Bundesminister Dr. Glanz gingen
1882 1001 2951 1061 nicht, daß die breiten Massen der Wiener Bevölkerung.
651 1025 1769 1089 nicht nur über das Maß dessen hinaus, was man für
1882 1044 2956 1101 die einen schweren Existenzkampf führen, es als Verlust
649 1067 1777 1132 einen Mann, der einmal Präsident war, für erlaubt
1887 1080 2947 1137 betrachten werden, wenn einer kleinen Zahl frivoler Ge¬
2071 1121 2946 1170 die Berichte über die Zusammensetzung und das
2002 1135 2067 1174 —
650 1125 1772 1184 hält, sondern auch über die Grenzen der parlamen¬
1887 1134 2002 1175 nießer
1888 1157 2952 1210 Verhaiten des Publikums während der Vorstellung lassen
1409 1159 1785 1232 so daß ihm
657 1170 1412 1228 arischen Ausdrucksweise überhaupt,
1893 1191 2946 1250 an dieser Charakteristik keinen Zweifel — dieses dem sitt¬
659 1211 1769 1278 Präsident Dr. Dinghofer den Ordnungsruf erkeilte.
1888 1231 2952 1288 lichen Empfinden und dem Ernste der Zeit widersprechende
655 1263 1787 1322 Der christlichsoziale Abg. Volker wies unter dem
1896 1284 2358 1332 Bergnügen entangen wird.
1894 1294 2953 1373 Nach diesen Worten steigert sich die Unruhe zu einem an¬
646 1312 1777 1368 Beifall der Mehrheit des Hauses, von den Sozial¬
1823 1359 2953 1418 altenden Lärm, so daß der Präsident wiederholt zur Ruhe
652 1359 1777 1428 demokraten vielfach stürmisch unterbrochen, die Angriffe
1813 1405 2096 1455 ermahnen muß.
660 1409 1370 1476 einer Vorredner schlagfertig zurück.
1890 1416 2954 1483 Bundesminister Dr. Glanz: Die Regierung glaubt sich
1817 1457 2960 1530 bei dieser Verfügung mit der öffentlichen Meinung in Wien
746 1460 1775 1538 Die Aufregung brandete nach Schluß der Sitzung
1824 1501 2955 1562 und ganz Niederösterreich in Uebereinstimmung zu befinden
656 1524 1773 1582 in den Gängen noch weiter. Die Besonnenheit der Christ¬
1823 1551 2962 1609 und ist überzeugt, daß ihre Auffassung auch die Billigung des¬
645 1576 1778 1631 lichsozialen verhinderte neue Zusammenstöße und jene
1813 1586 2597 1659 hohen Hauses finden wird. (Zwischenrufe.)
648 1625 1784 1675 sozialdemokratischen Rauhbeine, die den Austritt des
1889 1630 1978 1684 Was
2223 1658 2558 1719 die formelle Frage
658 1665 1782 1721 Bundesministers Dr. Glanz aus dem Sitzungssaal ab¬
1814 1698 2954 1760 betrifft, handelt es sich um folgendes: Da seitens des Magi¬
647 1713 1775 1776 warten wollten, mögen es ihnen danken, daß sie von
1813 1736 2954 1809 strates den Verhältnissen, wie sie sich nach Aufführung des
658 1760 1776 1843 hrem vielleicht folgenschweren Vorhaben abgehalten
1821 1775 2960 1839 Reigen gestaltet haben, nicht Rechnung getragen wurde, wer
646 1818 815 1880 wurden.
1812 1813 2958 1881 es nach den geltenden Kompeienzbestimmungen.
1827 1855 2963 1925 velche die Theaterangelegenheiten dem Res¬
736 1850 1783 1941 Nachstehend der Bericht im Anschluß an die „Wiener
1819 1889 2958 1954 sort des Bundesministeriums des Innern z#e
659 1903 872 1991 Stimmen“:
1816 1930 2954 1991 weisen, mein Recht und meine Pflicht, die weiteren Aus¬
723 1936 1787 2035 Die Abgeordneten Leuthner (spzdem.) u. Gen. bringen
1828 1976 2953 2032 ührungen zu untersagen. Wenn nun von seiten des Herrn an¬
650 2001 1395 2056 folgende dringliche Anfrage ein:
1818 2011 2958 2069 fragenden Abgeordneten das Recht zur Aufsicht in seiner
723 2026 1776 2084 Die Bundesregierung hat die Aufführung des bekannten
1822 2043 2963 2107 Gänze bestritten wird, so möchte ich demgegenüber nur kurz
658 2080 1784 2127 Theaterstückes „Riigen“ in Wien verboten. Dieses Verbot stellt
1816 2076 2958 2149 darauf verweisen, daß dieses Recht, in dem ich übrigens ver
660 2116 1785 2170 einen verfussungswidrigen Eingeiff der Bundesregierung in die
1824 2113 2956 2184 allem eine Pflicht erblicke, schon in dem Verhältnis der in Be¬
647 2162 1782 2206 Rechte des Landes Wien dar, da zur Ausübung der Theater¬
1817 2153 2953 2220 tracht kommenden Behörden an sich begründet ist, daß es
661 2193 1775 2248 zensur ir Wir ausschließlich der Landeshaupimann von Wien
1828 2197 2960 2261 Wissenschaft und Praxis niemals bezweifelt haben, daß es von
663 2236 1777 2288 efum ist. Das Verbot beweist, daß der Regierung das Diktat
1821 2231 2956 2300 unseren obersten Gerichtshöfen siets einmü ig anerkannt wurde.
663 2271 1777 2316 er Klerikalen höber steht als die Bestimmungen der Ver¬
1826 2274 2956 2344 daß es auch in unsere neue Verfassung übernommen wurde,
665 2309 1771 2358 assung. Es wird die Frage gestellt, ob der Bundesminister für
1828 2320 2968 2375 vie die Art. 103 und 142 ausdrücklich bezeugen. Dem Recht
652 2352 1788 2396 Inneres den verfassungswibrigen Erlaß über das. Verbot der
1826 2360 2958 2410 der Aufsicht entspricht anderseits die Ver¬
657 2377 1782 2434 Aufführung des „Reigen“ sofort zurückziehen wolle?
1819 2387 2952 2452 pflichtung zur Durchführung der getroffenen
737 2426 1776 2477 Schon bei der Verlesung der Anfrage zeigte sich im Saale
1822 2424 2950 2489 Anordnungen. Auch diese Verpflichtung ist eine unbe¬
2724 2460 2952 2517 Verfassung
664 2456 1789 2507 ebhafte Unruhe. Die Abgeordneten sammelten sich in dem
1824 2469 2724 2535 strittene gewesen und kommt auch in der neuen
665 2503 1788 2545 Halbrund um die Ministerbank, als die Sozialdemokraten ihren
1823 2509 2958 2572 zum Ausdruck. Die Regierung wird in anlogen Fällen immer
658 2530 1789 2587 Sturmbock, Abg. Leuthner, für die Einleitung erregter
1829 2562 2958 2608 enau so handeln, mögen sie welches Land immer betreffen ..,
656 2576 1780 2622 Szenen vorschickten. Aus der Begründung der Dringlichkeit der
1828 2586 2955 2646 Fortgesetze lärmende Zwischenrufe des Abg. Leuihner.) Der
654 2616 1779 2661 Anfrage durch Abg. Leuthner ist sochlich nur wieder das eine
1821 2634 2426 2687 Präsident ruft ihn zur Ordnung.
662 2655 1777 2700 festzustellen, daß es eine brutale Rücksichlslosigkeit ist, einen
1892 2629 2958 2721 Bundesminister Dr. Glanz: Gerade in dem von Herrn
661 2693 1782 2738 bedauernswerten, schonungsbedürftigen Kranken in bewußter
1827 2690 2956 2758 Abg. Leuthner erwähnten Falle aus Steiermark wird das
655 2733 1790 2779 Absicht in eine Angelegenheit zu hetzen, der er nicht gewachsen
1819 2733 2956 2796 hehe Haus Gelegenheit haben, sich davon zu überzeugen, daß
666 2769 1788 2820 st und die ihn zubem noch Aufregungszuständen aussetzt, vor
1818 2769 2963 2836 die Regierung auch diese Frage in einer durchaus objektiven
654 2806 1786 2869 denen ihn ein wohlmeinender Arzt sicher nur eindringlich
1822 2813 2497 2876 und pflichtgemäßen Weise lösen wird.
656 2846 920 2905 warnen würde.
1906 2820 2953 2908 Auf die gegen mich persönlich gerichteten Bemerkungen
730 2871 1789 2947 Bundesminister Dr. Glanz: Schon vor Zulassung der Auf¬
1823 2885 2957 2949 will ich nicht näher eingehen. Ich glaube, das Urteik
1582 2926 1790 2979 in seiner
1107 2932 1583 2983 die durch den Magistrat
1823 2927 2953 2987 über mein Wirken getrost jedem anständig
670 2932 1043 2988 ührung des „Reigen
661 2972 1792 3016 Eigenschaft als politische Landesstelle erfolgt ist, hai der Herr
1827 2963 2959 3027 denkenden Menschen überlassen zu können.
673 3013 1791 3063 oligeiprasident beim Herrn Bürgermeister von Wien auf die
1834 3003 2962 3067 Stürmischer Beifall und Händeklatschen bei den Christlich¬
658 3041 1782 3099 schweren Bodenken gegen die Aufführung dieses Bühnenwertes
1829 3032 2963 3104 sozialen. — Fortgesetzte lärmende Zwischenrufe bei den Sozial¬
659 3083 1781 3130 aufmerksam gemacht. Er verwies hiebet auch auf die geteite
1824 3073 2960 3148 demokraten.) Ich kann nur beionen, daß mich persönliche An¬
660 3121 1786 3167 Beurteilung, die vor längerer Zeit schon die bloße Vorlesung
1833 3114 2965 3184 friffe, mögen sie von wo immer kommen, nicht einen Schritt
666 3153 1786 3205 der zehn Dialoge in der Publizistik gefunden habe. Der
1825 3148 2966 3217 weit von dem, was ich als Pfiicht erkannt habe, abzubringen
656 3193 1784 3244 Magistrat als politische Landesbehörde hat jedoch dessen¬
1830 3190 2972 3251 imstande sind. (Lebhafter Beifull und Händeklatschen bei den
666 3236 1794 3284 ungeachtet nach Anhörung des Zensurbeirates mit dem Bescheide
1826 3224 2961 3295 Christlichsozialen, stürmischer Widerspruch, Pfui= und Abzug¬
656 3276 1780 3332 vom 12. Jänner d. J. die Aufführung zugelassen.
1832 3275 2406 3343 rufe bei den Sozialdemokraten.)
665 3308 922 3371 (Zu#schenrufe.)
2220 3316 2576 3390 Ein Handgemenge.
728 3353 1800 3406 Die Aufführung des Stückes gob alsbald zu lebhaften
1895 3344 2970 3433 Die sozialdemokratischen Abgeordneten Zelenka, Wit¬
658 3389 1435 3458 Erörterungen in der Oeffentlichkeit Anlaß.
1826 3400 2966 3478 ternigg und Widholz drängen sich an die Ministerbank
729 3423 1782 3483 Adg. Pick (sozdem.): In der „Reichspost“! (Zwischenrufe
1822 3456 2953 3532 und schlagen tollwütig mit den Fäusten auf den Tisch vor
656 3469 1782 3521 bei den Sozialdemokraten; Gegenrufe bei den Christlich¬
663 3513 972 3572 sozialen. Lärm.)
1835 3500 2973 3580 Bundesminister Dr. Glanz. Mit einiger Befriedigung könn n
736 3554 1784 3608 Bundesminister Dr. Glanz: Hiebei sprach sich die weit
1833 3557 2963 3619 diese Herren nun behaupten, auch endlich einmal schlagende
672 3588 1785 3650 iberwiegende Mehrzahl der öffeutlichen
1838 3596 2968 3668 Argumente vorgebracht zu haben. Ihr Vordrängen weckt den
670 3639 966 3700 Stimmen ...
1832 3645 2959 3718 Ehrgeiz anderer Genossen. Auch sie wollen ihre starken Seiten
741 3655 1783 3747 Abg. Seitz (sozdem.): Wo haben Sie das gezählt? Weisen
1835 3691 2956 3771 zeigen, da sich endlich wieder einmal eine köstliche Gelegenheit
665 3708 1160 3768 Sie uns das nach! (Lärm.)
1829 3743 2960 3816 zu bieten scheint, nach Herzensluft mit den Händen reden zu.
730 3747 1783 3820 Bundesminister Dr. Glanz: ... dahin aus, daß die Auf¬
1823 3788 2956 3863 können. Sie balgen sich beinabe untereinander, an die Mini¬
658 3804 1368 3864 führung ihrem gesamten Eindruck nach
800 3843 1656 3898 eine arge Verletzung der öffentlichen Sittlichkeit
1837 3837 2967 3913 sterbank heranzukommen. Beschimpfungen werden laut. Ge¬
661 3894 1802 3945 bedeute. Kundgebungen aus der Bevölkerung und zahlreiche
1825 3884 2950 3963 johle gegen Bundesminister Dr. Glanz: „Hinaus mit ihm!“
663 3939 1421 3986 Artikel der Presse verschiedener Richtung
1825 3929 2952 3999 und ähnliches, wie eben der entfesselte Geist aus ihnen spricht,
668 3979 1787 4025 noch einmal — ließen erkennen, daß diese Vorführungen mit
1840 3982 2967 4048 oweit er nicht seinen ständigen Sitz in den geballten Fäusten
664 4019 1783 4059 dem sittlichen Empfinden weiter Kreise der
1832 4028 2961 4099 hat. Es hat den Anschein, als wollten die Genoffen den Bun¬
667 4052 1793 4100 Wiener Bevölkerung in scharfem Gegensatz
1831 4079 2966 4145 desminister, der durch den Hinweis auf die „anständigen
676 4090 1787 4137 tehen. (Lebhafter Beifull und Händeklatschen bei den
664 4128 977 4176 Christlichsonalen.)
1841 4130 2902 4202 mlnn Por
