3496 4320
358 148 467 231 11
547 152 858 251 Reigen
1060 150 1469 243 box 17/5
2577 344 2916 430 Wien, Freitag
2000 344 2217 428 Seits 2
1977 453 3087 522 Minister des Innern weiß also nicht einmal, daß die
2999 513 3082 570 und
1977 522 3000 571 Polizeidirektion da nichts zu entscheiden hat —
1981 568 3075 626 welche „Wahrnehmungen“ die Polizei=Inspektions¬
1984 591 3075 665 beamten da „bisher“ gemacht haben. (Die Polizei¬
1983 662 3086 719 Inspektionsbeamten als Beurteiler von Kunstwerken!)
1979 704 3089 762 Der Herr Polizeipräsident findet natürlich, daß die
1982 749 3086 819 Polizeibedenken durch die Aufführungen „vollauf
1984 809 3090 864 gerechtfertigt wurden“: nämlich das Publikum müsse
1994 856 3080 924 ich die „Vorgänge“, die sich nicht abspielen, als sich ab¬
1994 901 3080 959 pielend denken. Aber wenn das für den „moralisch
1983 942 3083 1008 Empfindenden“ peinlich sein soll, so muß dieser moralisch
1989 993 3094 1057 Empfindende ja in die Kammerspiele nicht hineingehen;
1985 1048 3087 1103 es ist ja niemand gezwungen, sich das Stück anzu¬
1979 1096 3093 1154 sehen, und auch durch ein Ungefähr kommt man zu
1984 1151 3091 1205 dem Schauspiel nicht. Wenn nun der Herr Minister
1992 1202 3085 1247 von dem Polizeipräsidenten etwas „abverlangt“, so mag
1990 1246 3089 1296 das eine Angelegenheit zwischen den beiden Beamten
1990 1294 3084 1350 bleiben; Herr Glanz hat sich aber auch an den Bürger¬
1981 1333 3082 1400 meister, und zwar mit dem Ansinnen gewendet,
1981 1383 3097 1441 dieser möge die weitere Aufführung verbieten. Herr
1996 1427 3097 1495 Glanz habe bisher gezögert, die schweren Bedenken
1987 1481 3084 1539 mitzuteilen, die er von vornherein gegen die Zulassung
1986 1528 3083 1589 hegte; er wollte mit einem Schritt „seinerseits“ war¬
1984 1576 3096 1628 ten, ob vielleicht durch etwaige Aufführungsbedingungen
1995 1627 3088 1693 seine Bedenken „wenigstens einigermaßen abgeschwächt
1994 1667 3094 1730 werden würden“. Aber da sich jene Bedenken nur
1993 1721 3086 1780 bestätigt haben — nämlich weil sich die Zuschauer
2001 1774 3088 1833 die „Vorg änge“ als sich abspielend denken müssen — und
1996 1813 3094 1877 in der Oeffentlichkeit die Stimmen gegen die Auf¬
1997 1872 3093 1925 führung sich mehren, so glaubt der Herr Minister „vom
1987 1918 3105 1975 Standpunkt des ihm zustehenden
1999 1964 3089 2022 Aufführungsrechtes nahelegen zu müssen,
1994 2021 3090 2069 dieser Auffassung, die, abgesehen von einem kleinen,
2000 2061 3092 2126 für das Wiener Volksempfinden gewiß nicht maß¬
1994 2110 3100 2171 gebenden Zuhörerkreis, wohl eine einmütige ist,
1989 2163 3105 2212 durch Untersagen der weiteren
2003 2205 3110 2261 Aufführung Rechnung tragen zu
1999 2250 3103 2312 wollen“. Da Herr Glanz den Bürgermeister bittet,
1992 2308 3096 2374 ihm über die „sodann getroffene Verfügung bald¬
1995 2348 3102 2412 möglichst eine Mitteilung zukommen zu lassen, so hat,
1999 2407 3110 2462 wie wir zu wissen glauben, der Bürgermeister mit der
2002 2448 3110 2509 „Mitteilung“ nicht gezögert und Herrn Glanz wissen
2004 2498 3102 2560 tassen, er habe keinen Anlaß, von der einmal und nach
1999 2553 3102 2606 sorgfältiger Erwägung aller Umstände getroffenen Ver¬
1996 2601 3110 2656 fügung abzugehen, und werde eine neue und andere
1999 2643 3103 2709 Verfügung auch nicht treffen. Womit die Sache eben
1991 2692 2574 2757 zum zweitenmal erledigt ist.
2110 2737 3110 2794 Denn was der Minister des Innern da unter¬
2005 2779 3110 2843 nimmt, ist ein dreister Eingriff in eine Rechtssphäre,
2002 2832 3114 2894 die ihm nicht untertan ist; ein Eingriff ganz im Geiste
2004 2886 3102 2949 des alten Polizeiösterreich, wo er ja der ständige Brauch
2012 2936 3112 2995 war. Da war es freilich möglich, daß man im Burgtheater
2008 2979 3109 3034 die weiteren Aufführungen von „Rose Bernd“ von
2009 3025 3111 3104 Gerhart Hauptmann verbot, weil irgend ein Frauen¬
2012 3069 3110 3143 zimmer vom Hof an dem unehelichen Kinde
2018 3120 3106 3191 „Aergernis“ genommen hatte; aber in der Republik
2008 3176 3105 3235 werden die altösterreichischen Polizeimanieren trotz des
2010 3214 3104 3274 Glanz nicht einreißen. Die Behauptung, daß dem Minister
2015 3266 3112 3320 des Innern gegenüber einem Bundesland — das ist
2257 3320 3109 3374 ein „Aufsichtsrecht“ zustehe, ist einfach
2011 3318 2126 3383 Wien
2541 3360 3110 3429 der Bundesminister hat
2017 3361 2540 3433 eine Unverschämtheit;
2009 3406 3120 3468 gegenüber den Landeshauptleuten die Zuständig¬
2016 3463 3108 3518 eiten, die ihm die Verfassung gibt: keine anderen.
2011 3511 3118 3567 Und daß in der Bundesverfassung von einem Rechte
2017 3553 3118 3611 der Aussicht über die Verwaltung der Bundesländer
2015 3603 3117 3666 die Rede wäre, ist natürlich unwahr; das hat sich
2008 3648 3105 3717 Herr Glanz einfach erfunden. Der Wackere würde sich
2017 3708 3112 3760 natürlich hüten, etwa gegen den Landeshauptmann von
2015 3751 3011 3809 Vorarlberg dieses Aufsichtsrecht in Anspruch
3054 3758 3114 3809 zu
2008 3793 3110 3854 nehmen; gegen den Landeshauptmann von Wien
2018 3834 3104 3906 erdreistet er sich dieses Anspruchs und vermeint,
2018 3901 3109 3958 sich ihm gegenüber als Vorgesetzter aufspielen zu
2018 3947 3118 4005 dürsen! Daß dieselbige „Reichspost“, die, wenn etwa ein
2024 3989 3119 4047 sozialdemokratischer Minister des Innern den Landes¬
2028 4046 3121 4101 hauptmann von Steiermark beaufsichtigen wollte, auf
2024 4097 3120 4146 die Bundesverfassung verweisen würde, der Tat¬
2032 4133 3120 4183 ache aanz veraißt daß wir nun ein Bundes¬
3137 1829 3192 1903 *
3141 2005 3183 2077 k
3136 2288 3180 2354 1
