<?xml version="1.0" encoding="UTF-8" standalone="yes"?>
<PcGts xmlns="http://schema.primaresearch.org/PAGE/gts/pagecontent/2013-07-15" xmlns:xsi="http://www.w3.org/2001/XMLSchema-instance" xsi:schemaLocation="http://schema.primaresearch.org/PAGE/gts/pagecontent/2013-07-15 http://schema.primaresearch.org/PAGE/gts/pagecontent/2013-07-15/pagecontent.xsd">
    <Metadata>
        <Creator>prov=University of Rostock/Institute of Mathematics/CITlab/Gundram Leifert/gundram.leifert@uni-rostock.de:name=ONB_Newseye_GT_M1+(htr_id=10810)::::v=2.4.3
prov=University of Rostock/Institute of Mathematics/CITlab/Tobias Gruening/tobias.gruening@uni-rostock.de:name=de.uros.citlab.module.baseline2polygon.B2PSeamMultiOriented:v=2.4.3
prov=University of Rostock/Institute of Mathematics/CITlab/Tobias Gruening/tobias.gruening@uni-rostock.de:name=/net_tf/LA73_249_0mod360.pb:de.uros.citlab.segmentation.CITlab_LA_ML:v=2.4.3
Transkribus</Creator>
        <Created>2019-10-07T11:39:46.694+02:00</Created>
        <LastChange>2019-12-04T20:03:37.141+01:00</LastChange>
        <TranskribusMetadata docId="223982" pageId="9503939" pageNr="588" tsid="20412075" status="IN_PROGRESS" userId="40391" imgUrl="https://files.transkribus.eu/Get?id=THDPHMTOXPNFJDOQQJZJCLCZ&amp;fileType=view" xmlUrl="https://files.transkribus.eu/Get?id=OJUEFRYEDAZALSEVDMUIDSAP" imageId="6194153"/>
    </Metadata>
    <Page imageFilename="223982_0588.jpeg" imageWidth="3444" imageHeight="4416">
        <ReadingOrder>
            <OrderedGroup id="ro_1711448559429" caption="Regions reading order">
                <RegionRefIndexed index="0" regionRef="r1"/>
                <RegionRefIndexed index="1" regionRef="r2"/>
                <RegionRefIndexed index="2" regionRef="r3"/>
            </OrderedGroup>
        </ReadingOrder>
        <TextRegion orientation="0.0" id="r1" custom="readingOrder {index:0;}">
            <Coords points="320,195 320,362 802,362 802,195"/>
            <TextLine id="r1l1" custom="readingOrder {index:0;}">
                <Coords points="312,304 424,299 474,327 589,340 752,319 799,339 811,244 557,236 447,268 314,231"/>
                <Baseline points="320,295 345,298 370,300 396,301 421,303 446,305 472,306 497,307 522,309 548,310 573,310 599,311 624,312 649,312 675,312 700,312 725,312 751,311 776,311 802,309"/>
                <TextEquiv>
                    <Unicode>11. Reigen</Unicode>
                </TextEquiv>
            </TextLine>
            <TextEquiv>
                <Unicode>11. Reigen</Unicode>
            </TextEquiv>
        </TextRegion>
        <TextRegion orientation="0.0" id="r2" custom="readingOrder {index:1;}">
            <Coords points="944,267 944,3951 2136,3951 2136,267"/>
            <TextLine id="r2l1" custom="readingOrder {index:0;}">
                <Coords points="1011,309 1150,301 1170,317 1228,319 1316,299 1426,317 1415,219 1335,243 1247,235 1199,271 1077,236 1011,239"/>
                <Baseline points="1018,292 1043,294 1068,294 1093,296 1118,296 1143,296 1168,297 1193,297 1218,297 1243,297 1268,296 1293,296 1318,295 1343,295 1368,294 1393,293 1418,292"/>
                <TextEquiv>
                    <Unicode>box 17/6</Unicode>
                </TextEquiv>
            </TextLine>
            <TextLine id="r2l2" custom="readingOrder {index:1;}">
                <Coords points="1379,1079 1435,1068 1488,1088 1512,1073 1619,1089 1640,1072 1678,1091 1728,1073 1827,1081 1829,1023 1603,992 1567,993 1537,1019 1478,989 1382,988"/>
                <Baseline points="1387,1062 1412,1063 1437,1063 1463,1064 1488,1065 1514,1065 1539,1066 1565,1067 1590,1067 1616,1068 1641,1068 1667,1069 1692,1070 1718,1070 1743,1071 1769,1072 1794,1072 1820,1073"/>
                <TextEquiv>
                    <Unicode>Rundschau.</Unicode>
                </TextEquiv>
            </TextLine>
            <TextLine id="r2l3" custom="readingOrder {index:2;}">
                <Coords points="1061,1128 2024,1159 2136,1152 2138,1078 1709,1077 1589,1119 1526,1086 1062,1076"/>
                <Baseline points="1068,1122 1121,1123 1174,1124 1227,1126 1280,1128 1333,1129 1386,1130 1439,1131 1492,1133 1545,1134 1598,1135 1651,1136 1704,1137 1757,1138 1810,1139 1863,1139 1916,1140 1969,1141 2022,1141 2075,1142 2129,1142"/>
                <TextEquiv>
                    <Unicode>Die Schutzgarde der „Juden=Schweinerei“.</Unicode>
                </TextEquiv>
            </TextLine>
            <TextLine id="r2l4" custom="readingOrder {index:3;}">
                <Coords points="1165,1190 2088,1220 2126,1211 2127,1168 1166,1136"/>
                <Baseline points="1173,1183 1220,1183 1267,1184 1314,1185 1362,1186 1409,1187 1456,1187 1504,1188 1551,1189 1598,1190 1646,1191 1693,1192 1740,1193 1787,1194 1835,1195 1882,1197 1929,1198 1977,1200 2024,1201 2071,1203 2119,1205"/>
                <TextEquiv>
                    <Unicode>Der Jude Schnitzlerhat ein Theaterstück ge¬</Unicode>
                </TextEquiv>
            </TextLine>
            <TextLine id="r2l5" custom="readingOrder {index:4;}">
                <Coords points="1056,1240 2130,1263 2141,1212 1838,1202 1791,1232 1741,1192 1057,1190"/>
                <Baseline points="1064,1231 1117,1231 1170,1232 1224,1232 1277,1233 1331,1233 1384,1235 1438,1236 1491,1237 1545,1238 1598,1239 1651,1241 1705,1242 1758,1244 1812,1245 1865,1246 1919,1247 1972,1248 2026,1249 2079,1250 2133,1250"/>
                <TextEquiv>
                    <Unicode>schrieben, Reigen“ ist es betitelt, ein Stück, das</Unicode>
                </TextEquiv>
            </TextLine>
            <TextLine id="r2l6" custom="readingOrder {index:5;}">
                <Coords points="1063,1293 2071,1322 2138,1264 1064,1243"/>
                <Baseline points="1071,1279 1126,1280 1182,1280 1238,1281 1293,1282 1349,1283 1405,1284 1461,1286 1516,1287 1572,1288 1628,1290 1684,1291 1739,1292 1795,1294 1851,1295 1907,1296 1962,1297 2018,1298 2074,1299 2130,1299"/>
                <TextEquiv>
                    <Unicode>selbst in Berlin, und besonders in München abge¬</Unicode>
                </TextEquiv>
            </TextLine>
            <TextLine id="r2l7" custom="readingOrder {index:6;}">
                <Coords points="1025,1351 2036,1367 2131,1356 2132,1304 1026,1276"/>
                <Baseline points="1032,1333 1086,1332 1141,1332 1195,1332 1250,1332 1305,1333 1359,1333 1414,1334 1468,1336 1523,1337 1578,1338 1632,1340 1687,1341 1741,1342 1796,1344 1851,1345 1905,1346 1960,1347 2014,1347 2069,1347 2124,1347"/>
                <TextEquiv>
                    <Unicode>Iviesen wurde, steil man seine Aufführung dort als</Unicode>
                </TextEquiv>
            </TextLine>
            <TextLine id="r2l8" custom="readingOrder {index:7;}">
                <Coords points="1028,1385 2126,1412 2112,1354 1029,1332"/>
                <Baseline points="1036,1377 1090,1378 1144,1378 1198,1379 1252,1381 1306,1382 1360,1383 1414,1384 1468,1385 1522,1386 1577,1388 1631,1389 1685,1391 1739,1391 1793,1393 1847,1394 1901,1395 1955,1395 2009,1396 2063,1396 2118,1397"/>
                <TextEquiv>
                    <Unicode>—Kulturschande empfunden hat. Ist der Reigen doch</Unicode>
                </TextEquiv>
            </TextLine>
            <TextLine id="r2l9" custom="readingOrder {index:8;}">
                <Coords points="964,1417 971,1416 978,1421 981,1420 986,1423 994,1415 1001,1414 992,1360 984,1361 973,1357 967,1363 963,1362 955,1365"/>
                <Baseline points="966,1389 989,1385"/>
                <TextEquiv>
                    <Unicode>*</Unicode>
                </TextEquiv>
            </TextLine>
            <TextLine id="r2l10" custom="readingOrder {index:9;}">
                <Coords points="957,1447 2135,1451 2089,1399 1097,1383 957,1414"/>
                <Baseline points="964,1440 1022,1436 1080,1434 1138,1432 1196,1430 1255,1430 1313,1430 1371,1431 1429,1432 1487,1433 1546,1435 1604,1436 1662,1438 1720,1440 1778,1442 1837,1443 1895,1444 1953,1445 2011,1445 2069,1445 2128,1444"/>
                <TextEquiv>
                    <Unicode> azein Schandstück niederster Sorte, das das Sittlich¬</Unicode>
                </TextEquiv>
            </TextLine>
            <TextLine id="r2l11" custom="readingOrder {index:10;}">
                <Coords points="1013,1475 1024,1473 1031,1476 1035,1472 1049,1482 1055,1476 1064,1475 1059,1446 1050,1447 1046,1451 1043,1448 1039,1451 1031,1450 1026,1453 1010,1456"/>
                <Baseline points="1021,1482 1056,1476"/>
                <TextEquiv>
                    <Unicode>*</Unicode>
                </TextEquiv>
            </TextLine>
            <TextLine id="r2l12" custom="readingOrder {index:11;}">
                <Coords points="1063,1493 2131,1506 2132,1463 2073,1450 1065,1435"/>
                <Baseline points="1071,1474 1123,1476 1176,1478 1228,1479 1281,1480 1334,1482 1386,1483 1439,1484 1492,1485 1544,1487 1597,1488 1650,1488 1702,1489 1755,1490 1808,1491 1860,1492 1913,1492 1966,1493 2018,1494 2071,1494 2124,1495"/>
                <TextEquiv>
                    <Unicode>keitsgefühl jedes chalbwegs anständigen Menschen</Unicode>
                </TextEquiv>
            </TextLine>
            <TextLine id="r2l13" custom="readingOrder {index:12;}">
                <Coords points="940,1529 2132,1557 2144,1518 941,1478"/>
                <Baseline points="947,1517 1006,1519 1065,1521 1125,1524 1184,1526 1244,1528 1303,1530 1363,1531 1422,1533 1482,1535 1541,1536 1600,1537 1660,1538 1719,1539 1779,1540 1838,1541 1898,1542 1957,1543 2017,1543 2076,1544 2136,1545"/>
                <TextEquiv>
                    <Unicode>Sauf das tiefste verletzen muß, ein Stück, das die</Unicode>
                </TextEquiv>
            </TextLine>
            <TextLine id="r2l14" custom="readingOrder {index:13;}">
                <Coords points="1052,1586 2108,1606 2132,1559 1053,1528"/>
                <Baseline points="1060,1574 1113,1574 1166,1575 1219,1576 1272,1577 1325,1578 1378,1579 1432,1580 1485,1581 1538,1583 1591,1584 1644,1585 1697,1586 1750,1588 1804,1588 1857,1589 1910,1590 1963,1591 2016,1591 2069,1592 2123,1592"/>
                <TextEquiv>
                    <Unicode>niedersten Triebe des Menschen verherrlicht und die</Unicode>
                </TextEquiv>
            </TextLine>
            <TextLine id="r2l15" custom="readingOrder {index:14;}">
                <Coords points="937,1589 948,1589 951,1587 953,1590 956,1589 959,1592 967,1593 970,1596 982,1595 982,1566 968,1566 959,1559 956,1562 952,1562 951,1560 945,1565 937,1565"/>
                <Baseline points="944,1584 974,1584"/>
                <TextEquiv>
                    <Unicode>—</Unicode>
                </TextEquiv>
            </TextLine>
            <TextLine id="r2l16" custom="readingOrder {index:15;}">
                <Coords points="1060,1627 2139,1673 2140,1615 2092,1596 1061,1578"/>
                <Baseline points="1067,1623 1120,1624 1173,1625 1226,1626 1280,1628 1333,1629 1386,1630 1439,1631 1493,1632 1546,1634 1599,1635 1652,1636 1706,1638 1759,1638 1812,1639 1865,1640 1919,1641 1972,1642 2025,1643 2078,1643 2132,1644"/>
                <TextEquiv>
                    <Unicode>deutsche Frau, des deutsche Weib zur gemeinen</Unicode>
                </TextEquiv>
            </TextLine>
            <TextLine id="r2l17" custom="readingOrder {index:16;}">
                <Coords points="946,1663 956,1666 965,1663 980,1664 991,1674 1008,1675 1012,1614 995,1613 992,1616 984,1608 973,1609 970,1605 960,1609 949,1607"/>
                <Baseline points="953,1662 1000,1665"/>
                <TextEquiv>
                    <Unicode>8.</Unicode>
                </TextEquiv>
            </TextLine>
            <TextLine id="r2l18" custom="readingOrder {index:17;}">
                <Coords points="1053,1682 1143,1690 1195,1664 1231,1688 1282,1681 1305,1691 1330,1678 1371,1695 1422,1679 1423,1649 1389,1633 1182,1645 1054,1625"/>
                <Baseline points="1060,1670 1085,1670 1110,1671 1135,1672 1161,1672 1186,1673 1211,1674 1237,1674 1262,1674 1287,1675 1312,1676 1338,1676 1363,1677 1388,1678 1414,1679"/>
                <TextEquiv>
                    <Unicode>Dirne erniedrigt.</Unicode>
                </TextEquiv>
            </TextLine>
            <TextLine id="r2l19" custom="readingOrder {index:18;}">
                <Coords points="1149,1730 2066,1753 2124,1748 2125,1690 1771,1704 1627,1661 1539,1698 1422,1671 1149,1693"/>
                <Baseline points="1156,1722 1204,1723 1252,1723 1300,1725 1348,1726 1396,1727 1444,1728 1492,1728 1540,1730 1588,1731 1636,1731 1684,1732 1732,1733 1780,1734 1828,1735 1876,1736 1924,1737 1972,1738 2020,1738 2068,1739 2117,1740"/>
                <TextEquiv>
                    <Unicode>Dieses Stück, das in München und Berlin mit</Unicode>
                </TextEquiv>
            </TextLine>
            <TextLine id="r2l20" custom="readingOrder {index:19;}">
                <Coords points="1023,1782 2124,1804 2098,1744 1024,1737"/>
                <Baseline points="1031,1768 1085,1769 1139,1769 1193,1770 1248,1771 1302,1772 1356,1773 1411,1775 1465,1776 1519,1778 1574,1779 1628,1781 1682,1782 1736,1783 1791,1784 1845,1785 1899,1786 1954,1787 2008,1787 2062,1788 2117,1788"/>
                <TextEquiv>
                    <Unicode>Abscheu verworfen wurde, hat der Jude Bernau in</Unicode>
                </TextEquiv>
            </TextLine>
            <TextLine id="r2l21" custom="readingOrder {index:20;}">
                <Coords points="1057,1825 2116,1856 2135,1805 1058,1774"/>
                <Baseline points="1065,1818 1118,1819 1171,1820 1224,1821 1277,1822 1330,1823 1383,1824 1436,1825 1489,1826 1542,1827 1595,1828 1648,1829 1701,1830 1754,1832 1807,1832 1860,1833 1913,1834 1966,1835 2019,1837 2072,1837 2126,1838"/>
                <TextEquiv>
                    <Unicode>Wien zum Ergötzen der Schieberwelt aufgeführt und</Unicode>
                </TextEquiv>
            </TextLine>
            <TextLine id="r2l22" custom="readingOrder {index:21;}">
                <Coords points="1058,1873 1925,1911 2120,1903 2133,1853 1818,1870 1754,1836 1548,1861 1059,1823"/>
                <Baseline points="1065,1867 1120,1868 1176,1869 1232,1870 1287,1871 1343,1872 1399,1873 1455,1874 1510,1876 1566,1877 1622,1878 1678,1879 1733,1881 1789,1881 1845,1883 1901,1883 1956,1885 2012,1885 2068,1886 2124,1887"/>
                <TextEquiv>
                    <Unicode>der Landeshauptmann von Wien Bürgermeister</Unicode>
                </TextEquiv>
            </TextLine>
            <TextLine id="r2l23" custom="readingOrder {index:22;}">
                <Coords points="1052,1924 2093,1954 2126,1903 1053,1872"/>
                <Baseline points="1060,1916 1112,1917 1165,1917 1218,1918 1271,1919 1324,1920 1377,1921 1430,1922 1483,1923 1536,1925 1589,1926 1641,1928 1694,1929 1747,1930 1800,1931 1853,1932 1906,1933 1959,1934 2012,1934 2065,1934 2118,1934"/>
                <TextEquiv>
                    <Unicode>Reumann seine Erlaubnis dazu gegeben. Bei der</Unicode>
                </TextEquiv>
            </TextLine>
            <TextLine id="r2l24" custom="readingOrder {index:23;}">
                <Coords points="1059,1970 2124,1994 2124,1948 2007,1938 1060,1927"/>
                <Baseline points="1066,1965 1118,1966 1171,1966 1223,1967 1276,1968 1328,1969 1381,1970 1433,1971 1486,1972 1538,1973 1591,1974 1644,1975 1696,1977 1749,1978 1801,1979 1854,1980 1906,1981 1959,1982 2011,1983 2064,1984 2117,1984"/>
                <TextEquiv>
                    <Unicode>anständigen und bodenständigen Bevölkerung Wiens</Unicode>
                </TextEquiv>
            </TextLine>
            <TextLine id="r2l25" custom="readingOrder {index:24;}">
                <Coords points="1051,2026 2105,2052 2123,1994 1052,1969"/>
                <Baseline points="1058,2011 1110,2012 1163,2014 1216,2015 1269,2016 1322,2017 1375,2019 1427,2020 1480,2021 1533,2022 1586,2024 1639,2024 1692,2026 1745,2027 1797,2028 1850,2029 1903,2030 1956,2031 2009,2032 2062,2033 2115,2034"/>
                <TextEquiv>
                    <Unicode>hat diese Frechheit gerechte Entrüstung hervorgerufen</Unicode>
                </TextEquiv>
            </TextLine>
            <TextLine id="r2l26" custom="readingOrder {index:25;}">
                <Coords points="1055,2070 2120,2099 2121,2050 2048,2036 1056,2031"/>
                <Baseline points="1063,2062 1115,2062 1167,2062 1220,2063 1272,2064 1325,2065 1377,2066 1430,2067 1482,2068 1535,2070 1587,2071 1639,2072 1692,2073 1744,2075 1797,2076 1849,2077 1902,2079 1954,2080 2007,2080 2059,2081 2112,2081"/>
                <TextEquiv>
                    <Unicode>und fast alle Blätter — natürlich mit Ausnahme</Unicode>
                </TextEquiv>
            </TextLine>
            <TextLine id="r2l27" custom="readingOrder {index:26;}">
                <Coords points="1048,2115 1563,2139 1664,2140 1696,2113 1767,2125 1767,2096 1677,2079 1371,2075 1339,2095 1235,2066 1049,2063"/>
                <Baseline points="1056,2108 1091,2108 1126,2109 1161,2110 1196,2110 1231,2111 1266,2112 1302,2113 1337,2114 1372,2114 1407,2116 1442,2117 1477,2117 1512,2118 1548,2119 1583,2120 1618,2121 1653,2121 1688,2122 1723,2123 1759,2123"/>
                <TextEquiv>
                    <Unicode>der jüdischen „Arbeiterzeitung“ —</Unicode>
                </TextEquiv>
            </TextLine>
            <TextLine id="r2l28" custom="readingOrder {index:27;}">
                <Coords points="1807,2136 1871,2145 1896,2133 1954,2133 1975,2144 2068,2150 2082,2138 2121,2138 2122,2098 2079,2090 2001,2103 1945,2089 1899,2097 1880,2086 1808,2096"/>
                <Baseline points="1815,2126 1842,2125 1869,2125 1896,2126 1923,2127 1950,2128 1977,2129 2004,2131 2031,2132 2058,2132 2085,2132 2113,2130"/>
                <TextEquiv>
                    <Unicode>nahmen gegen</Unicode>
                </TextEquiv>
            </TextLine>
            <TextLine id="r2l29" custom="readingOrder {index:28;}">
                <Coords points="1059,2166 2118,2194 2103,2135 1060,2117"/>
                <Baseline points="1066,2157 1118,2158 1170,2160 1222,2161 1275,2162 1327,2163 1379,2164 1431,2165 1484,2166 1536,2168 1588,2169 1640,2170 1693,2171 1745,2172 1797,2173 1849,2174 1902,2176 1954,2177 2006,2178 2058,2179 2111,2181"/>
                <TextEquiv>
                    <Unicode>die Aufführung Stellung. Die Bundesregierung gab</Unicode>
                </TextEquiv>
            </TextLine>
            <TextLine id="r2l30" custom="readingOrder {index:29;}">
                <Coords points="1046,2222 1907,2216 1950,2247 2120,2222 2097,2186 1047,2167"/>
                <Baseline points="1054,2207 1106,2207 1159,2208 1212,2208 1265,2210 1318,2211 1371,2212 1424,2214 1477,2215 1530,2217 1583,2219 1635,2220 1688,2221 1741,2223 1794,2224 1847,2225 1900,2226 1953,2226 2006,2226 2059,2226 2112,2225"/>
                <TextEquiv>
                    <Unicode>Herrn Reumann zu verstehen, er solle seine Be¬</Unicode>
                </TextEquiv>
            </TextLine>
            <TextLine id="r2l31" custom="readingOrder {index:30;}">
                <Coords points="1048,2265 2108,2287 2101,2235 1049,2223"/>
                <Baseline points="1056,2255 1108,2256 1160,2257 1212,2258 1265,2260 1317,2261 1369,2262 1421,2263 1474,2264 1526,2265 1578,2267 1630,2268 1683,2269 1735,2270 1787,2271 1839,2272 1892,2273 1944,2274 1996,2275 2048,2276 2101,2277"/>
                <TextEquiv>
                    <Unicode>willigung im Interesse der Oeffentlichkeit zurück¬</Unicode>
                </TextEquiv>
            </TextLine>
            <TextLine id="r2l32" custom="readingOrder {index:31;}">
                <Coords points="1042,2312 2125,2341 2124,2285 1043,2269"/>
                <Baseline points="1049,2304 1102,2305 1155,2307 1209,2308 1262,2309 1316,2310 1369,2311 1423,2313 1476,2314 1530,2315 1583,2316 1636,2317 1690,2318 1743,2319 1797,2320 1850,2321 1904,2322 1957,2323 2011,2323 2064,2324 2118,2325"/>
                <TextEquiv>
                    <Unicode>ziehen. Da geriet der „gute Jakob in Wut“ und</Unicode>
                </TextEquiv>
            </TextLine>
            <TextLine id="r2l33" custom="readingOrder {index:32;}">
                <Coords points="1047,2359 2092,2400 2118,2338 1048,2316"/>
                <Baseline points="1055,2352 1107,2353 1160,2355 1213,2356 1265,2357 1318,2358 1371,2359 1423,2360 1476,2361 1529,2362 1582,2363 1634,2365 1687,2366 1740,2367 1792,2368 1845,2369 1898,2371 1950,2373 2003,2375 2056,2376 2109,2378"/>
                <TextEquiv>
                    <Unicode>beteuerte: Kein Skandal der Welt könnte ihn dazu</Unicode>
                </TextEquiv>
            </TextLine>
            <TextLine id="r2l34" custom="readingOrder {index:33;}">
                <Coords points="1049,2409 1923,2434 1924,2384 1852,2375 1050,2360"/>
                <Baseline points="1057,2402 1102,2403 1147,2404 1192,2404 1237,2405 1283,2406 1328,2407 1373,2408 1418,2409 1463,2410 1509,2412 1554,2413 1599,2414 1644,2416 1689,2416 1735,2417 1780,2419 1825,2420 1870,2421 1916,2421"/>
                <TextEquiv>
                    <Unicode>bewegen, seine Bewilligung zurückzuziehen.</Unicode>
                </TextEquiv>
            </TextLine>
            <TextLine id="r2l35" custom="readingOrder {index:34;}">
                <Coords points="1144,2468 2112,2494 2114,2425 2065,2411 1856,2439 1146,2416"/>
                <Baseline points="1152,2453 1199,2453 1247,2454 1295,2454 1342,2455 1390,2456 1438,2457 1485,2458 1533,2460 1581,2461 1629,2462 1676,2464 1724,2465 1772,2467 1819,2468 1867,2470 1915,2471 1962,2472 2010,2473 2058,2474 2106,2475"/>
                <TextEquiv>
                    <Unicode>Nun verbot die Bundesregierung die Aufführung.</Unicode>
                </TextEquiv>
            </TextLine>
            <TextLine id="r2l36" custom="readingOrder {index:35;}">
                <Coords points="1036,2504 2119,2522 2119,2492 2036,2477 1037,2463"/>
                <Baseline points="1044,2499 1097,2499 1150,2500 1204,2501 1257,2502 1310,2504 1364,2505 1417,2507 1470,2508 1524,2509 1577,2511 1630,2512 1684,2514 1737,2515 1790,2516 1844,2517 1897,2518 1950,2519 2004,2520 2057,2520 2111,2520"/>
                <TextEquiv>
                    <Unicode>Dies benutzten nun die sozialdemokratischen Abge¬</Unicode>
                </TextEquiv>
            </TextLine>
            <TextLine id="r2l37" custom="readingOrder {index:36;}">
                <Coords points="1041,2563 2107,2582 2109,2525 1042,2518"/>
                <Baseline points="1048,2548 1100,2549 1153,2550 1205,2550 1258,2552 1311,2553 1363,2554 1416,2555 1468,2557 1521,2558 1574,2560 1626,2561 1679,2562 1731,2563 1784,2565 1837,2566 1889,2567 1942,2568 1994,2569 2047,2571 2100,2571"/>
                <TextEquiv>
                    <Unicode>ordneten zu einer Dringlichkeitsanfrage im National¬</Unicode>
                </TextEquiv>
            </TextLine>
            <TextLine id="r2l38" custom="readingOrder {index:37;}">
                <Coords points="1045,2604 2113,2642 2114,2583 2004,2574 1046,2567"/>
                <Baseline points="1053,2598 1105,2599 1158,2600 1210,2601 1263,2602 1316,2603 1368,2604 1421,2605 1474,2606 1526,2607 1579,2608 1632,2610 1684,2611 1737,2612 1790,2614 1842,2615 1895,2616 1948,2618 2000,2620 2053,2621 2106,2622"/>
                <TextEquiv>
                    <Unicode>rate,ßlich der es zu ekelerregenden Lärmszenen,</Unicode>
                </TextEquiv>
            </TextLine>
            <TextLine id="r2l39" custom="readingOrder {index:38;}">
                <Coords points="1044,2674 1175,2651 1594,2676 1715,2666 1716,2629 1045,2604"/>
                <Baseline points="1052,2648 1084,2649 1117,2649 1150,2649 1183,2649 1216,2650 1248,2650 1281,2650 1314,2651 1347,2651 1380,2652 1412,2652 1445,2653 1478,2654 1511,2655 1543,2655 1576,2656 1609,2657 1642,2658 1675,2659 1708,2660"/>
                <TextEquiv>
                    <Unicode>ja beinahe zu Tätlichkeiten kam.</Unicode>
                </TextEquiv>
            </TextLine>
            <TextLine id="r2l40" custom="readingOrder {index:39;}">
                <Coords points="1134,2714 2103,2725 2103,2683 1972,2658 1840,2682 1731,2651 1614,2680 1135,2665"/>
                <Baseline points="1142,2699 1189,2699 1237,2699 1285,2699 1332,2700 1380,2700 1428,2702 1475,2703 1523,2704 1571,2705 1619,2706 1666,2708 1714,2709 1762,2711 1809,2712 1857,2713 1905,2714 1952,2715 2000,2716 2048,2716 2096,2716"/>
                <TextEquiv>
                    <Unicode>Hört, ihr Arbeiter! Jene Männer, die sich eure</Unicode>
                </TextEquiv>
            </TextLine>
            <TextLine id="r2l41" custom="readingOrder {index:40;}">
                <Coords points="1044,2753 2112,2783 2113,2720 1045,2703"/>
                <Baseline points="1052,2745 1104,2745 1157,2745 1209,2745 1262,2746 1315,2747 1367,2748 1420,2749 1472,2750 1525,2752 1578,2753 1630,2755 1683,2757 1735,2758 1788,2759 1841,2761 1893,2762 1946,2763 1998,2765 2051,2765 2104,2766"/>
                <TextEquiv>
                    <Unicode>Führer und Vertreter nennen, treten dafür ein, daß</Unicode>
                </TextEquiv>
            </TextLine>
            <TextLine id="r2l42" custom="readingOrder {index:41;}">
                <Coords points="1041,2805 1538,2817 1581,2789 1919,2839 2110,2832 2111,2784 1042,2753"/>
                <Baseline points="1049,2793 1101,2794 1154,2794 1207,2795 1259,2795 1312,2796 1365,2797 1417,2799 1470,2800 1523,2802 1576,2803 1628,2804 1681,2806 1734,2808 1786,2809 1839,2810 1892,2812 1944,2813 1997,2814 2050,2815 2103,2816"/>
                <TextEquiv>
                    <Unicode>sich die Schieber= und Dirnenwelt auf Kosten</Unicode>
                </TextEquiv>
            </TextLine>
            <TextLine id="r2l43" custom="readingOrder {index:42;}">
                <Coords points="1040,2849 2070,2885 2110,2836 1041,2804"/>
                <Baseline points="1047,2840 1099,2841 1152,2842 1205,2843 1258,2844 1310,2845 1363,2846 1416,2848 1469,2849 1521,2850 1574,2852 1627,2854 1680,2855 1732,2856 1785,2858 1838,2859 1891,2860 1943,2862 1996,2863 2049,2864 2102,2865"/>
                <TextEquiv>
                    <Unicode>deutscher Sitte und deutscher Frauenehre begeilen</Unicode>
                </TextEquiv>
            </TextLine>
            <TextLine id="r2l44" custom="readingOrder {index:43;}">
                <Coords points="1032,2907 2103,2922 2104,2873 1033,2861"/>
                <Baseline points="1040,2890 1092,2891 1145,2891 1198,2892 1251,2893 1304,2894 1356,2895 1409,2896 1462,2898 1515,2899 1568,2901 1620,2902 1673,2904 1726,2906 1779,2907 1832,2908 1884,2909 1937,2910 1990,2911 2043,2912 2096,2912"/>
                <TextEquiv>
                    <Unicode>und unterhalten kann! Hat doch Präsident Karl</Unicode>
                </TextEquiv>
            </TextLine>
            <TextLine id="r2l45" custom="readingOrder {index:44;}">
                <Coords points="1033,2940 2077,2979 2104,2922 1034,2906"/>
                <Baseline points="1041,2938 1093,2938 1146,2939 1199,2940 1252,2942 1304,2943 1357,2944 1410,2945 1463,2946 1515,2948 1568,2949 1621,2950 1674,2952 1726,2953 1779,2954 1832,2956 1885,2957 1937,2959 1990,2960 2043,2961 2096,2963"/>
                <TextEquiv>
                    <Unicode>Seitz in seiner schamlosen Verteidigungsrede selbst</Unicode>
                </TextEquiv>
            </TextLine>
            <TextLine id="r2l46" custom="readingOrder {index:45;}">
                <Coords points="1038,3005 2070,3022 2108,3019 2109,2979 1039,2956"/>
                <Baseline points="1046,2987 1098,2988 1151,2989 1204,2990 1256,2991 1309,2992 1362,2993 1414,2994 1467,2996 1520,2997 1573,2999 1625,3000 1678,3001 1731,3003 1783,3004 1836,3005 1889,3006 1941,3008 1994,3009 2047,3010 2100,3011"/>
                <TextEquiv>
                    <Unicode>ausdrücklich gesagt, den Arbeitern mache das Verbot</Unicode>
                </TextEquiv>
            </TextLine>
            <TextLine id="r2l47" custom="readingOrder {index:46;}">
                <Coords points="1035,3049 2012,3089 2092,3079 2094,3027 1036,3006"/>
                <Baseline points="1043,3036 1095,3037 1147,3037 1199,3038 1251,3039 1303,3040 1355,3041 1407,3043 1459,3044 1511,3045 1564,3047 1616,3048 1668,3050 1720,3051 1772,3052 1824,3054 1876,3055 1928,3057 1980,3058 2032,3059 2085,3061"/>
                <TextEquiv>
                    <Unicode>nichts, die können sich bei den hohen Theaterpreisen</Unicode>
                </TextEquiv>
            </TextLine>
            <TextLine id="r2l48" custom="readingOrder {index:47;}">
                <Coords points="1039,3090 1412,3113 1494,3079 1559,3113 1796,3109 1796,3073 1730,3061 1040,3044"/>
                <Baseline points="1046,3085 1083,3086 1120,3087 1157,3088 1194,3088 1231,3089 1268,3090 1305,3090 1342,3091 1379,3092 1417,3092 1454,3093 1491,3094 1528,3094 1565,3095 1602,3096 1639,3097 1676,3098 1713,3099 1750,3100 1788,3101"/>
                <TextEquiv>
                    <Unicode>ohnehin den „Reigen“ nicht ansehen.</Unicode>
                </TextEquiv>
            </TextLine>
            <TextLine id="r2l49" custom="readingOrder {index:48;}">
                <Coords points="1123,3142 2105,3163 2106,3123 1981,3104 1124,3103"/>
                <Baseline points="1130,3137 1178,3137 1226,3137 1275,3138 1323,3138 1371,3139 1420,3140 1468,3141 1516,3142 1565,3144 1613,3145 1661,3147 1710,3148 1758,3149 1806,3151 1855,3152 1903,3154 1951,3155 2000,3156 2048,3157 2097,3158"/>
                <TextEquiv>
                    <Unicode>Für wen treten also eure Führer ein? Für</Unicode>
                </TextEquiv>
            </TextLine>
            <TextLine id="r2l50" custom="readingOrder {index:49;}">
                <Coords points="1036,3188 2094,3228 2096,3171 1037,3154"/>
                <Baseline points="1044,3183 1096,3184 1148,3184 1200,3185 1252,3186 1304,3187 1356,3188 1409,3189 1461,3190 1513,3192 1565,3193 1617,3194 1669,3196 1721,3197 1774,3199 1826,3200 1878,3201 1930,3203 1982,3204 2034,3205 2087,3206"/>
                <TextEquiv>
                    <Unicode>euch Arbeiter? Nein, für Schieber und Dirnen, die</Unicode>
                </TextEquiv>
            </TextLine>
            <TextLine id="r2l51" custom="readingOrder {index:50;}">
                <Coords points="1025,3239 2088,3277 2104,3231 1026,3191"/>
                <Baseline points="1033,3235 1086,3234 1139,3234 1192,3235 1245,3235 1298,3236 1351,3237 1405,3238 1458,3239 1511,3241 1564,3242 1617,3244 1670,3246 1723,3247 1777,3249 1830,3250 1883,3252 1936,3252 1989,3253 2042,3254 2096,3255"/>
                <TextEquiv>
                    <Unicode>sich gleich Schweinen mit wohlbehaglichem Grunzen</Unicode>
                </TextEquiv>
            </TextLine>
            <TextLine id="r2l52" custom="readingOrder {index:51;}">
                <Coords points="1031,3288 1831,3320 2087,3316 2088,3276 1032,3242"/>
                <Baseline points="1039,3280 1091,3281 1143,3282 1195,3283 1247,3284 1299,3285 1351,3287 1403,3288 1455,3289 1507,3291 1559,3292 1611,3294 1663,3295 1715,3296 1767,3298 1819,3299 1871,3300 1923,3301 1975,3302 2027,3303 2079,3304"/>
                <TextEquiv>
                    <Unicode>im Moraste wälzen, für Judengeldsäcke, die sich be¬</Unicode>
                </TextEquiv>
            </TextLine>
            <TextLine id="r2l53" custom="readingOrder {index:52;}">
                <Coords points="1035,3334 2089,3360 2074,3312 1036,3297"/>
                <Baseline points="1042,3329 1094,3330 1146,3330 1198,3331 1250,3333 1302,3334 1354,3335 1406,3336 1458,3337 1510,3338 1562,3340 1614,3341 1666,3343 1718,3344 1770,3345 1822,3347 1874,3348 1926,3349 1978,3351 2030,3352 2082,3353"/>
                <TextEquiv>
                    <Unicode>reichern wollen! Sollen das Volksvertreter sein?</Unicode>
                </TextEquiv>
            </TextLine>
            <TextLine id="r2l54" custom="readingOrder {index:53;}">
                <Coords points="1019,3384 2093,3427 2094,3360 1021,3333"/>
                <Baseline points="1027,3380 1082,3380 1138,3380 1194,3381 1249,3382 1305,3383 1361,3384 1417,3385 1472,3387 1528,3389 1584,3390 1640,3392 1695,3394 1751,3396 1807,3397 1863,3399 1918,3400 1974,3401 2030,3402 2086,3402"/>
                <TextEquiv>
                    <Unicode>Pfui Teufel! Vielleicht haben sie selbst Teil am</Unicode>
                </TextEquiv>
            </TextLine>
            <TextLine id="r2l55" custom="readingOrder {index:54;}">
                <Coords points="1036,3453 1282,3435 1493,3455 1535,3429 1587,3457 1759,3456 1748,3402 1038,3390"/>
                <Baseline points="1044,3428 1079,3429 1114,3430 1150,3431 1185,3431 1221,3431 1256,3432 1291,3433 1327,3433 1362,3433 1398,3434 1433,3435 1468,3435 1504,3436 1539,3437 1575,3438 1610,3439 1645,3441 1681,3442 1716,3443 1752,3445"/>
                <TextEquiv>
                    <Unicode>schmutzigen, doch reichen Gewinn?!</Unicode>
                </TextEquiv>
            </TextLine>
            <TextLine id="r2l56" custom="readingOrder {index:55;}">
                <Coords points="1124,3486 1912,3516 2090,3511 2091,3469 1125,3441"/>
                <Baseline points="1131,3478 1178,3479 1226,3480 1273,3481 1321,3482 1369,3483 1416,3484 1464,3485 1511,3486 1559,3488 1607,3489 1654,3491 1702,3492 1749,3493 1797,3495 1845,3495 1892,3497 1940,3498 1987,3498 2035,3499 2083,3500"/>
                <TextEquiv>
                    <Unicode>Kein Wunder, wenn angesichts so beschämender</Unicode>
                </TextEquiv>
            </TextLine>
            <TextLine id="r2l57" custom="readingOrder {index:56;}">
                <Coords points="1021,3537 2094,3558 2094,3520 2025,3507 1023,3479"/>
                <Baseline points="1029,3526 1081,3526 1134,3527 1187,3528 1240,3529 1293,3530 1346,3532 1399,3533 1452,3535 1505,3536 1558,3538 1610,3539 1663,3540 1716,3542 1769,3543 1822,3545 1875,3546 1928,3547 1981,3548 2034,3549 2087,3550"/>
                <TextEquiv>
                    <Unicode>Tatsachen der Ruf nach einer starken Hand, der</Unicode>
                </TextEquiv>
            </TextLine>
            <TextLine id="r2l58" custom="readingOrder {index:57;}">
                <Coords points="1021,3580 2088,3611 2072,3553 1022,3537"/>
                <Baseline points="1029,3576 1081,3577 1134,3577 1186,3578 1239,3579 1291,3580 1344,3581 1396,3582 1449,3583 1501,3584 1554,3586 1607,3587 1659,3588 1712,3590 1764,3591 1817,3592 1869,3593 1922,3595 1974,3596 2027,3597 2080,3598"/>
                <TextEquiv>
                    <Unicode>Ruf zurück zur Monarchie immer lauter wird, wenn</Unicode>
                </TextEquiv>
            </TextLine>
            <TextLine id="r2l59" custom="readingOrder {index:58;}">
                <Coords points="1026,3638 1879,3661 2092,3655 2093,3619 1027,3583"/>
                <Baseline points="1034,3624 1086,3624 1139,3625 1191,3626 1244,3627 1296,3629 1349,3630 1401,3631 1454,3633 1506,3634 1559,3635 1612,3637 1664,3638 1717,3640 1769,3641 1822,3642 1874,3643 1927,3644 1979,3645 2032,3645 2085,3646"/>
                <TextEquiv>
                    <Unicode>sich der anständige Großteil der österreichischen Re¬</Unicode>
                </TextEquiv>
            </TextLine>
            <TextLine id="r2l60" custom="readingOrder {index:59;}">
                <Coords points="1018,3693 1239,3675 1769,3721 1917,3687 2092,3725 2071,3650 1019,3637"/>
                <Baseline points="1026,3674 1081,3675 1137,3677 1193,3678 1248,3679 1304,3680 1360,3682 1416,3683 1471,3684 1527,3685 1583,3686 1639,3687 1694,3688 1750,3690 1806,3691 1862,3692 1917,3693 1973,3695 2029,3696 2085,3698"/>
                <TextEquiv>
                    <Unicode>publik für ihre „Segnungen und Freiheiten“ höfiichst</Unicode>
                </TextEquiv>
            </TextLine>
            <TextLine id="r2l61" custom="readingOrder {index:60;}">
                <Coords points="1103,3779 1419,3800 1500,3769 2082,3816 2083,3764 1980,3741 1104,3733"/>
                <Baseline points="1110,3773 1158,3775 1206,3776 1254,3777 1303,3778 1351,3780 1399,3781 1447,3782 1496,3783 1544,3784 1592,3785 1640,3786 1689,3787 1737,3788 1785,3789 1833,3790 1882,3791 1930,3792 1978,3794 2026,3795 2075,3797"/>
                <TextEquiv>
                    <Unicode>Jeder christliche Arbeiter und Angestellte</Unicode>
                </TextEquiv>
            </TextLine>
            <TextLine id="r2l62" custom="readingOrder {index:61;}">
                <Coords points="1010,3835 1993,3860 1994,3809 1829,3792 1011,3786"/>
                <Baseline points="1018,3823 1066,3824 1114,3825 1163,3826 1211,3826 1260,3828 1308,3829 1356,3830 1405,3832 1453,3833 1502,3834 1550,3835 1598,3836 1647,3838 1695,3839 1744,3839 1792,3841 1840,3841 1889,3842 1937,3843 1986,3843"/>
                <TextEquiv>
                    <Unicode>stimmt am 19. u. 20. Februar für die Liste</Unicode>
                </TextEquiv>
            </TextLine>
            <TextLine id="r2l63" custom="readingOrder {index:62;}">
                <Coords points="1017,3926 2029,3953 2083,3944 2085,3863 1019,3847"/>
                <Baseline points="1025,3914 1077,3915 1130,3916 1182,3917 1235,3918 1287,3919 1340,3920 1392,3921 1445,3923 1497,3924 1550,3926 1603,3927 1655,3929 1708,3930 1760,3932 1813,3933 1865,3934 1918,3936 1970,3937 2023,3938 2076,3939"/>
                <TextEquiv>
                    <Unicode>Christliche Gewerkschaften!</Unicode>
                </TextEquiv>
            </TextLine>
            <TextEquiv>
                <Unicode>box 17/6
Rundschau.
Die Schutzgarde der „Juden=Schweinerei“.
Der Jude Schnitzlerhat ein Theaterstück ge¬
schrieben, Reigen“ ist es betitelt, ein Stück, das
selbst in Berlin, und besonders in München abge¬
Iviesen wurde, steil man seine Aufführung dort als
—Kulturschande empfunden hat. Ist der Reigen doch
*
 azein Schandstück niederster Sorte, das das Sittlich¬
*
keitsgefühl jedes chalbwegs anständigen Menschen
Sauf das tiefste verletzen muß, ein Stück, das die
niedersten Triebe des Menschen verherrlicht und die
—
deutsche Frau, des deutsche Weib zur gemeinen
8.
Dirne erniedrigt.
Dieses Stück, das in München und Berlin mit
Abscheu verworfen wurde, hat der Jude Bernau in
Wien zum Ergötzen der Schieberwelt aufgeführt und
der Landeshauptmann von Wien Bürgermeister
Reumann seine Erlaubnis dazu gegeben. Bei der
anständigen und bodenständigen Bevölkerung Wiens
hat diese Frechheit gerechte Entrüstung hervorgerufen
und fast alle Blätter — natürlich mit Ausnahme
der jüdischen „Arbeiterzeitung“ —
nahmen gegen
die Aufführung Stellung. Die Bundesregierung gab
Herrn Reumann zu verstehen, er solle seine Be¬
willigung im Interesse der Oeffentlichkeit zurück¬
ziehen. Da geriet der „gute Jakob in Wut“ und
beteuerte: Kein Skandal der Welt könnte ihn dazu
bewegen, seine Bewilligung zurückzuziehen.
Nun verbot die Bundesregierung die Aufführung.
Dies benutzten nun die sozialdemokratischen Abge¬
ordneten zu einer Dringlichkeitsanfrage im National¬
rate,ßlich der es zu ekelerregenden Lärmszenen,
ja beinahe zu Tätlichkeiten kam.
Hört, ihr Arbeiter! Jene Männer, die sich eure
Führer und Vertreter nennen, treten dafür ein, daß
sich die Schieber= und Dirnenwelt auf Kosten
deutscher Sitte und deutscher Frauenehre begeilen
und unterhalten kann! Hat doch Präsident Karl
Seitz in seiner schamlosen Verteidigungsrede selbst
ausdrücklich gesagt, den Arbeitern mache das Verbot
nichts, die können sich bei den hohen Theaterpreisen
ohnehin den „Reigen“ nicht ansehen.
Für wen treten also eure Führer ein? Für
euch Arbeiter? Nein, für Schieber und Dirnen, die
sich gleich Schweinen mit wohlbehaglichem Grunzen
im Moraste wälzen, für Judengeldsäcke, die sich be¬
reichern wollen! Sollen das Volksvertreter sein?
Pfui Teufel! Vielleicht haben sie selbst Teil am
schmutzigen, doch reichen Gewinn?!
Kein Wunder, wenn angesichts so beschämender
Tatsachen der Ruf nach einer starken Hand, der
Ruf zurück zur Monarchie immer lauter wird, wenn
sich der anständige Großteil der österreichischen Re¬
publik für ihre „Segnungen und Freiheiten“ höfiichst
Jeder christliche Arbeiter und Angestellte
stimmt am 19. u. 20. Februar für die Liste
Christliche Gewerkschaften!</Unicode>
            </TextEquiv>
        </TextRegion>
        <TextRegion orientation="0.0" id="r3" custom="readingOrder {index:2;}">
            <Coords points="2177,727 2177,1831 3261,1831 3261,727"/>
            <TextLine id="r3l1" custom="readingOrder {index:0;}">
                <Coords points="2616,772 2658,772 2681,758 2717,767 2753,758 2778,777 2857,764 2857,712 2841,721 2816,714 2784,721 2759,707 2685,712 2662,705 2637,728 2616,726"/>
                <Baseline points="2623,757 2648,754 2673,753 2698,753 2723,754 2748,755 2773,756 2798,756 2823,755 2849,753"/>
                <TextEquiv>
                    <Unicode>Volkspost“</Unicode>
                </TextEquiv>
            </TextLine>
            <TextLine id="r3l2" custom="readingOrder {index:1;}">
                <Coords points="2178,849 3268,886 3239,832 2179,797"/>
                <Baseline points="2185,848 2238,850 2292,851 2346,853 2400,854 2454,856 2507,857 2561,858 2615,860 2669,861 2723,862 2776,863 2830,864 2884,865 2938,866 2992,868 3045,869 3099,870 3153,871 3207,873 3261,874"/>
                <TextEquiv>
                    <Unicode>bedankt und Ekel empfindet vor Volksvertretern, die</Unicode>
                </TextEquiv>
            </TextLine>
            <TextLine id="r3l3" custom="readingOrder {index:2;}">
                <Coords points="2186,915 3255,941 3269,892 2188,850"/>
                <Baseline points="2194,900 2247,902 2300,903 2353,904 2407,905 2460,907 2513,909 2567,910 2620,911 2673,913 2727,914 2780,916 2833,918 2886,919 2940,920 2993,921 3046,922 3100,922 3153,923 3206,923 3260,923"/>
                <TextEquiv>
                    <Unicode>für Schund und Schmutz, für Judenprofit und</Unicode>
                </TextEquiv>
            </TextLine>
            <TextLine id="r3l4" custom="readingOrder {index:3;}">
                <Coords points="2182,953 2253,968 2278,954 2336,969 2637,967 2638,920 2624,917 2477,926 2446,900 2318,922 2235,902 2183,910"/>
                <Baseline points="2190,947 2215,948 2241,950 2267,950 2293,951 2319,952 2345,952 2371,953 2397,953 2422,954 2448,954 2474,954 2500,955 2526,955 2552,956 2578,957 2604,958 2630,960"/>
                <TextEquiv>
                    <Unicode>Dirnenkult eintreten!</Unicode>
                </TextEquiv>
            </TextLine>
            <TextLine id="r3l5" custom="readingOrder {index:4;}">
                <Coords points="2438,1016 2497,1025 2526,1005 2557,1034 2751,1051 2805,1027 2832,1047 2953,1051 2995,1044 2997,983 2786,958 2746,978 2439,973"/>
                <Baseline points="2446,1014 2473,1015 2500,1016 2527,1016 2554,1017 2581,1017 2608,1018 2635,1018 2662,1019 2689,1020 2717,1020 2744,1021 2771,1022 2798,1022 2825,1023 2852,1024 2879,1025 2906,1025 2933,1027 2960,1028 2988,1029"/>
                <TextEquiv>
                    <Unicode>42 Milliarden Defizik,</Unicode>
                </TextEquiv>
            </TextLine>
            <TextLine id="r3l6" custom="readingOrder {index:5;}">
                <Coords points="2187,1072 3229,1109 3254,1049 2537,1046 2188,1004"/>
                <Baseline points="2195,1066 2247,1067 2300,1068 2352,1069 2405,1070 2457,1071 2510,1072 2562,1074 2615,1075 2667,1076 2720,1078 2773,1080 2825,1081 2878,1083 2930,1084 2983,1086 3035,1087 3088,1088 3140,1089 3193,1090 3246,1091"/>
                <TextEquiv>
                    <Unicode>das sind 42 000 Millionen Kronen Abgang weist</Unicode>
                </TextEquiv>
            </TextLine>
            <TextLine id="r3l7" custom="readingOrder {index:6;}">
                <Coords points="2199,1130 3095,1156 3244,1151 3246,1100 2200,1082"/>
                <Baseline points="2206,1115 2257,1116 2309,1119 2360,1120 2412,1121 2463,1123 2515,1124 2566,1125 2618,1126 2669,1127 2721,1129 2773,1130 2824,1131 2876,1132 2927,1134 2979,1135 3030,1136 3082,1137 3133,1138 3185,1139 3237,1140"/>
                <TextEquiv>
                    <Unicode>unser Staatsvoranschlag auf. Es entfällt also auf</Unicode>
                </TextEquiv>
            </TextLine>
            <TextLine id="r3l8" custom="readingOrder {index:7;}">
                <Coords points="2189,1179 3140,1210 3259,1205 3260,1150 2190,1120"/>
                <Baseline points="2196,1167 2248,1167 2301,1168 2354,1169 2407,1170 2460,1171 2512,1172 2565,1173 2618,1174 2671,1176 2724,1177 2776,1178 2829,1179 2882,1181 2935,1182 2988,1183 3040,1184 3093,1185 3146,1186 3199,1187 3252,1188"/>
                <TextEquiv>
                    <Unicode>jeden Einwohner unseres Staates eine Staatsschuld</Unicode>
                </TextEquiv>
            </TextLine>
            <TextLine id="r3l9" custom="readingOrder {index:8;}">
                <Coords points="2188,1218 3247,1245 3213,1196 2931,1187 2847,1218 2705,1175 2672,1206 2189,1181"/>
                <Baseline points="2195,1215 2247,1216 2299,1217 2351,1218 2403,1220 2456,1221 2508,1221 2560,1223 2612,1224 2664,1225 2717,1226 2769,1227 2821,1229 2873,1230 2925,1231 2978,1232 3030,1233 3082,1234 3134,1235 3186,1236 3239,1236"/>
                <TextEquiv>
                    <Unicode>von ungefähr 7000 Kronen. Grauenerregende</Unicode>
                </TextEquiv>
            </TextLine>
            <TextLine id="r3l10" custom="readingOrder {index:9;}">
                <Coords points="2182,1277 3214,1300 3245,1248 2183,1223"/>
                <Baseline points="2190,1267 2242,1267 2294,1267 2347,1268 2399,1269 2451,1269 2504,1270 2556,1271 2608,1273 2661,1274 2713,1275 2765,1276 2818,1278 2870,1278 2922,1280 2975,1281 3027,1282 3079,1282 3132,1283 3184,1284 3237,1284"/>
                <TextEquiv>
                    <Unicode>Ziffern. Allerdings entfallen hievon 21·5 Milliarden</Unicode>
                </TextEquiv>
            </TextLine>
            <TextLine id="r3l11" custom="readingOrder {index:10;}">
                <Coords points="2187,1322 3235,1356 3247,1296 2188,1282"/>
                <Baseline points="2194,1313 2246,1315 2298,1316 2350,1317 2403,1318 2455,1319 2507,1320 2559,1321 2612,1322 2664,1323 2716,1324 2768,1326 2821,1326 2873,1328 2925,1329 2977,1330 3030,1331 3082,1333 3134,1334 3186,1335 3239,1337"/>
                <TextEquiv>
                    <Unicode>auf Kursverluste, die sich bei einer Steigung des</Unicode>
                </TextEquiv>
            </TextLine>
            <TextLine id="r3l12" custom="readingOrder {index:11;}">
                <Coords points="2187,1369 3156,1401 3240,1389 3241,1344 2188,1322"/>
                <Baseline points="2194,1361 2248,1363 2303,1364 2358,1366 2412,1367 2467,1368 2522,1370 2576,1371 2631,1372 2686,1373 2740,1374 2795,1375 2850,1376 2904,1377 2959,1378 3014,1379 3068,1380 3123,1382 3178,1383 3233,1384"/>
                <TextEquiv>
                    <Unicode>Kronenkurses sofort von selbst verringern würden.</Unicode>
                </TextEquiv>
            </TextLine>
            <TextLine id="r3l13" custom="readingOrder {index:12;}">
                <Coords points="2190,1418 3244,1449 3217,1388 2191,1370"/>
                <Baseline points="2197,1412 2249,1413 2301,1414 2353,1415 2405,1416 2457,1417 2509,1418 2561,1419 2613,1421 2665,1421 2717,1423 2769,1423 2821,1425 2873,1426 2925,1427 2977,1428 3029,1429 3081,1429 3133,1431 3185,1432 3237,1432"/>
                <TextEquiv>
                    <Unicode>Darum ist eben das Hauptproblem Oestert ichs die</Unicode>
                </TextEquiv>
            </TextLine>
            <TextLine id="r3l14" custom="readingOrder {index:13;}">
                <Coords points="2181,1481 3130,1494 3130,1445 3073,1437 2182,1421"/>
                <Baseline points="2188,1464 2234,1464 2281,1465 2328,1465 2374,1465 2421,1466 2468,1467 2514,1467 2561,1468 2608,1469 2655,1470 2701,1470 2748,1471 2795,1472 2841,1473 2888,1474 2935,1475 2981,1476 3028,1478 3075,1479 3122,1480"/>
                <TextEquiv>
                    <Unicode>Hebung und Stabilisierung des Kronenkurses.</Unicode>
                </TextEquiv>
            </TextLine>
            <TextLine id="r3l15" custom="readingOrder {index:14;}">
                <Coords points="2297,1529 2964,1556 3104,1546 3123,1495 2298,1478"/>
                <Baseline points="2304,1521 2344,1522 2385,1523 2425,1524 2466,1525 2506,1526 2547,1527 2587,1528 2628,1529 2668,1530 2709,1531 2749,1532 2790,1533 2830,1534 2871,1535 2911,1536 2952,1536 2992,1537 3033,1538 3073,1538 3114,1539"/>
                <TextEquiv>
                    <Unicode>Oesterreich muß sich selbst helfen!</Unicode>
                </TextEquiv>
            </TextLine>
            <TextLine id="r3l16" custom="readingOrder {index:15;}">
                <Coords points="2273,1579 3243,1603 3244,1552 2274,1527"/>
                <Baseline points="2281,1571 2328,1571 2376,1571 2424,1572 2471,1573 2519,1574 2567,1575 2614,1576 2662,1577 2710,1578 2758,1579 2805,1580 2853,1581 2901,1583 2948,1583 2996,1585 3044,1586 3091,1587 3139,1588 3187,1589 3235,1590"/>
                <TextEquiv>
                    <Unicode>Das ist die Endweisheit des tschechischen Dr.</Unicode>
                </TextEquiv>
            </TextLine>
            <TextLine id="r3l17" custom="readingOrder {index:16;}">
                <Coords points="2179,1625 3184,1658 3241,1652 3242,1603 2180,1564"/>
                <Baseline points="2187,1617 2239,1618 2291,1619 2344,1620 2396,1621 2448,1622 2501,1623 2553,1624 2605,1625 2658,1626 2710,1627 2762,1628 2815,1629 2867,1631 2919,1632 2972,1633 3024,1635 3076,1637 3129,1639 3181,1641 3234,1643"/>
                <TextEquiv>
                    <Unicode>Benesch in seinen Abmachungen mit Italien. Ja, ja,</Unicode>
                </TextEquiv>
            </TextLine>
            <TextLine id="r3l18" custom="readingOrder {index:17;}">
                <Coords points="2169,1677 3132,1700 3236,1695 3237,1650 2170,1624"/>
                <Baseline points="2177,1665 2229,1666 2282,1667 2334,1668 2387,1669 2440,1671 2492,1672 2545,1673 2597,1674 2650,1676 2703,1677 2755,1678 2808,1679 2860,1680 2913,1681 2966,1682 3018,1683 3071,1684 3123,1684 3176,1685 3229,1686"/>
                <TextEquiv>
                    <Unicode>wenn wir uns auf unsere Nachbarn und Entente¬</Unicode>
                </TextEquiv>
            </TextLine>
            <TextLine id="r3l19" custom="readingOrder {index:18;}">
                <Coords points="2173,1734 3238,1761 3239,1694 3206,1689 2174,1674"/>
                <Baseline points="2180,1715 2232,1716 2285,1717 2337,1718 2390,1719 2442,1721 2495,1722 2547,1723 2600,1724 2652,1725 2705,1727 2758,1728 2810,1729 2863,1730 2915,1731 2968,1732 3020,1734 3073,1735 3125,1736 3178,1738 3231,1739"/>
                <TextEquiv>
                    <Unicode>freunderl verlassen, dann sind wir schon verlassen!</Unicode>
                </TextEquiv>
            </TextLine>
            <TextLine id="r3l20" custom="readingOrder {index:19;}">
                <Coords points="2240,1846 2298,1831 2329,1851 2350,1848 2371,1828 2382,1827 2385,1752 2352,1756 2345,1750 2330,1758 2293,1745 2266,1748 2255,1757 2243,1755"/>
                <Baseline points="2249,1812 2274,1814 2299,1814 2324,1815 2349,1816 2375,1818"/>
                <TextEquiv>
                    <Unicode>OL</Unicode>
                </TextEquiv>
            </TextLine>
            <TextEquiv>
                <Unicode>Volkspost“
bedankt und Ekel empfindet vor Volksvertretern, die
für Schund und Schmutz, für Judenprofit und
Dirnenkult eintreten!
42 Milliarden Defizik,
das sind 42 000 Millionen Kronen Abgang weist
unser Staatsvoranschlag auf. Es entfällt also auf
jeden Einwohner unseres Staates eine Staatsschuld
von ungefähr 7000 Kronen. Grauenerregende
Ziffern. Allerdings entfallen hievon 21·5 Milliarden
auf Kursverluste, die sich bei einer Steigung des
Kronenkurses sofort von selbst verringern würden.
Darum ist eben das Hauptproblem Oestert ichs die
Hebung und Stabilisierung des Kronenkurses.
Oesterreich muß sich selbst helfen!
Das ist die Endweisheit des tschechischen Dr.
Benesch in seinen Abmachungen mit Italien. Ja, ja,
wenn wir uns auf unsere Nachbarn und Entente¬
freunderl verlassen, dann sind wir schon verlassen!
OL</Unicode>
            </TextEquiv>
        </TextRegion>
    </Page>
</PcGts>
