3436 4224
375 165 520 266 11.
577 178 890 270 Reigen
1082 169 1488 257 box 18/2
1926 430 2726 572 Klole & beldel
1970 533 2708 658 Bureau für Zeitungsausschnitte
1935 609 2708 716 Berlin NO. 45, Georgenkirchplatz 211
2187 778 2640 915 Der Tag
1899 827 2201 927 Zeitung:
2423 892 2732 947 Aet e Auamaget AuIAaASAnneeee
1903 917 2728 1060 O
1887 1053 2725 1181 Datum: —3.961.1921.—
2186 1302 2891 1385 Kant im „Reigen“=Prozeß.
1940 1381 3132 1444 Die Altmodischen alle, die durch das Urteil der überwiegenden
1952 1434 3133 1498 Anzahl der Sachverständigen im „Reigen“=Prozeß so kräftig ge¬
1955 1474 3134 1550 zeichnet worden sind, daß sie sich in einer wahrhaft modernen
1948 1530 3125 1596 Stadt kaum mehr um Mitternacht auf der Straße sehen lassen
1948 1593 3129 1645 dürfen, sie befinden sich in gar nicht so übler Gesellschaft. Zu den
1957 1633 3130 1688 bei der Verhandlung Schlechtweggekommenen gehört nämlich auch
1944 1676 3123 1734 Herr Kant aus Königsberg, der zwar schon lange tot ist, aber
1951 1725 3134 1789 immer noch in gewissen Kreisen einiges Ansehen genießt, so daß
1957 1779 3132 1832 man sich an seiner Seite eigentlich doch nicht zu schämen braucht.
1946 1820 3137 1883 Herr Dr. Witkowsky hat wohl auch nicht gerade den ganzen Kant
1954 1873 3125 1933 verwerfen wollen, als aber Herr Regierungsrat Brauner sich auf
1944 1913 3132 1979 des Königsbergers „kategorischen Imperativ“ berief, vollzog der
1955 1977 3141 2038 moderne Sochverständige die Feststellung, daß sein Widerpart schon
1956 2021 3127 2084 damit seine Rückständigkeit und den Mangel an Befugnis, ein zeit¬
1950 2088 3060 2135 gemäßes Urteil in der Prozeßsache abzugeben, erwiesen habe.
1989 2108 3131 2175 Nun wäre es von hohem Werte zu wissen, von woher der Sach¬
1958 2154 3128 2220 verständige Dr. Witkowsky seine Kenntnisse auf dem Gebiete der
1957 2208 3139 2275 Ethik bezogen hat, oder von ihm unmittelbar zu vernehmen, in
3062 2256 3143 2318 sich
1950 2260 3063 2322 welchen Lehren die moderne Ethik bestehe. Solche Leute, die
1957 2317 3136 2368 fachwissenschaftlich mit der Moralthedrie befassen, befinden sich
1961 2353 3143 2414 nämlich in Kenntnis einer Tatsache, die zu dem Ausspruche des
1947 2419 3132 2468 Herrn Sachverständigen im vollsten Gegensatze steht. Sie wissen,
1955 2454 3131 2512 daß die ethische Forschung allerneuestens genau dort gelandet ist,
1954 2507 3143 2568 wo schon Kant das Wahrzeichen seiner Entdeckertat aufsteckte: beim
1956 2550 2297 2615 Rätsel des Sollens.
1997 2592 3139 2660 Mit dem Schopenhauerschen Mitleid und der Nietzschischen Mit¬
1956 2657 3132 2716 leidslosigkeit auf der einen und Vornehmheit auf der anderen Seite
1956 2706 3144 2769 ist man ebensowenig zu einer haltbaren Morallehre gelangt wie
1956 2749 3144 2803 mit der Theorie der Sanktionen, der Werttheorie, oder gar mit der
1955 2798 3137 2861 neuesten Errungenschaft von Professor Freud, der aus dem Lust¬
1959 2842 3141 2906 gefühl und dem Wiederholungszwang eine besonders kühne Spe¬
1949 2902 3137 2949 kulation aufbaute, um endlich das Bedürfnis der Modernen nach
1959 2948 3129 3006 einem schillernden Nichts von psychologischer Ethik zu befriedigen
1965 2988 3135 3052 Über den Utilitarismus und die soziologische Ethik braucht man
1968 3038 3142 3098 schon gar nicht mehr zu reden, sie sind durch die über die Gegen¬
1959 3086 3133 3146 wart hereingebrochene Katastrophe der Moral einfach begraben
1958 3136 3135 3204 worden. Weder ist der Altruismus dem zivilisierien Menschen an¬
1956 3188 3140 3245 gezüchtet, noch der Egoismus weggezüchtet worden, weder hat die
1962 3235 3141 3297 Rücksicht auf Staat und Gesellschaft dem Individualismus stand¬
1959 3278 3143 3337 gehalten, noch zeigt sich in der Gesellschaftsordnung irgendein
1965 3330 3138 3382 Mittel, durch das die Anarchie wieder beseitigt werden könnte, es
1967 3374 3141 3434 sei denn durch Gewalt und Strafe: das Ergebnis aller ethischen
1972 3424 3142 3486 Systeme, die bisher gelehrt und angewendet wurden, ist einfach
1965 3477 3142 3525 das Chaos, in dem wir uns nunmehr befinden und hilflos umher¬
1971 3530 3145 3582 treiben. Wohin sich auch auf dem Trümmerfeld der Ethik das
1968 3568 3145 3621 Auge wenden mag, es weist keinen festen Punkt auf, außer eben
1967 3621 3131 3688 jenem Sollen, dem Kant die Bezeichnung „kategorischer Imperativ'
1973 3666 2207 3733 verliehen hat.
1998 3704 3137 3776 Schon ehe der praktische Bankerott aller Moral eintrat, hat
1971 3768 3147 3827 Georg Simmel, der immerhin als hinreichend modern gelten dürfte,
1965 3818 3148 3873 die Grundtatsache, das Grundrätsel des ethischen Problems in den
1967 3869 2516 3922 resignierten Worten dargestellt:
2004 3908 3149 3982 „Ich gestehe, daß der seelische Vorgang, in dem wir unser ganzes
1964 3973 3149 4025 Wollen sich oft genug gegen ein Sollen sträuben fühlen, das
1973 4019 3137 4071 dennoch selbst irgendwie ein Wollen sein muß, weil wir ihm, ohne
1972 4069 3144 4134 daß jener Widerstand sich verminderte, schließlich folgen: ich gestehe,
1969 4119 3031 4166 daß ich hierfür keine anschauliche, ausreichende Deutung kenne.
