3392 4256
87 246 422 336 nz unnötigera
107 313 417 393 unseren, noch
93 369 416 449 fhrlichen Mili¬
88 429 427 507 wozu? Nein,
97 490 420 566 olitische Klug¬
103 553 419 629 handen. Und
102 609 348 678 sten einer.
101 667 414 740 Ie zu wieder-
96 727 413 805 über den Krieg
92 789 406 857 n einem Auf¬
92 847 416 923 e Geschichts¬
117 905 411 987 daß unser
105 961 414 1052 eund der
105 1023 408 1094 wenn es
111 1081 406 1159 tsche Agi¬
94 1141 413 1219 stik gege¬
90 1200 405 1279 fost festum er¬
77 1259 411 1333 kwenig mehr
95 1320 406 1395 len gründlich
113 1371 411 1455 Stellenjägerei
93 1441 418 1510 ie allgemeine
96 1495 406 1570 Grad erreicht.
77 1550 412 1632 hauspiellhaus
96 1615 398 1695 wird gezeigt,
114 1674 399 1754 und junker
94 1736 401 1816 il es schlecht
90 1788 407 1864 endrein unter
83 1848 403 1931 von trug imnd
102 1908 402 1990 Soll's wieder
95 1966 402 2056 eHerrentraße
95 2047 359 2162 Willhain.
81 2363 393 2460 ladek zunächst
79 2440 400 2515 nd so sind die
90 2495 394 2578 elhauses in der
95 2553 394 2630 uf länger hin¬
82 2616 383 2688 ganze intellek¬
88 2675 392 2747 lt oder gezählt
89 2734 384 2814 ngesehen haben
111 2790 391 2876 Furcht, man
79 2852 381 2929 esen zehn Dia¬
96 2907 384 2988 erhebt sich an
95 2969 381 3041 üstung. Die
89 3023 394 3097 hen dursen=Mit
102 3086 390 3160 abgelauschten
95 3144 280 3220 werden.
285 3143 388 3224 In
83 3205 389 3278 ckt und das
85 3269 380 3361 en soll, senkt
74 3324 323 3400 er Schleier
72 3383 375 3460 m Empfinden,
88 3445 362 3518 und gespann¬
76 3495 372 3580 Wahrnehmung
117 3565 381 3638 hinter dem
86 3625 376 3699 drungen, geht
92 3680 370 3758 n des Männ¬
84 3733 372 3812 eschwingt, von
79 3798 361 3872 mmer girrend,
92 3855 371 3929 und da der
89 3912 369 3986 azu zeigt, mit
484 245 1655 321 inem Schuß Sentimentalität. Nur die Schauspielerin ist
482 321 1651 397 rei von Empfindelei. Sie entläßt ihre Liebhaber mit einem
465 386 1641 461 befriedigten Gefühl heiterer Zufriedenheit und stolzen Ge¬
473 439 1652 518 sättigtseins. Sie buhlt nicht um die Gunst ihrer Verehrer,
475 498 1641 563 sie verschenkt sich und kennt danach weder Reue noch Be¬
472 563 1642 634 dauern. Die Liebe und der Liebeskult gehören sozusagen
464 610 1637 686 zu ihrem Beruf. Sie würde, mit moralischen Maßstäben
469 680 1631 746 gemessen, in diesem Reigen fallender und gefallener Mäd¬
470 733 1644 816 chen und Frauen zweifelsohne am schlimmsten abschneiden.
576 798 1643 907 Es ist das leichtsinnige, genußfrohe und oberflächliche
461 871 1634 946 Wien, das in diesen zehn ineinander verschlungenen Dia¬
456 943 1642 1008 logszenen an uns vorüberzieht. Anatolluft umwittert uns
459 1009 1644 1075 und Einleitung und Ausklang dieser in den verschiedensten
461 1056 1635 1125 Variationen immer nur um den einen Punkt tändelnden
464 1115 1632 1196 Gespräche verraten wieder den feinen Psychologen und
465 1185 1642 1239 menschenkündigen Seelenanalythiker, als den wir Schnitzler
464 1233 1638 1308 seit einem Menschenalter verehren. Man unterhält sich
454 1300 1644 1374 zwei Stunden unter lächelndem und prickelndem B hagen
452 1353 1637 1428 auf das Allerbeste. Schrecker war übel beraten, als er
463 1417 1636 1498 gegen diese charmanten und liebenswürdigen erotischen
457 1474 1624 1536 Niedlichkeiten mit moralischem Furor zu Felde zog. Das
454 1528 1628 1609 hieße mit Kanonen auf Kolibris und Goldfasanen schießen.
456 1593 1636 1655 Die Sache ist mit femabgewogenem Takt und Geschmack
447 1653 1626 1735 inszeniert und in einen stimmungsvollen Rahmen gefaßt.
450 1708 1632 1781 Gespielt wird durchweg= passabel. Kurt Götz ragte hervor
451 1769 1630 1844 und Schwanneke war voll behaglichstem Humor. Auch
452 1827 1624 1908 die Damen fast durchweg einwandfrei. Nur den Dichter
464 1885 1623 1953 älte mancher und manche sich anders gewünscht. Nament¬
447 1955 1627 2023 lich die schöne Frau an meiner Seite mit den rätsclvollen
445 2007 1628 2087 Wixenaugen war unzufrieden. Es nützte mir wenig, daß
443 2061 1632 2141 ich immer wieder versicherte, Schnitzler selbst hätte diesen
441 2115 1629 2186 Darsteller gewünscht. Sie ließ sich nicht beschwichtigen.
449 2185 1628 2262 Schon sein Aeußeres mißsiel ihr: Das ist ein behäbiger,
445 2257 1629 2316 nüchterner Bourgois, aber kein Dichter. Ich wünschte für
438 2291 1624 2371 diese Figur ein Gemisch von Snob und ziersamen Schön¬
447 2361 1623 2431 ling mit einem Auflug von Selbstironie. Alles darf diese
449 2427 1624 2493 Figur sein, nur nicht uninteressant. Dann werden auch
446 2469 1623 2548 die impulsiven Anwürfe und Ausbrüche der Schauspielerin
448 2541 1618 2605 viel wirksamer als angesichts dieser banalen Trockenheit.
435 2590 1614 2675 Ein poetischer Gipfel= und Höhepunkt in dem bunten Spiel,
439 2661 1615 2747 eine Art Oskar Wilde=Figur, müßte dieser dichtende Dandy
445 2712 1616 2775 ein u. s. w. — Nun, glücklicher weise stellte der Dar¬
444 2777 1626 2840 teller des Grafen, Stil und Stimmung ganz im Sinne
430 2845 1626 2916 meiner eben so verführerischen wie gefährlich klugen Nach¬
432 2892 1617 2980 barin wieder her und man schied in der angeregtesten und
427 2956 1627 3031 zufriedensten Laune. —— Das Theaterchen in der Fa¬
430 3015 1615 3076 Lauenstraße wird sich in den nächsten Wochen und Mon¬
424 3071 1610 3141 den wohl immer als viel zu klein erweisen, um all die
423 3128 1615 3195 Neugierigen, die sich diese Schnitzlerschen Liebesspiele an¬
424 3197 1607 3273 sehen wollen, unterzubringen. Herr Kaindl, der getreue
420 3253 1615 3326 Adlatus Sladeks, kann mir heute schon leid tun und mag
432 3317 1608 3392 sehen, wie er diesem Ansturm gerecht-wird. — Ueber den
421 3378 1599 3445 Reigen, der gewiß Schnitzlers originellstes, kühnstes und
421 3427 1596 3509 lebenssprühendstes poctisches Capricio, das er je in schöpfe¬
411 3496 1608 3570 rischer Laune geschaffen, wird gelegentlich der hundertsten
504 3552 1595 3631 oder dreihunderisten Wiederholung noch mancherlei zu
420 3603 1593 3676 sagen sein. Für heute nur dies: In der bildenden Kunst
426 3664 1598 3727 hat die Malerei sich wohl am öftesten des Stoffes bemäch¬
418 3726 1601 3785 tigt. In sämtlichen Galerien Europas wimmelt es von
423 3783 1599 3851 Dangen, Leda's, Jos und anderen Opfern des göttlichen
420 3836 639 3909 Wüstlings
636 3835 1603 3905 Wir sehen sie ost inmitten ihrer Extasen.
414 3906 1600 3964 Der junge Schiller schrie: „Laura, nenne mir den Wir¬
745 4049 1343 4149 auptmann-Vorlesuag.
1699 264 2879 360 bel!“ und Beethoven jubelt mit Schiller: „Wollust ward
1696 328 2878 401 auch dem Wurm gegehen!“ Goethe hat uns die unsterb¬
1711 399 2883 479 ichen Elegien geschenkt. Warum versucht Schnitzler nicht
1703 452 2876 528 inmal, diesem Akt von der schicksalhaften, tragisch=däme¬
1703 514 2871 598 nischen Seite beizukommen. Strindberg und Wedekind
1701 577 2874 658 sind tot, von den Lebenden hätte er allein dazu Eignung
1693 632 2879 702 und Beruf. Von Dramatikern hatte nur Wagner dazu
1692 682 2884 767 die grondiose poetische und muskalische Kraft und den
1686 755 2873 829 letzten Mut. — Es ist schon lange her. Es war in Graz.
1694 809 2880 876 Ich soß während einer Walkürenvorstellung neben Peter
1689 864 2875 956 Rosegger in der Loge. Der geniale Kapellmeister Schalk,
1699 933 2880 1010 etzt Operndirektor in Wien, dirigierte. Nach dem ersten
1699 986 2880 1060 Fillen des Vorbanges — Siegmund hatte sich eben vom
1691 1040 2868 1130 Lager Sieglindes erhoben und sein „So blühe denn Wäl¬
1695 1099 2879 1186 ungenblut!“ ins verzückte, im Innersten aufgewühlte,
1692 1150 2874 1248 Haus geschmettert, de sagte Peter zu mir: „War das
1684 1227 2868 1298 nicht eben, als ob wir de leibhaftig dem ehebrecherischen
1685 1281 2872 1355 Geschlechtsakt der beiden beigewohnt hätten?“ und wischte
1694 1334 2865 1428 sich den Schweiß von der Stirne. Aber schön war's,
1684 1391 2877 1480 überwältigend schön!“ — Wäre in diesem Zusammenhang
1685 1463 2865 1539 vielleicht noch des Don Junn unseres himmlischen Mozart
1682 1521 2865 1594 zi gedenken Mten aus dem glutvollen, farbenprächtigen
1677 1575 2869 1661 Tongewoge heraus hören wir Zerlinens, während der De¬
1687 1620 2861 1703 loration ausgestoßene Lust= und Schmerzenschreie, deut¬
1677 1691 2802 1776 lich und markerschütternd an unser trunknes Ohr klingen.
1673 1738 2862 1840 Man sieht also, Schnitzler, befindet sich mit der dramati¬
1694 1806 2861 1878 chen Verwertung dieses Vorganges keineswegs in schlechter
1688 1865 2866 1947 Beseilschaft. —.— Aber wie schon gesagt, der Reigen
1672 1932 2872 2002 in ein geamnunh emüsantes Getändel und Geplänkel
1683 1990 2857 2063 oberflschlicher Genußmenschen um eine an sichesehr ernste
1674 2038 2858 2125 Sache. Wenn uns Schnitzler, der Arzt und Psychologe,
1678 2099 2861 2176 einmal tiefere Naturen bei diesem bedeutsamen Mysterium
1670 2154 2722 2248 belauschen ließe. — Wie wär's, Herr Doktor?! —
2547 2214 2815 2312 Willhain.
1861 2340 2734 2421 Umwandlung der Getnzide=Zwangswirt
1696 2375 2746 2477 Wie der „Tag“ erfährt, dürfte sich der Reich##
1695 2435 2826 2512 kurzer Zeit mit einem Gesetzentwurf über dis teil¬
1683 2477 2825 2556 weise Aufhebung der Getreide=Zwangs¬
1685 2521 2824 2590 wirtschaft, zu beschäftigen haben. Die durchaus
1686 2565 2829 2643 ungenügende Ablieferung des Brotgetreides durch die
1696 2606 2826 2680 Landwirte und die geringen Bestände an Getreide und
1691 2649 2824 2726 Mehl, die etwa bis Ende März des neuen Jahres
1688 2692 2821 2772 reichen, haben die zuständigen Behörden und wirt¬
1689 2736 2818 2814 schaftlichen Körverschaften gezwungen, zu einer Ab¬
1680 2782 2816 2860 änderung der Zwangswirtschaft Stellung zu nehmen.
1685 2819 2823 2899 Wie verlautet, ist in Aussicht genommen, für die neue
1690 2863 2821 2933 Ernte einen Teil des Ertrages zur Ernährung der
1679 2901 2384 2967 Bevölkerung sicherzustellen.
2382 2922 2818 2979 Der verbleibende
1686 2946 2820 3020 Rest soll durch die landwirtschaftlichen Verbände und
1687 2991 2817 3055 Genossenschaften dem freien Handel. zugeführt wer¬
1677 3034 2813 3101 den. Wis mitgeteilt wird, hat sich der Reichswirtschafts¬
1687 3080 2811 3150 rat im angeren Ausschuß mit dieser Neuordnung der Ge¬
1831 3121 1918 3149 #4
1690 3126 2812 3185 reibewueschaft sehr eingehend befaßt, und auch die
1680 3162 2817 3229 Reichsgetreibestelle soll der geplanten Neuordnung nicht
1679 3210 2810 3276 abgeneigt sein. — Der Preußische Staatskommissar für
1675 3249 2814 3303 Volksernährung hat den Kommunasverbänden Mittei¬
1672 3288 2816 3360 lungen über die beabsichtigte Nachschau von Ge¬
1680 3338 2819 3389 treidevorräten übersandt. Danach soll sich die
1681 3376 2813 3444 Nachschan nur auf solche landwirtschaftlichen Betriebe
1671 3426 2814 3482 erstrecken, die mit der Ablieferung säumig sind. Die
1676 3461 2813 3532 Führer der zu bildenden Nachschatlabteilungen sollen
1671 3506 2804 3571 alle überflüssigen Härten vermeiden. Wo Widerstand
1671 3546 2806 3617 geleisiet wird, soll er aber in kürzester Frist, wenn
1674 3598 2807 3690 nötig mit bereitgehaltenen Polizeikräften gebrochen
1670 3633 1842 3698 werden.
1647 3738 2484 3787 Herausgeber: Otto Randt & Kasch, beide Berlin.
2540 3710 2832 3795 Pollischer Leiter
1651 3777 2822 3831 und Feuilletonredakteur: Julius Willhaln, Berlin 27W, Brücken=Allee 28,
1657 3819 2824 3868 Volkswirtschaft und Handel: Paul Riemer, Berlin, Theater und Film:
1664 3854 2260 3911 itons Latter. Berlin W. 30. —
2282 3859 2829 3915 Verantwertlich für den gesamten
1661 3895 2834 3953 Inhalt: Paul Riemer, Berlin, Tile Wardenbergstr. 25=24. — Verlag
1655 3931 2831 3987 und Schriftleitung: Berlin W. 35, Kurfürstenstr. 148. Tel. Lützow 7861
1862 4049 2682 4149 Espressionistische Diehikunst.
