3336 4416
969 139 1401 253 box 17/6
278 154 800 272 11. Reigen
2385 887 2870 995 Außerhalb Wiens:
2503 969 2766 1080 K 1·10
2469 1054 2805 1153 Bezugspreis:
2395 1122 2830 1190 monatlich K 30“
2753 1160 2849 1215 90•—
2393 1169 2680 1231 vierteljährig
2390 1211 2868 1273 halbjährig K 180•—
2387 1242 2865 1318 ganzjährig. K 360•—
2476 1285 2784 1347 Nationalstaaten:
1246 1287 1442 1407 *
2399 1303 2880 1402 in Kronen der Landeswährinig.
2392 1378 2864 1447 Deutschland . Onk. 15•—
2392 1428 2873 1511 Latein. Wührung Frcs. 15•—
2519 1481 2763 1548 monatlich.
1014 1449 2268 1551 Wo es Stürkere gibt, immer auf Seite der Schwücheren.“
2437 1586 2918 1675 7. Jahrgang.
757 1596 1912 1692 Wien, Freitag, 11. Jebruar 1921.
2612 1789 2756 2050 t.
1958 1952 2063 2058 1
1282 1955 1776 2060 # im *
434 1810 1004 2072 eatersta
188 1973 265 2086 *
170 2049 2666 2257 fassungsbruch durch Verbot eines Theaterstücks.
725 2268 2982 2359 Es bleibt abzuwarten, ob das Bundesministerium für I sozialen Partei. Man könne heute in der Republik Österreich
736 2337 2978 2424 Inneres die Haltung der Landesregierung unbeachtet lassen nicht mehr so regieren wie früher. Es gehe nicht, daß hier
201 2332 663 2446 weiteren Auf¬
742 2392 1835 2466 und aus eigener Macht der Polizeidirektion den Auftrag zur
1873 2381 2967 2495 eine Regierung von Angestellten und Söld¬
149 2419 560 2530 es „Reigen“.
735 2454 1854 2525 Einstellung der weiteren „Reigen“=Aufführungen geben
2337 2461 2526 2543 lingen
741 2514 870 2590 werde.
1870 2500 2237 2587 die Geschäfte führe.
140 2497 705 2589 Lespondenz berichtet:
1966 2542 2986 2614 Seitz wird natürlich von den Christlichsozialen und den
148 2556 712 2638 Regierung wurde die weitere
1872 2613 2987 2666 Großdeutschen, unter denen sich besonders Herr Schürff her¬
141 2617 662 2696 ickes „Reigen“ untersagt.
826 2514 1744 2725 Stürmische Auftritte im
1879 2653 2936 2720 vortut, unterbrochen, doch weiß er sich Gehör zu verschaffen.
162 2676 381 2744 mitgeteilt:
1969 2701 2983 2772 Er wendet sich nun an den Minister Glanz, der bleich
172 2698 702 2801 der Aufführung des „Reigen“
1343 2692 1559 2812 lrat.
1049 2567 1268 2817 che
1881 2750 2978 2812 und zitternd, in sich zusammengesunken auf der Ministerbank
142 2778 718 2843 als politische Landesbehörde hat
838 2780 1852 2861 Nach Erledigung der Tagesordnung der heutigen Sitzung
1881 2800 2984 2870 sitzt, und erklärt, daß es jo habe kommen müssen, wenn man
170 2833 715 2893 den Bürgermeister von Wien
749 2848 1849 2916 des Nationalrates wird eine deingliche Aufrage der Abgeord¬
1884 2847 2990 2912 einen jungen, wenn auch strebsamen Mann, der lange Zeit in
174 2881 717 2947 aufmerksam gemacht, die der
757 2894 1848 2977 neten Leuthner und Genossen, betreffend das Verbot der
1882 2901 2988 2978 den Präsidialbureaus gesessen sei, auf einen solchen Posten setzt.
146 2920 716 2999 perkes entgegenstehen. Der Ma¬
1975 2951 2992 3008 Seit erwidert auf die Schlußworte des Dr. Glanz, daß
742 2943 1435 3032 Aufführung des „Reigen“ verhandelt.
169 2972 717 3047 Anhörung des Zensurbeirates
845 2958 1851 3065 Leuthner erklärt, er wolle sich mit der künstlerischen
1882 2992 3000 3062 er seine Handlungsweise dem Urteil der anständigen Leute
143 3018 711 3109 der l. J. die Aufführungsbewilli¬
752 3034 1845 3110 Seite gar nicht befassen, sondern sich nur auf die rechtliche
1884 3049 2989 3110 überlasse und rügt diese Worte als grobe Unge¬
749 3090 1851 3160 Seite der Angelegenheit beschränken. Die Verfügung stelle eine
1894 3093 2987 3162 hörigkeit. Dr. Glanz gibt natürlich durch verschiedene
140 3099 714 3198 #ufführungen des Stückes gaben
766 3140 1850 3206 schwère Kompetenzüberichreitung der Regierung dar, einen
1896 3147 2989 3214 Zeichen und Handbewegunge; zu verstehen, daß er die Be¬
151 3182 712 3241 in der Offentlichkeit Anlaß.
759 3184 1849 3259 Bruch der Verfassung, welche die Christlichsozialen sich selbst
1888 3197 2991 3261 merkung nicht so gemeint habe, macht also einen Abschwächungs¬
168 3219 722 3287 us überwiegende Mehrzahl der
760 3235 1848 3313 gegeben haben und dies unternehme dieselbe Regierung, welche
1888 3248 3000 3310 versuch, aber Seitz wiederholt Herrn Dr. Glanz die Worte und
170 3280 718 3342 aus, daß die Aufführung
757 3293 1860 3352 an der Machtsphäre der Landeshauptleute nicht zu rühren wage.
1897 3306 2089 3380 sagt dann:
155 3330 731 3389 findrucke eine arge Ver¬
759 3332 1852 3402 Redner richtet dann schwere Angriffe gegen den Minister des
1982 3322 3002 3412 „Der größte Teil der Ausführungen des Herrn Glanz sei
146 3381 728 3437 Lit bedeute. (?!) Kundgebungen
764 3386 1088 3475 Innern Glanz.
1896 3391 2990 3454 mit seinen ästhetischen Ansichten erfüllt. Diese Ansichten inter¬
153 3430 717 3490 ahlreiche Artikel der Presse ver¬
847 3396 1861 3500 Dieser ergreift hierauf das Wort und verliest eine Er¬
1899 3449 2512 3514 essieren uns, sagt Seitz, gar nicht.“
154 3478 733 3545 Erkennen, daß diese Vorführung
754 3471 1863 3549 klärung, die sich im Wesen mit der Begründung der Verfügung
1932 3490 2995 3552 Seitz betont, daß der Landeshauptmann sich bei seiner
152 3528 713 3603 ben weiter Kreise der Wiener
763 3534 1868 3593 des Verbotes deckt. Er wird wiederholt von Zwischenrufen der
1887 3543 2993 3601 Erlaubnis, den „Reigen“ aufzuführen, auf einen Beschluß des
154 3566 435 3634 egensatze steht.
757 3577 1862 3651 Sozialdemokraten und Gegenrufen der Christlichsozialen unter¬
1895 3591 2992 3659 Zensurbeirates, der die Aufführungen genehmigt habe,
168 3594 726 3677 für Inneres und Unterricht
759 3639 919 3701 brochen.
1902 3638 2989 3690 gestützt habe. Et wolle absolut nicht sogen, wie er über diese
147 3670 720 3737 ähst zur Beurteilung des Fasses
848 3648 1858 3733 Abg. Seitz macht gleichfalls wiederholte Zwischenrufe.
1899 3684 2999 3760 Aufführungen denke. Zwischenrufe bei den Christlichsozialn:
167 3716 731 3781 n Wien die Einladung, zu der
854 3726 1855 3806 Abg. Dr. Mataja ruft: „Der Präsident als Krawall¬
1899 3733 2426 3831 „Das wäre aber interessont.“
159 3766 726 3832 führungen gegebenen Sachlage
768 3768 925 3863 macher“.
1987 3755 3004 3850 Seitz erwidert, wenn einer von den Herren privat seine
185 3809 736 3887 Bürgermeister erklärte jedoch,
858 3804 1862 3908 Laute Gegenrufe der Sozialdemokraten und ununter¬
1902 3830 3002 3899 Meinung haben wolle, so werde er sie ihm im Kaffeehaus oder
197 3869 736 3945 sei, seine erste Entscheidung
774 3868 1057 3963 brochener Lärm.
1910 3877 3004 3965 sonst wie mitteilen. Hier sei diese aber durchaus unangebracht.
864 3888 1865 3998 Minister Glanz (unn sich in dem Larm nur schwer
1994 3930 3008 3995 Die Arbeiter und die Schichten, die die Sozialdemokraten
161 3928 734 4032 öffentlichen Sittlichkeit sah sich
771 3953 1119 4061 verständlich machen.
1901 3981 3010 4050 vertreten, seien in ihrer Sittlichkeit durch die „Reigen"=Auf¬
188 4011 742 4081 veranlaßt, die weiteren Auf¬
861 3989 1874 4081 Der Minister schließt mit der Erklärung, daß er die Beur¬
1903 4033 3012 4110 führungen durchaus nicht betroffen, schon deshalb
156 4045 736 4138 u untersagen. Sie glaubt sich
770 4062 1864 4138 teilung seines Wirkens ruhig allen anständigen Menschen über¬
1895 4099 3010 4162 nicht, weil sie infolge der unerhört hohen
143 4105 741 4172 Meinung, abgesehen von einem
763 4124 1010 4188 lassen könne.
