3436 4224
285 159 405 233 11
476 160 791 252 Reigen
984 154 1397 240 box 18/2
1604 1968 1649 2020 8
1602 2016 1647 2067 ch
1592 2067 1637 2112 ∆
1598 2872 1634 2933 *7
1603 2980 1649 3037 r
1613 3126 1643 3157 —
1600 3161 1652 3228 9
1567 3364 1654 3456 4
1607 3852 1654 3910 g
1608 3994 1651 4051 3
1614 4045 1645 4096 t
2581 533 2762 612 Seite 3
1782 522 2225 616 26. November 1921
1760 628 2735 726 Vorträge Djaen bei den Wiener
2065 705 2410 785 Sephardim.
1777 784 2806 831 Der spantolische Schriftsteller Herr Sabetaj J. Djaes,
1682 823 2791 883 hielt im Kreise der Wiener Sephardim mehrere Vorträge,
1690 873 2794 936 so im akademischen Verein „Esperanza“, in der „Unione
1680 923 2803 979 Spagnuola“ und im sephardischen Tempel, der bis auf das.
1676 973 2801 1029 das letzte Plätzchen gefüllt war. Die Vorträge Djaens, welche
1685 1022 2789 1081 das Theama: Vergangenheit, Gegenwart und Zukunft des
1688 1077 2801 1131 Judentums, behandelten, übten eine starke Wirkung. Djaen
1684 1116 2802 1183 ist der Verfasser mehrerer literarischer Werke, welche jüdische
1684 1165 2790 1219 Stoffe in spaniolischer Sprache behandeln, so eines Jephtha¬
1686 1215 2791 1274 Dramas, welches im Belgrader Stadttheater aufgeführt wurde,
1684 1266 2803 1322 und einer „Deborah“. Zehn Prozent des Erträgnisses hat
1676 1309 2563 1391 Djaen dem Keren Hajessod gewidmet.
1777 1437 2701 1529 Die neuen Fernsprechgebühren.
1778 1509 2792 1574 Mit Gültigkeit vom 1. Dezember d. J. erfahren auch
1681 1565 2794 1620 die Ferngespräche eine Erhöhung der Preise um 300 Prozent.
1689 1611 2787 1686 Ein Ortsgespräch wird künftig 20 Kronen (bisher 7 Kronen)
1686 1659 2793 1727 kosten. Die Tarife in der zweiten Sprechzone (Mödling,
1692 1723 2796 1775 Perchtoldsdorf, Klosterneuburg, Krizendorf, Korneuburg, Pur¬
1692 1758 2785 1821 kersdorf, Rodaun, Mauer, Liesing, Laxenburg, Langenzers¬
1684 1807 2794 1869 dorf, Gießhübel, Guntramsdorf, Kalksburg, Hadersdorf,
1681 1854 2790 1914 Weidlingau usw.) betragen ab 1. Dezember 66 Kronen (bisher
1693 1905 2782 1970 22 Kronen) für 3 Minuten Sprechzeit. In der ersten Fern¬
1681 1952 2787 2023 zone (Tulln, St. Pölten, Wiener=Neustadt, Stockerau) wird
1694 2005 2794 2065 die Sprechgebühr von 30 auf 90, in der zweiten Fernzone
1688 2057 2796 2112 (Horn, Gars. Gföhl, Krems, Gloggnitz, Payerbach, Semmering,
1683 2106 2791 2165 Poysdorf, Purgstall, Pögstall, Persenbeug, Lundenburg,
2663 2150 2783 2204 auf
1695 2150 2660 2214 Znaim, Preßburg usw.) die Sprechgebühr von 45
1701 2212 2794 2261 135 Kronen, in der dritten Fernzone (Linz, Klagenfurt, Graz,
1693 2251 2790 2310 Salzburg, Ebensee, Ischl, Gmunden, Prag, Brünn, Budweis,
1695 2298 2788 2362 Zwittau, Tannwald, Raab, Sternberg usw.) von .75 auf
1693 2354 2780 2405 225 Kronen; in der vierten Fernzone (Innsbruck, St. Anton
2714 2395 2797 2452 von
1684 2398 2713 2465 Bludenz, Bregenz, Berlin, München, Dresden usw.)
1698 2453 2806 2502 120 auf 360 Kronen und in der fünften Fernzone (Hamburg,
1696 2494 2789 2556 Frankfurt usw.) von 150 auf 450 Kronen erhöht. Nach
1684 2554 2788 2596 Deutschland gelten die inländischen Tarife. Nach den Orten
1693 2591 2788 2649 der Tschecho=Slowakei gelten die Inlandstarife mit einem
1690 2643 2795 2704 Zuschlag von 90 Kronen für die erste, 100 Kronen für
1693 2686 2799 2748 die zweite, 110 Kronen für die dritte und 120 Kronen
1686 2733 2787 2801 für die vierte Fernzone. Nach den Orten der Schweiz wird
1694 2797 2788 2850 die Sprechgebühr auf 1360 Kronen (bisher 560 Kronen),
1687 2839 2791 2894 nach Iialien auf 2000 Kronen (bisher 357 Kronen), nach
1701 2885 2803 2940 Triest auf 3800 Kronen (bisher 1850 Kronen) per drei
1687 2937 2797 2994 Minnten erhöht. Nach Budapest wird die Sprechgebühr auf
1706 2991 2790 3046 750 Kronen (bisher 370 Kronen) erhöht. Nach Jugoslawien
1699 3039 2802 3089 (Marburg, Pettau und Cilli) wird die Sprechgebühr auf
1694 3079 2804 3124 2000 Kroien (bisher 910 Kronen), nach Laibach, Brod an
1704 3128 2794 3174 der Save, Agram 2400 Kronen (bisher 1092 Kronen) er¬
1695 3170 2790 3230 höht. In der Praxis werden fast für alle Stationen die
1698 3222 2801 3269 dreifachen Gebühren zu entrichten sein, da einfache Gespräche
1693 3271 2799 3317 kaum Aussicht haben, an die Reihe zu kommen und fast
1698 3323 2801 3376 ausnahmslos nur sogenannte dringende Gespräche abgewickelt
1700 3363 2791 3419 werden, zumal der Sprechverkehr auch zur Nachtzeit kein
1690 3419 2791 3489 wesentlich geringerer ist, als während der Tagesstunden. Nach
1705 3463 2693 3531 Polen werden die neuen Tarife erst festgesetzt werden.
2041 3588 2456 3678 Unsittlichkeit.
2038 3671 2804 3721 In der „Prager Presse“ widmet Oskar
1994 3701 2807 3771 Bie (Berlin) dem abgelaufenen „Reigen“=
2003 3757 2797 3826 Prozeß in Berlin eine Betrachtung, der wir
2003 3790 2384 3855 olgendes entnehmen:
1792 3844 2794 3908 Der „Reigen“=Prozeß ist abgeschlossen. Ich glaube,
1695 3952 2796 4003 Revolution der deutschen geistigen Welt gegeben. Viel¬
1702 3997 2793 4052 leicht einen Boykott sämtlicher Theater und Schrift¬
1708 4047 2802 4100 steller, bis diese Schande wieder ausgelöscht worden
1696 4098 2795 4159 wäre. Heute lacht man über die Dummheit, die da
1717 4148 1806 4194 n
