3532 4192
402 93 907 199 11. Reigen
1091 103 1514 202 box 18/2
2095 305 2932 412 Freitaa. 4. November 1921
2055 546 2863 661 Rlole & Seidel
2097 638 2834 745 Bureau für Zeitungsausschnitte
2083 719 2838 812 Berlin IO. 45, Georgenkirchplatz 21!
1808 849 1903 919 1706
2189 844 2772 960 Vossische Zee
2035 928 2236 1011 Zeitung:
1777 955 1912 1042 irte
2299 1001 2600 1094 Berlin
2031 1036 2275 1114 Ort: —
1778 1033 1915 1130 der M
1789 1129 1876 1216 =26
2018 1140 2847 1262 Datum: —
2798 1176 2861 1249 1
1801 1382 2969 1520 Sachorisanbihe in Kanstprozessen.
2341 1493 2454 1559 Von
2202 1537 2571 1624 Wolfgang Heine,
2213 1600 2566 1680 Staatsminister a. D.
1848 1658 2970 1736 Die Stellung der Sachverständigen in den Sittlichkeits¬
1815 1706 2964 1797 prozessen gegen Kunstwerke hat in den letzten Tagen die
1809 1753 2956 1839 Oeffentlichkeit beschäftigt und wird in Künstler= und Juristen¬
1815 1795 2959 1892 kreisen viel besprochen. Mit vollem Recht bäumt sich das
1804 1841 2951 1931 Empfinden aller Künstler und Kunstfreunde dagegen auf,
1818 1880 2963 1972 daß an große Werke, in denen schöpferische Kraft sich aus¬
1808 1921 2953 2011 wirkt, kleinliche Maßstäbe einer Buchstabenauslegung und
1807 1971 2946 2062 kinderstubenhaften Aengstlichkeit angelegt werden. Anderer¬
1808 2013 2960 2106 seits wollen die Richter ihr Recht zur Handhabung und Aus¬
1802 2059 2948 2146 legung der „Gesetze nicht an die Sachverständigen abtreten.
1848 2108 2947 2190 Ich wünschte nun keineswegs, daß die Meinung von Sach¬
1814 2152 2959 2238 verständigen, ob ein Kunstwerk als strafrechtlich unzüchtig
1806 2192 2948 2276 angesehen werden könnte, für das Gericht bindend sein
1806 2242 2954 2315 müßte. Ich möchterdas Gutachten der Sachverständigen schon
1803 2276 2953 2363 deshalb nicht als zwingend anerkennen, weil sonst vermut¬
1796 2320 2954 2408 lich in allen Prozessen als einziger und maßgeblicher Gut¬
1797 2370 2947 2455 achter Herr Professor Brunner oder andere Kinder des¬
1799 2408 2942 2501 selben Geistes aufmarschieren würden. Das Prinzip der Frei¬
1802 2454 2937 2545 heit richterlicher Beweiswürdigung und Entscheidung hat
1804 2500 2941 2583 sich im allgemeinen so bewährt, daß man für besondere Ge¬
1793 2543 2941 2634 biete davon keine Ausnahme machen darf, auch wenn Fehl¬
1795 2590 2940 2677 urteile dabei herausgekommen sind. Trotzdem sind Sachver¬
1795 2627 2936 2709 ständige, die in der Kunst daheim sind, sei es als selbstprodu¬
1785 2680 2934 2764 zierende Künstler, sei es durch die Gewohnheit und Uebung,
1800 2718 2932 2798 Kunstwerke in sich aufzunehmen und das ihnen Wesentliche zu
1797 2763 2933 2854 verstehen, bei der Beurteilung solcher Fragen unentbehrlich,
1788 2808 2937 2886 und will der Richter seine Freiheit nicht zur Willkür werden
1779 2847 2937 2939 lassen und die Rechtspflege auf den Tiefstand gewöhnlichen
1785 2891 2940 2997 Philistertums herabziehen, so darf er das, was von solcher
1777 2935 2685 3021 Seite gesagt wird, nicht in den Wind schlagen
1830 2983 2937 3070 Dies folgt ohne weiteres aus dem strafrechtlichen Begriffe
1778 3017 2934 3114 des „Unzüchtigen“. Eine „unzüchtige Handlung“ im Sinne
1779 3071 2927 3149 des § 183 St.=G.=B. muß das Scham= und Sittlichkeits¬
1782 3115 2924 3200 gefühl im allgemeinen verletzen und in geschlechtlicher
1776 3162 2932 3247 Beziehung die Rücksichten außer acht lassen, die zur Aufrecht¬
1776 3208 2918 3289 erhaltung von Zucht und Sitte geboten sind, und dadurch
1778 3245 2930 3323 öffentlich ein Aergernis geben. „Unzüchtige Schrift oder
1781 3286 2922 3365 Darstellung“ im Sinne des § 184 muß (wie das Reichs¬
1779 3331 2912 3418 gericht nicht gerade glücklich sich ausdrückt) das Scham= und
1783 3377 2916 3460 Sittlichkeitsgefühl des normal empfindenden Menschen in
1765 3425 2923 3506 geschlechtlicher Beziehung verletzen. In beiden Fällen spielt
1773 3470 2920 3551 also ein allgemeines Empfinden, die Rücksicht auf die
1772 3502 2918 3586 Aufnahme der Handlung oder des Werkes durch die
1774 3550 2906 3638 Oeffentlichkeit eine Rolle. Eine unverständige Praxis
1764 3594 2908 3688 möchte nun annehmen, daß, wenn auch nur ein Mensch
1767 3636 2906 3725 Aergernis genommen habe, dies für die Unzüchtigkeit aus¬
1765 3684 2909 3767 reichend sei. In solchem Falle stellt sich der Denunziant ein,
1768 3722 2908 3808 der das „vorschriftsmäßige Aergernis“ zu
1758 3769 2908 3857 nehmen pflegt; mögen dann noch so viele erleuchtete und
1756 3808 2902 3897 freie Geister Erhebung und Genuß an dem Werk empfinden,
1751 3853 2910 3943 die Dummheit und Roheit siegen. Zu einer Verkehrtheit
1753 3898 2895 3982 nötigt aber das Gesetz nicht, auch nicht in seiner immer
1761 3941 2901 4032 subtiler und dabei ungeistiger gewordenen Auslegung. Auch
1757 3985 2892 4063 die Praxis des Reichsgerichts greift nur auf die allge¬
1756 4030 2907 4120 meinen Sitten, auf das normale Empfinden zurück
1749 4082 2908 4151 und schließt deshalb die Rücksicht auf bornierten Unverstand
