3336 4416
1462 54 2561 143 d   n
1458 133 2672 186 anstrengen, um nur ja an keinen Habsburger zu erinnern, und
1459 176 2663 229 jeden Tag kam der Direktion eine Verwarnung zu, dieser oder
1466 226 2673 279 jener Schauspieler hätte, irgendeiner militärischen Kapazität
1465 269 2668 331 ähnlich gesehen. Einige Erzyerzoge besuchten inkognito die Vorstellung.
1463 329 2661 377 amüsierten sich ausgezeichnet und waren gar nicht böse. Eines
1472 366 2671 430 Abends passierte ein Malheur. Eine Hofdame der Erzherzogin
2606 417 2672 479 Die
1462 413 2555 474 Maria Josefa saß im Theater und war empört ...
1473 466 2673 527 Folgen dieser Empörung machten sich schon am nächsten Tag
1468 514 2673 563 bemerkhar. Die Direktoren der Neuen Wiener Bühne wurden aufs
1471 561 2676 610 Polizeipräsivium gebeten. Dort legte man ihnen nahe, auf weiters
1460 609 2674 667 Aufführungen des interessanten Werkes zu verzichten. Falle
1471 655 2684 708 nicht . .. deutete man ihnen zart an, mögen sie bedenken, daß
1473 704 2674 756 sie nur eine „erweiterte Singsyielhallenkonzession“ besäßen und
1476 754 2679 802 laut dieser nach einem Gesetz aus dem Jahre 52 oder flüher nur
1469 793 2680 845 berechtigt seien .. . Die Direktoren verstanden, und der „Feld¬
1470 843 2676 898 herrnhügel“ verschwand. Das war natürlich im alten Oesterreich.
2240 892 2538 955 — sagt man.
1476 897 2177 960 Heute ist dergleichen ja nicht mehr mi
2246 909 2679 1001 Robert Misch' Komödis
1581 944 2136 994 Eine Zensurvergangenheit hat
2400 986 2691 1057 Sie wurde vor
1467 964 2332 1047 „Biederleute, die heutige Volkstheater=Novit##
2434 1031 2690 1092 unter Martin
1467 1036 2389 1096 zirka siebzehn Jahren im Berliner Luspielhans
2375 1079 2673 1142 der Hauptrolle,
1479 1073 2261 1137 Zichel zum erstenmal gespielt. Mit Fischer
2409 1123 2692 1187 Jahren sollte
2322 1125 2411 1190 gar
1470 1130 2282 1183 der auch heute diese Rolle spielt. Vor ###
2280 1143 2323 1185 8
1473 1172 2684 1224 die Komödie schon im Volkstheater drankommen. Mit Tyrolt.
1467 1223 2677 1282 Aber vor der Generalprobe wurde sie ahresetzt und verschwand.
1473 1266 2183 1326 Sie war Herrn Direktor Weisse, dem
2199 1261 2686 1337 Samäligen Volkstheater¬
1467 1316 2676 1373 direktor, zu „stark“, er wollte dergleschen seinem Publikum
1469 1364 2674 1415 nicht zumuten und opferte Probenmühe und Erfolgchance für das
1471 1420 2684 1485 gesellschaftliche Niveau seines Theaters, dus eine Welt wie die
1458 1462 2168 1528 der „Biederleute“ nicht kennen durste.
1587 1498 2692 1565 Spricht man von Zensur und Zeufurpraktiken, darf man
1474 1562 2686 1615 jenes Zensurverbot im Burgtheater nicht vergessen, das damals in
1468 1615 2662 1665 ganz Deutschland Aufsehen machte: das Verbot der „Rose Bernd
1469 1668 2693 1718 von Hauptmann, das gleichfalls auf hösische Intervention zurück¬
1476 1706 2679 1768 zuführen war. Eine Enherzogin war bei der Aufführung, plötzlich
1466 1751 2686 1809 sprang sie entrüstet auf und rauschte aus der Loge, nicht ohne
1476 1802 2690 1868 vother einen Sessel umzuwerfen. Der Direktionsstuhl Schlenthers
1472 1847 1623 1916 wackelie.
1588 1881 2680 1963 Im Opernballett gab es jetzt erregte Tage. Gestern abend
1469 1942 2674 2013 endlich wurde die Reise nach Spanien angetreten mit herzlichen,
1464 1989 2689 2049 rührenden Abschiedsszenen. Bis zur letzten Minute gleichsam war
1473 2055 2687 2115 es noch ungewiß, wer der künstlerische Leiter der Tournee
1477 2091 1694 2156 sein werde
1692 2100 1782 2153 —
1849 2099 2683 2173 der Ballettmeister Nikolaus Guerre oder
1473 2144 2684 2209 Dr. Karl Vollmoeller. Es war ein prinzipieller Kampf,
1472 2189 2683 2247 bedeutungsvoll für die Zukunst des Balletts unserer
1473 2232 2690 2291 Staatsoper. Der alten Richtung (Guerre) stand die
1472 2278 2688 2350 neue (Vollmoeller) gegenüber. Und Vollmoeller war der Stärkere,
1467 2336 2690 2394 trotzdem Guerra im Ballettkorps viel Freunde und Freundinnen
1472 2384 2689 2442 hatte. Nun hat Dr. Vollmoeller die künstlerische Führung, und
1474 2437 2683 2490 das spanische Gastspiel wird nicht ohne Folge auf die weitere
1478 2479 2688 2533 Entwicklung unseres Balletts bleiben. Dr. Vollmoeller und der
1473 2525 2681 2590 Maler Ludwig Kainer sind auch für spätere Zeit als künstlerische
1477 2571 2689 2629 Führer gedacht und Richard Strauß wendet dem Ballett seine be¬
1474 2625 2692 2674 sondere Aufmerksamkeit zu. Die „Josef=Legende“ die eben in
1479 2668 2686 2720 Berlin ein Riesenerfolg gewesen, wird auch in Wien heraus¬
1473 2713 2684 2785 kommen, vollständig modern inszeniert und mit den besten
1474 2764 2098 2833 Künstlern unseres Balletts besetzt.
1576 2811 2689 2885 Eine neue Dichterin wird demnächst das Volkstheater
1472 2872 2690 2929 präsentieren: Lina Loos.: Die Dame ist den Kunstkreisen Wiens
1471 2926 2683 2979 wohl bekannt, sie gehörte zum Kreis derer um Peter Altenberg
1472 2968 2680 3027 und ist die Schwester des Burgtheaterschauspielers Karl Forest.
1472 3011 2678 3068 Lina Loos hat ihre Dichtung „Mutter“ an einem Tage nieder¬
1464 3064 2674 3115 geschrieben. Es ist nicht ihr erstes Werk. Vor ein paar Monaten
1471 3111 2681 3178 hat sie eine fünfszenige Komödie beendet, die ihr eigenes Leben
1473 3159 2681 3218 behandelte, mit einer Rolle für sie selbst Lina Loos, die jetzt in
1473 3197 2676 3257 einem Kabarett Lieder vorträgt, ist nämlich Schülerin des Wiener
1470 3244 2674 3301 Konservatoriums und war auch einmal durch einige Tage=Mitglied
1475 3302 2677 3356 des Deutschen Volkstheaters. Bis zur Generalprobe von Paul Bussons
1467 3345 2540 3405 „Ruhmlose Helden“ vor ungefähr fünfzehn Jahren ..
2590 3349 2674 3410 Aber
1469 3388 2675 3453 ihr Auftreten im Volkstheater hat sie bis zu dem Tage verschoben,
1470 3440 2667 3495 an dem sie als Verfasserin des Dramas „Mutter“ vor dem Vor¬
1473 3485 2591 3543 hang erscheinen wird, sich dem ergriffenen Publikum zu zeigen
1573 3535 2672 3587 Der Generalprobe des „Reigen“ wohnte auch eine zur
1462 3584 2674 3650 Literatur Wiens gehörige, nicht mehr ganz junge Dame bei, die
1470 3630 2672 3681 aber die Fähigkeit hat, sich für alles Neue. Junge, Außergewöhn¬
1466 3678 2664 3740 liche besonders zu begeistern. Für die Waghalsigkeiten im „Reigen“
1470 3719 2684 3792 hatte sie jedoch nicht viel Enthusiasmus, ja, sie begriff nicht, 16
1464 3774 2663 3835 den Leuten an den „Reigen"=Szenen so besonders „gewagt
1469 3819 1665 3887 vorkomme.
1570 3871 2693 3961 Worauf jemand entschuldigend meinte: „Sie kann sich eben
1454 3922 1935 4005 nicht mehr erinnern.
