3444 4448
1008 67 1423 167 box 17/7
307 63 822 175 11. Reigen
476 998 1147 1107 Klose & Seidel
529 1099 1103 1175 Bureau für Zeitungnausschniste
473 1160 1145 1236 Bertin NO. 43, Georgenkirchplats 2
389 1324 1177 1462 Zelipattes Wioner Joternal
395 1399 494 1471 Ort:
391 1466 575 1538 Datum:
711 1475 1100 1578 AHOR 1924
1143 1491 1290 1647 2
476 1631 1592 1707 Wird der „Reigen“ nun wieder aufgeführt oder nicht?
357 1673 1581 1754 Eine Meldung aus dem Deutschen Volkstheater kündigt die neuer¬
364 1735 1587 1816 lich Premiere für Dienstag an. Aber schon wettert es in der
361 1785 1583 1863 konservativen Presse und es scheint, als sollte es auch diesmal
370 1835 1590 1892 nicht glatt abgehen. Artur Schnitzler, dessen menschlicher und
365 1881 1573 1945 künstlerischer Noblesse alles Spekulative serne ist, hat schon
366 1931 1574 2003 unlängst in einem Schreiben an Direktor Bernau erklärt, daß er
365 1976 1572 2062 die Wiederaufführung des „Reigen“ nicht gestatte, solange nicht
362 2026 1568 2086 gewährleistet ist, daß die Vorstellungen ohne Skandal vorüber¬
364 2077 1573 2146 gehen. Direktor Bernau hat diese Zusicherung gegeben. Es ist
365 2128 1570 2197 nun an der Polizei, zu erklären, ob sie die Verpflichtung über¬
355 2175 1578 2236 nimmt, daß die Vorstellungen des „Reigen“ ungestört verlaufen
351 2219 1574 2283 und ob sie die Sicherung übernehmen kann. Denn Radaumacher
353 2256 1562 2334 aus „Ueberzeugung“ oder aus Hetz haben es immer leicht, im
362 2307 1570 2382 Theater Skandal zu provozieren, wie ja das erste Faktum des
355 2352 1563 2433 „Reigen“ bewiesen hat. Die Gemüter haben sich seither sicherlich längst
356 2412 1569 2472 abgekühlt, aber ein Teil der Presse beginnt bereits wieder mit
345 2447 1560 2525 der Hetze, die Einsichtige bereits erledigt glaubten. Man wird es
346 2505 1573 2567 nun wie in Berlin machen müssen und den „Reigen“ unter starker
344 2547 1571 2612 Polizeibewachung spielen.. Dann mag sich die Entrüstung in
341 2586 877 2657 den Parteiblättern austoben.
2009 156 2797 257 Klole & Beldel
2028 253 2785 346 Bureau für Zeitungsausschnitte
2035 334 2785 417 Berlin HO. 45, Georgenkirchplatz 21
2151 418 2764 524 Mede Wiener Tagehlaf
1987 534 2558 624 Zeitung: # eeste eeeeese
1993 618 2882 724 Ort. nenntnegenenen
1986 711 2806 819 Datum:
2089 886 2944 981 Der Reigen des Reigens.
1975 933 3117 1034 Er kommt wieder: Artur Schnitzlers „Reigen“!
1921 998 3103 1073 Nächsten Dienstag. Sehr lustig. Nicht? Der „Reigen“ führt selbst
1924 1070 3103 1125 eigen Reigen auf! Er taucht auf. Die Leute stürmen das Keller¬
1924 1116 3104 1174 theaterchen. Dann schwirren Bomben, natürlich Stinkbomben,
1924 1160 3098 1218 und Ohrfeigen durch das Tempelchen der Kunst. Alles rennet,
1925 1205 3099 1266 rettet, flüchtet. Tags darauf geraten sich friedliche künstlerische
1929 1252 3108 1322 und sittliche Weltanschauungen in die Haare. Ein Bannstrahl
1921 1299 3097 1361 trifft den „Reigen“. Dann Kampf behördlicher Instanzen. Die
1927 1341 3097 1407 gerechte Sache siegt. Direktor Bernau schmunzelt vergnügt. Der
1928 1395 3110 1463 „Reigen“ ist gerettet! Er wird weiter gekurbelt. Geschäft ist
1924 1430 2094 1499 Geschäft!
2020 1485 3106 1549 Der Dichter aber schmunzelt nicht. Er runzelt die Stirn!
1929 1524 3102 1591 Er ist besorgt! Besorgt um das Heil der Besucher des „Reigens“.
1930 1577 3096 1641 Er verlangt — symbolisch natürlich —, daß an der Stirnseite
1916 1625 3095 1679 des Tempelchens das beruhigende Sprüchlein des Steinklopfer¬
1930 1671 3106 1734 hans leuchte: „Es kann dir nix g'scheh'n!" Direktor Bernau
1922 1717 3098 1769 versichert hoch und teuer, daß die andächtige Stimmung des
1916 1765 3088 1825 Publikums durch keinen Mißklang getrübt werden wird. Der
1929 1811 3089 1875 Dichter atmet auf. Nun darf er beruhigt Ja und Amen zur
1928 1855 3086 1914 Wiederaufführung seiner Dichtung sagen. Der Reigen des
1925 1905 3087 1960 „Reigens“ fängt also von neuem en! Um das physische Heil der
1916 1949 3088 2027 Besucher des „Reigens“ ist sonach gesorgt. Aber ihr Seelenheil?
1914 1985 2270 2061 Wie stehts damit?
1993 2020 3102 2113 Diese ernste Frage richtete ich an einen der staatlich bestellten
1913 2083 3092 2148 literarischen Zensoren, die über das Werk ihre Wohlmeinung ab¬
1928 2136 3037 2192 gaben. Der liebenswürdige Zensor — ein alter Wiener
1917 2178 2053 2249 kicherte
2012 2223 3103 2293 „Man hat uns Zensoren,“ sagte er, „den Reigen in einer
1910 2264 2717 2346 besonderen Vorstellung vorgeführt. Ich
2715 2271 3107 2342 erwartete schreckliche
1946 2373 3131 2442 Dinge. Ich war enttäuscht. Immer dieselbe Geschichte! Die
1949 2431 3134 2484 Sache wurde fad. Nach dem vierten Bilde nickte ich, nach dem
1949 2480 3123 2531 fünften war ich nahe daran, einzuschlafen. Was kann da ge¬
1949 2529 3134 2597 fährlich sein? Lächerlich. Und so gab ich mein Placet. Hatte ich
1946 2569 2163 2632 nicht recht?
2030 2608 3124 2680 Ich antwortete nicht darauf, sondern schaute den liebens¬
1942 2671 3137 2733 würdigen Zensor prüfend an und dachte dabei verschwiegen im
1940 2717 3134 2776 Gemüt: „O du grundgütiger alter Wiener, du bist in Ehren
1939 2758 3116 2816 75 Jahre alt geworden. In diesem Alter hat gemeiniglich der
1940 2810 3119 2865 Genius der Gattung keine Macht mehr über uns. In diesem
1938 2858 3121 2920 Alter schläft man selbst bei einer Bathseba ein — so hieß, glaube
1939 2902 3130 2958 ich, die feurige, lebfrische, rundliche, jugendliche Maid, die dem
1934 2950 3126 3001 greisen König David das Goderl kratzte — schläft ein sanft und
1947 2999 3116 3062 friedlich wie ein Kind. Allein die flüggen und die halbfluggen
1932 3046 3117 3103 süßen Mädel und die höheren Töchter, die insgeheim mit einer
1935 3091 3121 3153 diskreten älteren Freundin das Theaterchen aufsuchen und die
1937 3134 3112 3209 schamhaft lüsternen Weiberln und die siebzehn= und achtzehn¬
1933 3187 3126 3250 jährigen Gymnasiasten, in denen der Frühling erwacht, werden
1930 3234 3118 3303 die beim Reigen auch einschlafen? Wird ihnen die Sache auch
1940 3276 2480 3337 fad werden? Ich glaube nicht.
2024 3309 3109 3382 Aber vielleicht hat der gute, alte Wiener doch recht. Viel¬
1928 3367 3117 3435 leicht — wer weiß? — werden all diese jungen Leute das
1938 3422 3118 3476 Theaterchen in jener Stimmung verlassen, die das französische
1929 3464 3115 3519 Sprüchlein kennzeichnet: On revient de l’amour comme d’un
1928 3517 3117 3572 feu d’artifice, triste et silencieux. Man kehrt von der Liebe
1939 3561 3107 3609 heim wie von einem Feuerwerk, traurig und schweigsam! Viel¬
1923 3601 3100 3663 licht dämmert ihnen in dieser Stimmung der tiefe sittliche Ernst
1923 3657 3112 3712 der Dichtung auf! Und die Nacht im Kellertheaterchen ist ihr
1933 3695 3107 3750 Tag von Damaskus! Und sie schauen sich beim Abschied stumm
1924 3749 3094 3793 und zagend in die Augen, drücken sich leise die Hände und
1925 3789 3118 3864 Hans haucht einen keuschen Kuß auf Gretes Lippen und huscht
1931 3834 2988 3897 seufzend davon! . .. Den Tugendpreis dem Dichter! ...
2625 3879 3078 3961 Marco Brociner,
