<?xml version="1.0" encoding="UTF-8" standalone="yes"?>
<PcGts xmlns="http://schema.primaresearch.org/PAGE/gts/pagecontent/2013-07-15" xmlns:xsi="http://www.w3.org/2001/XMLSchema-instance" xsi:schemaLocation="http://schema.primaresearch.org/PAGE/gts/pagecontent/2013-07-15 http://schema.primaresearch.org/PAGE/gts/pagecontent/2013-07-15/pagecontent.xsd">
    <Metadata>
        <Creator>prov=University of Rostock/Institute of Mathematics/CITlab/Gundram Leifert/gundram.leifert@uni-rostock.de:name=ONB_Newseye_GT_M1+(htr_id=10810)::::v=2.4.3
prov=University of Rostock/Institute of Mathematics/CITlab/Tobias Gruening/tobias.gruening@uni-rostock.de:name=de.uros.citlab.module.baseline2polygon.B2PSeamMultiOriented:v=2.4.3
prov=University of Rostock/Institute of Mathematics/CITlab/Tobias Gruening/tobias.gruening@uni-rostock.de:name=/net_tf/LA73_249_0mod360.pb:de.uros.citlab.segmentation.CITlab_LA_ML:v=2.4.3
Transkribus</Creator>
        <Created>2019-10-07T11:39:07.003+02:00</Created>
        <LastChange>2019-12-04T17:48:49.920+01:00</LastChange>
        <TranskribusMetadata docId="223982" pageId="9503498" pageNr="463" tsid="20405798" status="IN_PROGRESS" userId="40391" imgUrl="https://files.transkribus.eu/Get?id=MTLIMWXXBPOQCUYOQMCJRKNS&amp;fileType=view" xmlUrl="https://files.transkribus.eu/Get?id=DOHFHLDEDNITXIVBGPNGZBJN" imageId="6193712"/>
    </Metadata>
    <Page imageFilename="223982_0463.jpeg" imageWidth="3336" imageHeight="4416">
        <ReadingOrder>
            <OrderedGroup id="ro_1711448461838" caption="Regions reading order">
                <RegionRefIndexed index="0" regionRef="r1"/>
                <RegionRefIndexed index="1" regionRef="r2"/>
                <RegionRefIndexed index="2" regionRef="r3"/>
            </OrderedGroup>
        </ReadingOrder>
        <TextRegion orientation="0.0" id="r1" custom="readingOrder {index:0;}">
            <Coords points="284,230 284,399 776,399 776,230"/>
            <TextLine id="r1l1" custom="readingOrder {index:0;}">
                <Coords points="277,347 397,340 524,364 700,354 727,369 782,359 784,285 638,293 611,276 545,291 492,271 413,313 350,276 323,293 278,286"/>
                <Baseline points="284,330 309,334 335,337 361,340 387,342 413,345 439,345 465,347 491,348 517,348 542,348 568,349 594,348 620,348 646,348 672,347 698,347 724,347 750,346 776,346"/>
                <TextEquiv>
                    <Unicode>11. Reigen</Unicode>
                </TextEquiv>
            </TextLine>
            <TextEquiv>
                <Unicode>11. Reigen</Unicode>
            </TextEquiv>
        </TextRegion>
        <TextRegion orientation="0.0" id="r2" custom="readingOrder {index:1;}">
            <Coords points="973,226 973,382 1381,382 1381,226"/>
            <TextLine id="r2l1" custom="readingOrder {index:0;}">
                <Coords points="966,329 1112,349 1223,332 1257,347 1320,330 1361,350 1387,337 1387,279 1347,265 1294,277 1218,258 1154,300 1108,279 1094,288 993,267 966,278"/>
                <Baseline points="973,326 998,328 1024,329 1049,331 1075,331 1100,332 1126,332 1151,332 1177,332 1202,332 1228,332 1253,331 1279,331 1304,330 1330,328 1355,327 1381,326"/>
                <TextEquiv>
                    <Unicode>box 17/6</Unicode>
                </TextEquiv>
            </TextLine>
            <TextEquiv>
                <Unicode>box 17/6</Unicode>
            </TextEquiv>
        </TextRegion>
        <TextRegion orientation="0.0" id="r3" custom="readingOrder {index:2;}">
            <Coords points="1279,883 1279,3670 2400,3670 2400,883"/>
            <TextLine id="r3l1" custom="readingOrder {index:0;}">
                <Coords points="1345,938 1566,915 1731,957 1802,929 1890,968 2122,959 2267,1001 2284,916 2027,883 1788,901 1672,856 1568,887 1350,867"/>
                <Baseline points="1353,913 1399,914 1445,915 1491,917 1537,918 1583,921 1629,923 1675,926 1721,929 1767,933 1813,936 1859,939 1905,943 1951,946 1997,950 2043,953 2089,957 2135,961 2181,964 2227,967 2274,971"/>
                <TextEquiv>
                    <Unicode>Witung, Wien, Abendblgt</Unicode>
                </TextEquiv>
            </TextLine>
            <TextLine id="r3l2" custom="readingOrder {index:1;}">
                <Coords points="1591,1136 1615,1128 1625,1135 1643,1133 1662,1120 1682,1124 1696,1116 1704,1123 1731,1124 1730,1040 1719,1039 1692,1054 1670,1050 1643,1034 1618,1051 1590,1044"/>
                <Baseline points="1598,1120 1623,1117 1648,1117 1673,1119 1698,1119 1724,1114"/>
                <TextEquiv>
                    <Unicode>12 F</Unicode>
                </TextEquiv>
            </TextLine>
            <TextLine id="r3l3" custom="readingOrder {index:2;}">
                <Coords points="1831,1185 1894,1198 1947,1188 1964,1200 1991,1183 2073,1196 2115,1184 2208,1216 2209,1147 2043,1147 1997,1127 1963,1145 1916,1122 1832,1140"/>
                <Baseline points="1838,1185 1864,1185 1890,1184 1916,1184 1942,1183 1968,1183 1994,1183 2020,1182 2046,1182 2072,1183 2098,1183 2124,1185 2150,1186 2176,1188 2202,1191"/>
                <TextEquiv>
                    <Unicode>Wien, Samstag</Unicode>
                </TextEquiv>
            </TextLine>
            <TextLine id="r3l4" custom="readingOrder {index:3;}">
                <Coords points="1328,1206 1415,1197 1469,1208 1504,1189 1546,1204 1547,1123 1508,1138 1487,1125 1475,1133 1457,1125 1429,1140 1418,1128 1403,1134 1375,1122 1365,1131 1329,1132"/>
                <Baseline points="1335,1188 1360,1188 1386,1188 1411,1188 1437,1187 1462,1187 1488,1188 1513,1189 1539,1192"/>
                <TextEquiv>
                    <Unicode>Seite 3</Unicode>
                </TextEquiv>
            </TextLine>
            <TextLine id="r3l5" custom="readingOrder {index:4;}">
                <Coords points="1292,1344 2394,1333 2393,1236 1941,1273 1814,1242 1292,1251"/>
                <Baseline points="1299,1322 1353,1323 1407,1323 1462,1323 1516,1323 1571,1323 1625,1323 1679,1322 1734,1322 1788,1321 1843,1321 1897,1321 1951,1320 2006,1320 2060,1320 2115,1319 2169,1319 2223,1319 2278,1319 2332,1319 2387,1320"/>
                <TextEquiv>
                    <Unicode>Das übergeschnappte Schieberblatt.</Unicode>
                </TextEquiv>
            </TextLine>
            <TextLine id="r3l6" custom="readingOrder {index:5;}">
                <Coords points="1416,1400 2394,1390 2375,1337 1416,1336"/>
                <Baseline points="1423,1386 1471,1386 1519,1387 1567,1387 1615,1387 1664,1386 1712,1386 1760,1386 1808,1385 1856,1385 1905,1384 1953,1384 2001,1383 2049,1383 2097,1382 2146,1382 2194,1382 2242,1381 2290,1381 2338,1381 2387,1382"/>
                <TextEquiv>
                    <Unicode>In her „Neuen Freien Presse“ veröffentlicht</Unicode>
                </TextEquiv>
            </TextLine>
            <TextLine id="r3l7" custom="readingOrder {index:6;}">
                <Coords points="1287,1440 2388,1437 2387,1393 2298,1386 1287,1386"/>
                <Baseline points="1294,1438 1348,1438 1402,1437 1457,1437 1511,1436 1565,1436 1620,1436 1674,1435 1728,1435 1783,1435 1837,1435 1891,1435 1946,1434 2000,1434 2054,1434 2109,1434 2163,1434 2217,1434 2272,1434 2326,1434 2381,1433"/>
                <TextEquiv>
                    <Unicode>Dr. Ofner einen Artikel über die Rechtslage beim Verbot</Unicode>
                </TextEquiv>
            </TextLine>
            <TextLine id="r3l8" custom="readingOrder {index:7;}">
                <Coords points="1297,1505 2393,1501 2392,1455 2331,1447 1296,1448"/>
                <Baseline points="1304,1494 1358,1493 1412,1492 1466,1491 1520,1490 1574,1490 1628,1490 1682,1489 1736,1489 1790,1489 1844,1489 1898,1489 1952,1489 2006,1488 2060,1488 2114,1488 2168,1488 2222,1488 2276,1487 2330,1487 2385,1486"/>
                <TextEquiv>
                    <Unicode>des „Reigen“. Selbstverständlich Kkommt der angesehen</Unicode>
                </TextEquiv>
            </TextLine>
            <TextLine id="r3l9" custom="readingOrder {index:8;}">
                <Coords points="1284,1558 2346,1558 2394,1551 2394,1499 1284,1504"/>
                <Baseline points="1291,1544 1345,1544 1400,1544 1455,1544 1510,1544 1565,1543 1620,1543 1674,1543 1729,1543 1784,1543 1839,1542 1894,1542 1949,1542 2004,1541 2058,1541 2113,1541 2168,1540 2223,1540 2278,1539 2333,1539 2388,1538"/>
                <TextEquiv>
                    <Unicode>Jurist zu dem Ergebnis, daß das Eingreisen des Ministers</Unicode>
                </TextEquiv>
            </TextLine>
            <TextLine id="r3l10" custom="readingOrder {index:9;}">
                <Coords points="1290,1611 2293,1606 2379,1598 2379,1553 1290,1555"/>
                <Baseline points="1297,1596 1350,1596 1404,1596 1458,1596 1512,1596 1565,1596 1619,1596 1673,1595 1727,1595 1780,1595 1834,1595 1888,1594 1942,1594 1995,1594 2049,1594 2103,1593 2157,1593 2210,1593 2264,1592 2318,1592 2372,1592"/>
                <TextEquiv>
                    <Unicode>dem Gesetz widerspricht und ein Wlt der Kabinetts</Unicode>
                </TextEquiv>
            </TextLine>
            <TextLine id="r3l11" custom="readingOrder {index:10;}">
                <Coords points="1284,1668 2344,1663 2386,1659 2386,1604 1284,1612"/>
                <Baseline points="1291,1648 1345,1648 1399,1648 1454,1647 1508,1647 1563,1647 1617,1646 1671,1646 1726,1646 1780,1646 1835,1645 1889,1645 1943,1645 1998,1645 2052,1645 2107,1645 2161,1644 2215,1644 2270,1644 2324,1644 2379,1644"/>
                <TextEquiv>
                    <Unicode>justiz ist, der sogar der Verfassung der Monarcht</Unicode>
                </TextEquiv>
            </TextLine>
            <TextLine id="r3l12" custom="readingOrder {index:11;}">
                <Coords points="1297,1715 2386,1722 2386,1659 1296,1663"/>
                <Baseline points="1303,1699 1356,1699 1410,1700 1464,1700 1518,1700 1571,1700 1625,1700 1679,1700 1733,1700 1786,1700 1840,1700 1894,1699 1948,1699 2001,1699 2055,1699 2109,1698 2163,1698 2216,1698 2270,1698 2324,1698 2378,1698"/>
                <TextEquiv>
                    <Unicode>widersprochen hat — wie erst der neuen Verfassung. Aus</Unicode>
                </TextEquiv>
            </TextLine>
            <TextLine id="r3l13" custom="readingOrder {index:12;}">
                <Coords points="1294,1769 2377,1759 2377,1714 2295,1706 1294,1713"/>
                <Baseline points="1301,1754 1354,1754 1407,1754 1461,1754 1514,1754 1568,1754 1621,1754 1675,1754 1728,1754 1782,1754 1835,1754 1888,1754 1942,1754 1995,1753 2049,1753 2102,1753 2156,1753 2209,1753 2263,1753 2316,1753 2370,1753"/>
                <TextEquiv>
                    <Unicode>drücklich sagt Dr. Ofner: „Bei der Beurteilung des Altes</Unicode>
                </TextEquiv>
            </TextLine>
            <TextLine id="r3l14" custom="readingOrder {index:13;}">
                <Coords points="1284,1815 2375,1811 2375,1768 2150,1755 1284,1768"/>
                <Baseline points="1291,1806 1344,1806 1398,1806 1452,1806 1506,1806 1560,1806 1614,1806 1667,1807 1721,1807 1775,1807 1829,1807 1883,1807 1937,1807 1991,1807 2044,1807 2098,1807 2152,1806 2206,1806 2260,1806 2314,1806 2368,1805"/>
                <TextEquiv>
                    <Unicode>den der Minister gesetzt hat, tritt die Frage des „Reigen“</Unicode>
                </TextEquiv>
            </TextLine>
            <TextLine id="r3l15" custom="readingOrder {index:14;}">
                <Coords points="1299,1883 2164,1853 2338,1883 2387,1864 2387,1813 1299,1824"/>
                <Baseline points="1306,1860 1359,1860 1413,1860 1467,1860 1520,1860 1574,1860 1628,1860 1681,1860 1735,1860 1789,1859 1843,1859 1896,1859 1950,1858 2004,1858 2057,1858 2111,1858 2165,1858 2218,1858 2272,1858 2326,1858 2380,1858"/>
                <TextEquiv>
                    <Unicode>öllig zurück. Es handelt sich darum, ol</Unicode>
                </TextEquiv>
            </TextLine>
            <TextLine id="r3l16" custom="readingOrder {index:15;}">
                <Coords points="1295,1924 2267,1933 2380,1925 2380,1873 1295,1885"/>
                <Baseline points="1303,1913 1356,1913 1410,1913 1463,1914 1517,1914 1570,1914 1624,1914 1677,1914 1731,1914 1784,1913 1838,1913 1891,1913 1945,1913 1998,1913 2052,1912 2105,1912 2159,1912 2212,1912 2266,1912 2319,1912 2373,1912"/>
                <TextEquiv>
                    <Unicode>vir verfassungsmäßig leben wollen</Unicode>
                </TextEquiv>
            </TextLine>
            <TextLine id="r3l17" custom="readingOrder {index:16;}">
                <Coords points="1300,1968 2347,1980 2390,1974 2390,1917 1300,1932"/>
                <Baseline points="1307,1962 1360,1963 1414,1964 1468,1964 1522,1964 1576,1964 1629,1964 1683,1964 1737,1964 1791,1964 1845,1964 1898,1964 1952,1963 2006,1963 2060,1963 2114,1963 2167,1963 2221,1962 2275,1962 2329,1963 2383,1963"/>
                <TextEquiv>
                    <Unicode>b wir darauf rechnen dürfen, daß sich die Behörden</Unicode>
                </TextEquiv>
            </TextLine>
            <TextLine id="r3l18" custom="readingOrder {index:17;}">
                <Coords points="1296,2082 1981,2071 2015,2099 2242,2061 2399,2104 2399,2034 2353,2029 1296,2032"/>
                <Baseline points="1303,2069 1357,2069 1411,2069 1466,2070 1520,2070 1575,2070 1629,2070 1684,2070 1738,2070 1793,2070 1847,2070 1901,2070 1956,2070 2010,2070 2065,2069 2119,2069 2174,2069 2228,2069 2283,2069 2337,2069 2392,2069"/>
                <TextEquiv>
                    <Unicode>insbesondere die obersten Behörden nicht</Unicode>
                </TextEquiv>
            </TextLine>
            <TextLine id="r3l19" custom="readingOrder {index:18;}">
                <Coords points="1293,2135 1562,2119 1858,2134 1885,2126 1885,2081 1293,2082"/>
                <Baseline points="1300,2119 1328,2120 1357,2120 1386,2121 1415,2121 1444,2122 1473,2122 1502,2122 1531,2122 1560,2122 1589,2122 1617,2122 1646,2122 1675,2122 1704,2122 1733,2122 1762,2122 1791,2122 1820,2122 1849,2122 1878,2123"/>
                <TextEquiv>
                    <Unicode>Autokratie spielen.“</Unicode>
                </TextEquiv>
            </TextLine>
            <TextLine id="r3l20" custom="readingOrder {index:19;}">
                <Coords points="1405,2185 2314,2198 2400,2189 2400,2117 1405,2136"/>
                <Baseline points="1412,2173 1461,2173 1510,2173 1559,2174 1608,2174 1657,2173 1706,2173 1755,2173 1804,2173 1853,2173 1903,2173 1952,2172 2001,2172 2050,2172 2099,2172 2148,2173 2197,2173 2246,2173 2295,2174 2344,2175 2394,2176"/>
                <TextEquiv>
                    <Unicode>So auf der sechsten Seite der hervorragende Jurist,</Unicode>
                </TextEquiv>
            </TextLine>
            <TextLine id="r3l21" custom="readingOrder {index:20;}">
                <Coords points="1292,2239 2295,2254 2390,2234 2390,2189 1291,2179"/>
                <Baseline points="1298,2225 1352,2226 1406,2227 1460,2228 1515,2229 1569,2229 1623,2230 1677,2230 1732,2230 1786,2230 1840,2229 1894,2229 1949,2229 2003,2228 2057,2228 2111,2228 2166,2227 2220,2227 2274,2227 2328,2227 2383,2227"/>
                <TextEquiv>
                    <Unicode>der feststellt, daß es sich bei dem Kampfe der Sozial¬</Unicode>
                </TextEquiv>
            </TextLine>
            <TextLine id="r3l22" custom="readingOrder {index:21;}">
                <Coords points="1294,2290 1863,2273 2392,2308 2393,2232 1294,2240"/>
                <Baseline points="1301,2279 1355,2279 1409,2279 1463,2279 1518,2279 1572,2279 1626,2279 1680,2280 1735,2280 1789,2280 1843,2280 1897,2280 1952,2281 2006,2281 2060,2281 2114,2281 2169,2281 2223,2281 2277,2281 2331,2280 2386,2280"/>
                <TextEquiv>
                    <Unicode>demokraten also um einen Kampf gegen autokratische</Unicode>
                </TextEquiv>
            </TextLine>
            <TextLine id="r3l23" custom="readingOrder {index:22;}">
                <Coords points="1285,2342 2306,2355 2319,2304 1285,2290"/>
                <Baseline points="1292,2331 1343,2331 1394,2331 1445,2331 1496,2331 1547,2331 1598,2331 1649,2332 1700,2332 1751,2332 1802,2332 1853,2333 1904,2333 1955,2333 2006,2333 2057,2334 2108,2334 2159,2334 2210,2333 2261,2333 2312,2333"/>
                <TextEquiv>
                    <Unicode>Willkür handelt, um einen Kampf um die Verfassung.</Unicode>
                </TextEquiv>
            </TextLine>
            <TextLine id="r3l24" custom="readingOrder {index:23;}">
                <Coords points="1406,2395 2250,2409 2398,2392 2398,2345 1406,2346"/>
                <Baseline points="1412,2386 1463,2385 1515,2385 1566,2385 1618,2385 1669,2385 1721,2386 1772,2386 1824,2386 1875,2386 1927,2386 1978,2387 2030,2387 2081,2386 2133,2386 2184,2386 2236,2385 2287,2385 2339,2384 2391,2382"/>
                <TextEquiv>
                    <Unicode>Was soll man nun dazu sagen, daß das Schieber¬</Unicode>
                </TextEquiv>
            </TextLine>
            <TextLine id="r3l25" custom="readingOrder {index:24;}">
                <Coords points="1293,2447 2399,2451 2381,2388 1294,2395"/>
                <Baseline points="1300,2438 1354,2437 1409,2437 1463,2437 1518,2437 1573,2437 1627,2437 1682,2438 1736,2438 1791,2438 1846,2438 1900,2439 1955,2439 2009,2439 2064,2439 2119,2439 2173,2439 2228,2438 2282,2438 2337,2438 2392,2437"/>
                <TextEquiv>
                    <Unicode>blatt einen flammenden Leitartikel bringt, worin es die</Unicode>
                </TextEquiv>
            </TextLine>
            <TextLine id="r3l26" custom="readingOrder {index:25;}">
                <Coords points="1292,2506 2401,2495 2401,2451 2268,2440 1292,2448"/>
                <Baseline points="1299,2491 1353,2491 1408,2490 1463,2490 1518,2490 1572,2490 1627,2490 1682,2490 1737,2490 1791,2490 1846,2490 1901,2490 1956,2490 2010,2491 2065,2491 2120,2491 2175,2491 2229,2492 2284,2492 2339,2493 2394,2493"/>
                <TextEquiv>
                    <Unicode>Sozialdemokraten beschimpft und ihnen vorwirft, daß sie</Unicode>
                </TextEquiv>
            </TextLine>
            <TextLine id="r3l27" custom="readingOrder {index:26;}">
                <Coords points="1296,2560 2219,2542 2336,2570 2392,2552 2392,2493 1296,2507"/>
                <Baseline points="1303,2545 1357,2545 1411,2545 1465,2545 1519,2544 1573,2544 1627,2544 1682,2545 1736,2545 1790,2545 1844,2545 1898,2545 1952,2545 2006,2545 2061,2545 2115,2545 2169,2544 2223,2544 2277,2543 2331,2543 2386,2542"/>
                <TextEquiv>
                    <Unicode>„die Verfassungsfrage vorgeschützt“ hätten. „Ein himmel¬</Unicode>
                </TextEquiv>
            </TextLine>
            <TextLine id="r3l28" custom="readingOrder {index:27;}">
                <Coords points="1291,2621 1497,2592 2398,2613 2362,2556 2216,2543 1291,2560"/>
                <Baseline points="1297,2597 1351,2597 1406,2596 1461,2596 1515,2596 1570,2596 1625,2596 1679,2596 1734,2596 1789,2596 1844,2596 1898,2596 1953,2596 2008,2596 2062,2596 2117,2597 2172,2597 2226,2597 2281,2598 2336,2598 2391,2599"/>
                <TextEquiv>
                    <Unicode>schreiendes Unrecht, ein Volksverrat an Oesterreich“ sei es,</Unicode>
                </TextEquiv>
            </TextLine>
            <TextLine id="r3l29" custom="readingOrder {index:28;}">
                <Coords points="1297,2657 2399,2661 2399,2613 2300,2605 1297,2615"/>
                <Baseline points="1304,2647 1358,2648 1412,2649 1467,2649 1521,2650 1576,2650 1630,2650 1684,2650 1739,2650 1793,2650 1848,2650 1902,2650 1956,2650 2011,2650 2065,2649 2120,2649 2174,2649 2228,2650 2283,2650 2337,2650 2392,2651"/>
                <TextEquiv>
                    <Unicode>über etwas anderes zu verhandeln als über das Heil des</Unicode>
                </TextEquiv>
            </TextLine>
            <TextLine id="r3l30" custom="readingOrder {index:29;}">
                <Coords points="1292,2714 2399,2701 2297,2661 1292,2654"/>
                <Baseline points="1299,2701 1353,2701 1408,2701 1462,2702 1517,2702 1572,2702 1626,2703 1681,2703 1736,2703 1790,2703 1845,2703 1900,2703 1954,2703 2009,2703 2064,2703 2118,2702 2173,2702 2228,2702 2282,2701 2337,2701 2392,2700"/>
                <TextEquiv>
                    <Unicode>Landes! (Warum schreibt das Schieberblatt denn dann</Unicode>
                </TextEquiv>
            </TextLine>
            <TextLine id="r3l31" custom="readingOrder {index:30;}">
                <Coords points="1294,2770 2390,2764 2382,2713 1294,2714"/>
                <Baseline points="1301,2757 1355,2757 1409,2756 1463,2756 1517,2755 1571,2755 1625,2755 1680,2755 1734,2756 1788,2756 1842,2756 1896,2756 1950,2756 2004,2756 2059,2756 2113,2756 2167,2756 2221,2756 2275,2755 2329,2754 2384,2753"/>
                <TextEquiv>
                    <Unicode>heute nicht einen einzigen Artikel über das „Heil des</Unicode>
                </TextEquiv>
            </TextLine>
            <TextLine id="r3l32" custom="readingOrder {index:31;}">
                <Coords points="1297,2823 2393,2831 2379,2764 1297,2771"/>
                <Baseline points="1303,2807 1357,2807 1411,2808 1465,2808 1519,2809 1573,2809 1627,2810 1681,2810 1735,2810 1789,2810 1844,2810 1898,2810 1952,2810 2006,2810 2060,2810 2114,2810 2168,2810 2222,2810 2276,2809 2330,2809 2385,2809"/>
                <TextEquiv>
                    <Unicode>Landes“, dafür aber mehr als zwei Seiten voll über den</Unicode>
                </TextEquiv>
            </TextLine>
            <TextLine id="r3l33" custom="readingOrder {index:32;}">
                <Coords points="1296,2878 1329,2881 1340,2872 1385,2887 1413,2871 1494,2877 1533,2869 1532,2829 1473,2813 1444,2834 1427,2820 1398,2828 1377,2817 1363,2826 1349,2817 1335,2825 1295,2823"/>
                <Baseline points="1303,2866 1330,2863 1358,2861 1386,2860 1414,2860 1442,2860 1470,2860 1498,2861 1526,2860"/>
                <TextEquiv>
                    <Unicode>„Reigen“ 9)</Unicode>
                </TextEquiv>
            </TextLine>
            <TextLine id="r3l34" custom="readingOrder {index:33;}">
                <Coords points="1395,2921 2345,2934 2399,2927 2399,2860 1395,2873"/>
                <Baseline points="1403,2913 1452,2913 1501,2914 1551,2914 1600,2914 1650,2914 1699,2914 1749,2914 1798,2915 1848,2915 1897,2915 1946,2915 1996,2915 2045,2915 2095,2915 2144,2914 2194,2914 2243,2914 2293,2913 2342,2913 2392,2912"/>
                <TextEquiv>
                    <Unicode>Und warum diese Aufregung? Die Sozialdemokraten</Unicode>
                </TextEquiv>
            </TextLine>
            <TextLine id="r3l35" custom="readingOrder {index:34;}">
                <Coords points="1290,2983 2357,2986 2400,2977 2401,2929 1291,2928"/>
                <Baseline points="1297,2965 1351,2965 1406,2965 1461,2966 1516,2966 1571,2966 1626,2967 1680,2967 1735,2968 1790,2968 1845,2968 1900,2969 1955,2969 2010,2969 2064,2969 2119,2969 2174,2968 2229,2968 2284,2967 2339,2966 2394,2965"/>
                <TextEquiv>
                    <Unicode>haben die Vermögensabgabe durchgesetzt und haben den</Unicode>
                </TextEquiv>
            </TextLine>
            <TextLine id="r3l36" custom="readingOrder {index:35;}">
                <Coords points="1290,3038 2391,3030 2390,2981 2258,2971 1290,2982"/>
                <Baseline points="1297,3017 1351,3018 1405,3019 1460,3019 1514,3020 1568,3020 1623,3020 1677,3020 1731,3020 1786,3020 1840,3020 1894,3020 1949,3019 2003,3019 2057,3019 2112,3019 2166,3019 2220,3019 2275,3019 2329,3019 2384,3019"/>
                <TextEquiv>
                    <Unicode>Schiebern einen noch größeren Teil ihres Vermögens</Unicode>
                </TextEquiv>
            </TextLine>
            <TextLine id="r3l37" custom="readingOrder {index:36;}">
                <Coords points="1288,3082 2399,3073 2399,3038 2327,3028 1288,3036"/>
                <Baseline points="1295,3073 1349,3073 1404,3073 1459,3073 1514,3073 1569,3073 1624,3073 1678,3074 1733,3074 1788,3074 1843,3074 1898,3074 1953,3074 2008,3074 2062,3074 2117,3073 2172,3073 2227,3073 2282,3072 2337,3072 2392,3071"/>
                <TextEquiv>
                    <Unicode>wegbesteuern wollen, als leider durchzusetzen war. Weil</Unicode>
                </TextEquiv>
            </TextLine>
            <TextLine id="r3l38" custom="readingOrder {index:37;}">
                <Coords points="1292,3139 2348,3147 2395,3131 2395,3084 1292,3085"/>
                <Baseline points="1299,3124 1353,3124 1407,3125 1462,3125 1516,3126 1571,3126 1625,3126 1680,3126 1734,3126 1789,3126 1843,3126 1897,3126 1952,3126 2006,3126 2061,3126 2115,3126 2170,3125 2224,3125 2279,3125 2333,3124 2388,3124"/>
                <TextEquiv>
                    <Unicode>es ihnen das nicht verzeiht, darum haßt das edle Blatt</Unicode>
                </TextEquiv>
            </TextLine>
            <TextLine id="r3l39" custom="readingOrder {index:38;}">
                <Coords points="1287,3198 2407,3194 2407,3147 2365,3136 1287,3132"/>
                <Baseline points="1294,3177 1349,3177 1404,3178 1459,3178 1515,3179 1570,3179 1625,3179 1681,3179 1736,3179 1791,3179 1847,3179 1902,3179 1957,3179 2012,3179 2068,3179 2123,3179 2178,3179 2234,3179 2289,3179 2344,3179 2400,3180"/>
                <TextEquiv>
                    <Unicode>die Sozialdemokraten und beschimpft sie in ihrem Kampse</Unicode>
                </TextEquiv>
            </TextLine>
            <TextLine id="r3l40" custom="readingOrder {index:39;}">
                <Coords points="1292,3246 2402,3237 2402,3202 2236,3180 1292,3200"/>
                <Baseline points="1299,3235 1353,3234 1408,3233 1463,3232 1518,3232 1573,3232 1627,3232 1682,3232 1737,3232 1792,3232 1847,3232 1901,3233 1956,3233 2011,3233 2066,3234 2121,3234 2175,3234 2230,3233 2285,3233 2340,3232 2395,3231"/>
                <TextEquiv>
                    <Unicode>gegen klerilale Willkür und es kommt der Alerikalen</Unicode>
                </TextEquiv>
            </TextLine>
            <TextLine id="r3l41" custom="readingOrder {index:40;}">
                <Coords points="1286,3298 2398,3299 2398,3250 2269,3237 1286,3246"/>
                <Baseline points="1293,3284 1350,3285 1408,3285 1466,3285 1524,3286 1582,3286 1640,3286 1697,3286 1755,3286 1813,3286 1871,3286 1929,3286 1987,3286 2044,3286 2102,3286 2160,3286 2218,3286 2276,3286 2334,3286 2392,3286"/>
                <TextEquiv>
                    <Unicode>Regierung zu Hilfe, weil es von ihr Nachsicht bei der</Unicode>
                </TextEquiv>
            </TextLine>
            <TextLine id="r3l42" custom="readingOrder {index:41;}">
                <Coords points="1282,3348 1903,3351 1903,3314 1846,3295 1282,3297"/>
                <Baseline points="1289,3339 1319,3339 1349,3338 1380,3338 1410,3338 1441,3337 1471,3337 1501,3337 1532,3337 1562,3337 1593,3337 1623,3337 1653,3337 1684,3337 1714,3337 1745,3337 1775,3338 1805,3338 1836,3338 1866,3338 1897,3337"/>
                <TextEquiv>
                    <Unicode>Bemessung der Steuer erwartet.</Unicode>
                </TextEquiv>
            </TextLine>
            <TextLine id="r3l43" custom="readingOrder {index:42;}">
                <Coords points="1395,3395 2398,3411 2385,3344 1733,3348 1689,3377 1640,3349 1395,3355"/>
                <Baseline points="1403,3389 1452,3390 1501,3390 1551,3390 1600,3391 1650,3391 1699,3391 1748,3391 1798,3391 1847,3391 1897,3391 1946,3391 1995,3391 2045,3391 2094,3391 2144,3391 2193,3390 2242,3390 2292,3390 2341,3390 2391,3389"/>
                <TextEquiv>
                    <Unicode>Daß auch die „Deutsche Tageszeitung“ hinter dem</Unicode>
                </TextEquiv>
            </TextLine>
            <TextLine id="r3l44" custom="readingOrder {index:43;}">
                <Coords points="1295,3459 2399,3453 2399,3408 2349,3400 1295,3397"/>
                <Baseline points="1302,3441 1356,3442 1411,3442 1465,3442 1520,3443 1574,3443 1629,3443 1683,3443 1738,3443 1792,3444 1847,3444 1901,3444 1956,3444 2010,3444 2065,3444 2119,3444 2174,3444 2228,3444 2283,3444 2337,3444 2392,3444"/>
                <TextEquiv>
                    <Unicode>Börseblatt nicht zurückbleibt, hat natürlich ähnliche Gründe.</Unicode>
                </TextEquiv>
            </TextLine>
            <TextLine id="r3l45" custom="readingOrder {index:44;}">
                <Coords points="1297,3510 2361,3516 2388,3455 1297,3458"/>
                <Baseline points="1304,3496 1357,3496 1411,3496 1465,3496 1519,3496 1573,3496 1627,3496 1680,3496 1734,3496 1788,3496 1842,3496 1896,3496 1950,3496 2004,3496 2057,3496 2111,3496 2165,3496 2219,3496 2273,3496 2327,3495 2381,3495"/>
                <TextEquiv>
                    <Unicode>Auch Herr Stinnes haßt die Sozialdemokraten und die</Unicode>
                </TextEquiv>
            </TextLine>
            <TextLine id="r3l46" custom="readingOrder {index:45;}">
                <Coords points="1275,3573 2404,3558 2390,3500 1275,3502"/>
                <Baseline points="1282,3549 1337,3549 1393,3548 1449,3548 1505,3548 1561,3548 1616,3548 1672,3549 1728,3549 1784,3549 1840,3549 1895,3550 1951,3550 2007,3550 2063,3550 2119,3550 2174,3550 2230,3550 2286,3549 2342,3548 2398,3548"/>
                <TextEquiv>
                    <Unicode>deutsche Schwerindustrie fühlt sich mit dem österreichischen</Unicode>
                </TextEquiv>
            </TextLine>
            <TextLine id="r3l47" custom="readingOrder {index:46;}">
                <Coords points="1272,3623 1795,3597 1926,3636 2011,3608 2393,3644 2394,3572 1272,3575"/>
                <Baseline points="1279,3603 1334,3602 1389,3602 1445,3601 1500,3601 1555,3601 1611,3601 1666,3601 1721,3601 1777,3602 1832,3602 1887,3603 1943,3603 1998,3603 2053,3604 2109,3604 2164,3604 2219,3604 2275,3604 2330,3604 2386,3603"/>
                <TextEquiv>
                    <Unicode>Kapital solidarisch, das in den Großdeutschen- seine</Unicode>
                </TextEquiv>
            </TextLine>
            <TextLine id="r3l48" custom="readingOrder {index:47;}">
                <Coords points="1273,3662 1450,3680 1486,3660 1605,3657 1629,3673 1808,3657 1807,3606 1751,3621 1273,3623"/>
                <Baseline points="1280,3658 1306,3657 1332,3657 1358,3656 1384,3655 1410,3654 1436,3654 1462,3653 1488,3653 1514,3653 1540,3653 1566,3652 1592,3652 1618,3652 1644,3652 1670,3652 1696,3653 1722,3653 1748,3654 1774,3654 1800,3655"/>
                <TextEquiv>
                    <Unicode>gehorsamen Knechte findet.</Unicode>
                </TextEquiv>
            </TextLine>
            <TextEquiv>
                <Unicode>Witung, Wien, Abendblgt
12 F
Wien, Samstag
Seite 3
Das übergeschnappte Schieberblatt.
In her „Neuen Freien Presse“ veröffentlicht
Dr. Ofner einen Artikel über die Rechtslage beim Verbot
des „Reigen“. Selbstverständlich Kkommt der angesehen
Jurist zu dem Ergebnis, daß das Eingreisen des Ministers
dem Gesetz widerspricht und ein Wlt der Kabinetts
justiz ist, der sogar der Verfassung der Monarcht
widersprochen hat — wie erst der neuen Verfassung. Aus
drücklich sagt Dr. Ofner: „Bei der Beurteilung des Altes
den der Minister gesetzt hat, tritt die Frage des „Reigen“
öllig zurück. Es handelt sich darum, ol
vir verfassungsmäßig leben wollen
b wir darauf rechnen dürfen, daß sich die Behörden
insbesondere die obersten Behörden nicht
Autokratie spielen.“
So auf der sechsten Seite der hervorragende Jurist,
der feststellt, daß es sich bei dem Kampfe der Sozial¬
demokraten also um einen Kampf gegen autokratische
Willkür handelt, um einen Kampf um die Verfassung.
Was soll man nun dazu sagen, daß das Schieber¬
blatt einen flammenden Leitartikel bringt, worin es die
Sozialdemokraten beschimpft und ihnen vorwirft, daß sie
„die Verfassungsfrage vorgeschützt“ hätten. „Ein himmel¬
schreiendes Unrecht, ein Volksverrat an Oesterreich“ sei es,
über etwas anderes zu verhandeln als über das Heil des
Landes! (Warum schreibt das Schieberblatt denn dann
heute nicht einen einzigen Artikel über das „Heil des
Landes“, dafür aber mehr als zwei Seiten voll über den
„Reigen“ 9)
Und warum diese Aufregung? Die Sozialdemokraten
haben die Vermögensabgabe durchgesetzt und haben den
Schiebern einen noch größeren Teil ihres Vermögens
wegbesteuern wollen, als leider durchzusetzen war. Weil
es ihnen das nicht verzeiht, darum haßt das edle Blatt
die Sozialdemokraten und beschimpft sie in ihrem Kampse
gegen klerilale Willkür und es kommt der Alerikalen
Regierung zu Hilfe, weil es von ihr Nachsicht bei der
Bemessung der Steuer erwartet.
Daß auch die „Deutsche Tageszeitung“ hinter dem
Börseblatt nicht zurückbleibt, hat natürlich ähnliche Gründe.
Auch Herr Stinnes haßt die Sozialdemokraten und die
deutsche Schwerindustrie fühlt sich mit dem österreichischen
Kapital solidarisch, das in den Großdeutschen- seine
gehorsamen Knechte findet.</Unicode>
            </TextEquiv>
        </TextRegion>
    </Page>
</PcGts>
