3336 4416
1423 72 3205 144 EN
501 103 1389 155 Bundesverfassung aufgebant hat.
1515 104 2309 163 Bundesminister Doktor Glanz:
2516 113 3046 200 (Die Sitzung dauert fort.)
506 140 1384 212 Diese, von ihr selbst geschaf¬
1524 153 2309 233 dahin aus, daß die Aufführung ihrem
503 192 1382 252 fene Verfassung hat die Regierung
1428 191 1879 261 gesamten Eindruck nach
2339 167 3207 276 Heute abends große Demon
510 243 1382 299 gebrochen. Das ist der entscheidende Punkt.
1429 231 2308 327 eine arge Verletzung der öffent¬
2605 247 2955 343 strationen?
504 288 1280 348 Die Angelegenheit bekommt dadurch
1284 291 1382 347 einen
1612 293 2134 353 lichen Sittlchkeit
508 325 1380 405 anderen Geschmack, daß es dieselbe Reglerung
1418 324 2312 400 bedeute. Kundgebungen aus der Bevölkerung
2427 328 3206 415 Wie verlautet, wird es heute abend
510 385 1379 456 ist, die allen anderen Landeshauptleuten gegen¬
1427 392 2297 450 und zahlreiche Artikel der Presse verschiedener
2343 376 3202 459 zu größeren Demonstratione
503 432 1380 487 über sich vollständig tatenlos ver¬
1426 439 2254 491 Richtung — ich betone das noch einmal
2345 430 3215 505 bei den „Kammerspielen“ kommen, falls di
505 477 1386 537 hält. (Instimmung bei den Sozialbemokraten.)
1419 487 2293 548 ließen erkennen, daß diese Vorführungen mit
2348 483 3211 551 „Reigen“=Vorstellung stattfindet. Die klein
492 527 1372 576 Herr Glanz wird es überhondt nicht
1420 531 2292 585 dem sittlchen Empfinden weiter
2341 538 3209 588 Gasse, in der sich der Eingang zu der
493 571 1371 625 wagen, sich in irgendwelche Ver¬
1418 581 2295 642 Kreise der Wiener Bevölkerung
2343 590 3219 644 „Kammerspielen“, befindet, wird durck
498 625 1374 680 fügungen der Landeshanpkleute
1421 630 2299 684 in scharfem Gegensatzstehen. (Leb¬
2343 634 3209 708 Polizei abgesperrt werden und nur Inhabei
495 670 1382 730 einzumengen. (Lekhafter Beifall und
1419 677 2300 737 hafter Beifall und Händellatschen bei den
2345 675 2957 762 von Billetten dürfen passieren.
494 717 1373 778 Hänbeklatschen bei den Sezialdemokraten.) Denn
1426 731 2296 791 Ihristlichsozialen. — Stürmische Gegenrufe
1416 762 1925 845 bei den Sozialdemokraten.
492 769 1384 818 diese stehen ihm als christlichsoziale Porteiführer
1510 793 2295 889 Es war nun mene Absicht, vorerst dem
494 816 1370 880 gegenüber, vor denen er sich ebenso bedientenhaft
2399 794 3155 894 Ein juristisches Gutachten.
492 865 1371 942 henimmt wie vor den Parteiführern der
1419 872 2293 929 zur Beurteilung des Falles zunächst be¬
2422 869 3222 956 Die juristische Seite des „Reigen“.
1422 905 2292 976 rufenen Herrn Bürgermeister von
488 906 1019 968 Christlichsozialen im Hause.
2332 936 3220 1014 Verbotes stellt sich auf Grund der bestehen¬
1414 958 2295 1019 Wien Gelegenheit zu geben, zu dieser neuen,
496 955 1370 1024 Wir stehen vor einer Negierung, die sich um die
2333 987 3211 1068 den gesetzlichen Bestimmungen folgender¬
1421 1010 2286 1069 durch den Eindruck der Auffährung gegebenen
487 1004 1381 1062 Verfassung nicht kümmert, sondern die Ver¬
2329 1030 2569 1109 maßen dar:
1413 1065 2295 1121 Sachlate Stellung zu nehmen. Ich wandte
496 1054 1372 1113 waltung führt, ausschließlich nach den Gefällig¬
3146 1058 3217 1137 be¬
2433 1059 3108 1161 Alle die Theaterzensur
1415 1090 2289 1167 mich daher in einem Schreiben an den Herrn
499 1110 1380 1163 keiten, die sie der Poatei erweist, in deren
3151 1133 3220 1186 im
2331 1130 3111 1205 trefsenden Angelegenheiten wurden
1417 1147 2285 1209 Bürgermeiesir, nicht eiwa um de Verant¬
489 1160 1374 1214 Dienst sie arbeitet. (Lebhafter Beifall bei den
2331 1174 3216 1235 Gegensatz zu jenen, welche die Presse be¬
1411 1202 2283 1256 wortung auf ihn abzuwälzen, sondern, weil
500 1201 1370 1269 Sezialdemokraten.— Widerspruch und Zwischen¬
2328 1233 3223 1284 treffen, durch den Beschluß der National¬
1411 1248 2284 1314 ich es für ein Gebot per amtlichen Courtossic
485 1249 1370 1306 rufe bei den Christlichsozialen.) Wir sinb an den
2330 1276 3222 1341 versammlung vom 30. Oktober 1918 nich:
1425 1289 2280 1361 hielt, zunächst ihm selbst eine abändernde Ver¬
485 1299 1368 1351 Degriff einer Parteitegierung gewöhnt. Aber
2331 1319 3216 1391 tangiert. Für die Theater¬
1414 1341 2286 1409 fügung im eigenen Wirkungskreise zu er¬
489 1343 1368 1402 hier wird offenkundig der Wortlaut des Gesetzes
2327 1368 3221 1446 zensur gelten daher die alten
1405 1385 2291 1459 möglichen. Der Herr #irgermeister teille
491 1400 1367 1473 verletzt und das geschieht in der würde¬
2332 1413 3015 1489 Gesetzesbestimmungen.
1420 1441 2298 1494 mir jedoch hierauf mit, er nicht in der
486 1442 1365 1502 losesten, wiberwärtigsten Form,
2415 1472 3017 1546 Diese lauten auszugsweise
3058 1483 3199 1541 14 f0.
1415 1480 2296 1566 Lage sei, von seiner erste. tscheidung abzu¬
493 1493 1372 1558 nicht von einem wirklichen Vertreter der regie¬
2425 1528 3221 1590 Jede Theateraufführung bedarf; der
1429 1533 1539 1608 ehen.
490 1543 1373 1612 renden Partei, sondern von einem Bedienten
1504 1549 1895 1645 Der Mmister schl.
1968 1550 2296 1651 ne Ausführun¬
2334 1574 3215 1630 Genehmigung des Statthalters.
486 1591 1369 1643 derselben (Lebhafter Beifall bei den Sozial¬
2329 1625 3212 1680 Seine Genehmigung gilt nur für jenes
1952 1622 2284 1698 glaube, daß
1408 1618 1890 1698 gen mit dem Satz: „§
494 1639 1364 1693 demokraten), der durch sein Auftreten im Hanse
2329 1675 3208 1733 Unternehmen, welches darum angesucht hat.
1413 1667 2294 1728 mein Erlaß die  einung aller
499 1684 1371 1758 und in den Aemtern, in denen er wirksam ist,
1418 1726 2281 1798 anständigen Leu s verkorpert.“
2427 1725 3219 1801 Die erteilte Bewilligung
489 1738 1374 1794 sich in geradezu ekelhaften, lakaien¬
2328 1772 3218 1837 kann aus besonderen Gründen
492 1789 1371 1854 mäßigen Former (lebhafte Zustimmung
2325 1824 3211 1890 der öffentlichen Ordnung je der¬
490 1837 1367 1888 bei den Sozialdemokraten — Lachen bei den
2321 1876 3162 1932 zeit zurückgenommen werden.
491 1884 1374 1942 Christlichsozialen) als ein Mensch betätigt, der
1495 1881 2291 1949 Nach der Rede des Bundesministers
489 1927 1372 1988 sich die Ehre verdienen will, die man ihm er¬
2420 1932 3210 1987 Die Polizeidirektion hat dar¬
1403 1922 2298 1997 Dr. Glanz sam es zu stürmischen
484 1981 1367 2039 wiesen hat, und von dem Gefühl erfüllt ist, daß
2325 1978 3206 2053 über zu wachen, daß die Aufführung der Be¬
1411 1993 2286 2051 Szenen. Die Abgeordneten der sozial¬
485 2033 1369 2088 er nur deshalb Minister wurde, weil er tretz
2337 2030 3211 2099 willigung genau entsprechend stattfinde und
1406 2033 2289 2099 demokratischen Parlei fühlten sich
485 2069 1379 2150 seiner inneren Unfähigkeit und seiner geringen
2329 2069 3195 2157 ist unter Umständen gegen nachträgliche Zu¬
1421 2084 2282 2146 durch den Schlußsatz des Wundesminiftars,
482 2125 1325 2180 Leistungen auf diese Stelle entsendet wurde,
2324 2117 3214 2180 stimmung des Statthalters berechtigt, die
1409 2131 2292 2188 welcher laute:: „Ich überlasse die
484 2175 1371 2251 um den Christlichsozialen Gefällig¬
2329 2164 3215 2237 Vorstellung aus eigener Macht¬
1412 2178 2295 2254 Beurteilung meiner Ente
708 2221 1181 2282 keiten zu erweisen
2319 2210 3218 2284 vollkommenheit zu verbieten,
1429 2226 2288 2294 chließung anständigen Ele¬
2326 2262 3205 2347 um Störungen und andere Zwischenfälle
492 2256 1364 2337 und sich als der Beienträger der Christlich¬
1411 2282 2292 2354 menten“, provoziert ung dränzten
2320 2313 2644 2395 hintanzuhalten.
488 2306 1235 2376 sozialen zu betätigen. Wir leben 00
1422 2324 2297 2399 n geschlossenen Massen gegen
556 2365 1319 2450 von einem Landeshauplwgug¬
2415 2345 3202 2451 Die Frage ist nun, ob die Theater¬
1402 2370 2285 2436 die Ministerbank vor. Die Stim¬
665 2418 1191 2471 skandal zum anderen.
1408 2426 2292 2494 mung war eine überaus erregt:. Abgeord¬
2330 2421 3211 2500 zensur nach der neuen Ver¬
476 2450 1371 2535 (Lachen bei den Christlichseziglen.] Aber da¬
1408 2467 2285 2533 sieter Zeienka und andere schlucen mit
2335 2472 2554 2544 fassung
483 2516 1362 2574 gegen wird die Regierung auch dann nicht ein¬
1407 2524 2293 2577 Fäusten auf den Ministertisch.
2388 2501 3146 2600 Bundes=oder Landessache
481 2563 1366 2618 zugreifen wagen, wenn ihr die Verfassung das
1405 2568 2277 2634 Die Christlichsozialen versuchten, die Sozial¬
2324 2570 2735 2644 ist. Nun geht aber
485 2614 1364 2670 Recht des Eingreifens zuhilligte, ja selbst dann
1402 2612 2281 2689 demokraten von der Ministerbank ab¬
2412 2625 3217 2701 1. aus dem Vorhergesagten hervor, daß
484 2661 1369 2722 nicht, wenn das Gesetz ihr die Pflicht zuschriebe,
1415 2671 2165 2734 zudrängen, dabei lam es zu einem
2320 2675 3215 2751 die Theaterzensur bisher in die Kompetenz
492 2708 1371 2773 oder wenn sogar internationale Verwicklungen
2325 2730 2803 2800 der Länder gehört hat,
1619 2725 2066 2818 Handgemenge,
497 2757 1369 2808 daraus entstünden, weil wir nicht eine Regie¬
2419 2777 3204 2842 2. enthält die neue Verfassung
486 2808 1369 2857 rung haben, die aus führenden Mänern der
1414 2779 2282 2872 n dessen Verlauf en christlichsozialer
2316 2830 3197 2899 über die Theaterzensur keine
482 2850 1374 2912 christlichsozialen Partei besteht., Diese waren zu
1400 2853 2279 2929 Bauern=Abgeordneten den Abgrordneten
2315 2882 2839 2959 Bestimmungen und
491 2905 1368 2961 feig dazu, sich an die Spitze zu stellen und die
1403 2907 1585 2981 Sever
2408 2908 3202 3007 3 stellt sie in Artikel 15 fest, daß alle
487 2943 1371 2999 Verantwortung für ihre Hauplungen zu über¬
2325 2982 3200 3053 Angelegenheiten, die nicht aus.
1560 2966 2111 3061 ins Gesicht schlug.
485 2997 1370 3070 nehmen. (Lebhafter Beifall und Hänbeklatschen
2318 3031 3210 3089 drücklich der Vollziehung des
483 3048 1000 3108 bei den Sozialdemokraten.)
1502 3014 2285 3105 Daraufhin stieg die Erregungins
2329 3086 3210 3145 Bundes zugewiesen sind, im
1405 3089 2278 3151 Ungeheure. Der Vorsitzende Doktor
2327 3130 3204 3203 Wirkungskreis der Länder per¬
514 3106 1339 3198 Bundesminister Dr. Glanz:
1399 3141 2283 3214 Weislirchner schwang unaufhörlich die Glocke.
2325 3178 2550 3247 bleiben.
1410 3188 2281 3262 Die Abgeordneten Mataja, Fink und
575 3189 1365 3259 In Beantwortung der soeben gestellten
2425 3204 3201 3293 Somit ist das Vorgehen des
1411 3239 2281 3303 Forster drängten sich zwischen die beiden
487 3236 1373 3302 Anfrage möchte ich dem hohen Hause folgen¬
1412 3282 2277 3342 Gruppen und es gelang ihnen schließlich, die
486 3290 1364 3343 des mitteilen: Schon vor Zulassung der
484 3339 1371 3390 Aufführung des „Reigen“, die durch den
1403 3333 2043 3405 Abgeoodneten zu beruhigen.
1492 3362 2300 3446 Auch die Ausführungen des nächsten
473 3380 1365 3447 Magistrat in seiner Eigenschaft als politische
1402 3433 2292 3493 Rehners, Abgeordneten Volker, waren
486 3432 1365 3485 Landesstelle erfolgt ist, hat der Herr Polizei¬
2372 3400 3102 3514 Grand Card
1406 3476 2289 3547 gänzlich unverständlich durch den über¬
476 3487 1366 3553 präsident beim Herrn Bürgermeister von
2868 3483 3216 3546 Wien, Is. Prate
1395 3522 2140 3601 großen Lärm, der im Saale herrschte.
477 3522 1369 3590 Wien auf die schweren Bedenken
2378 3531 2639 3600 Tüglich ab
2404 3540 3201 3636 Uhraber. FAMILIEN-KO
1492 3555 2293 3637 Erst, als Abgeordneter Seitz das
484 3580 1356 3639 gegen die Auffährung dieses Büh¬
485 3626 1366 3687 nenwerkes aufmerksam gemacht. Er verwies
1402 3610 2296 3684 Wort ergriff, wurde de Stimmung ruhiger.
2490 3607 3210 3687 Vorzügliche Geiränke und Spei
486 3667 1365 3737 hiebei auch auf die geteilte Beur¬
1498 3671 2290 3738 Abg. Seitz führte aus, daß ihn die
473 3707 1361 3787 teilung, die vor längerer Zeit schon die
1404 3713 2291 3771 Anschauung des Herrn Glanz
2362 3673 3206 3815 Fürstenhof-8
472 3766 1375 3815 bloße Vorlesung der zehn Dialoge in der
1396 3759 2296 3827 gar nicht interessiere und hier gar
487 3804 2294 3888 Publizistil gefunden habe. Der Magistrat i nicht der Ort sei, don literarischen Wort eines
