3392 4352
433 175 737 276 Reigen
939 165 1346 253 box 17/6
1785 157 2852 211 ertellte Aufführungsbewill.gung zu jeder Zeit ganz o
1779 194 2916 245 tilweise zu widerrufen. Auf die Theaterordnung kann
1780 247 2796 303 daher das Recht des Ministers nicht gestützt werden.
1870 289 2912 339 Ein anderer Gedankengang hat hier gewirkt: der in
1775 335 2918 397 der Erintlerung der höheren Bureaukratie noch lebendige
1785 385 2455 441 Gedanke der autokratischen Gewalt.
2457 384 2927 450 In der autokratischen
1781 432 2926 489 Reglerungsweise ist der Wille des Monarchen höchstes
1777 478 2920 538 Gesetz. Die Behörden sind seine Organe und haben ihm
1774 526 2921 585 zu gehorchen. Was sie getan haben, kann er ungeschehen
1780 573 2925 645 machen. Diese unter dem Namen der Kabinettsjustiz be¬
1774 617 2915 673 kannte Gewalt ist in der Verwaltung weit länger geblieben
1775 670 2919 733 als im ordentlichen Gerichtsverfahren, in Oesterreich bis
1783 711 2926 778 zur Verfassung. In der nicht publizierten allerhöchsten
1776 768 2916 818 Entschließung vom 12. April 1852 ist der allgemeine
1765 813 2926 871 Wirkungskreis der Zentralstellen festgesetzt und dort heißt
1778 861 2916 912 es im § 1a, daß in diesem Wirkungstreis gelegen ist die
1777 907 2915 969 Vollziehung der allerhöchsten Beschlüsse und Befehle.
1776 957 2908 1018 Diesen Befehlen hatten sich ebenso wie die Zentralstellen
1777 1005 2913 1057 auch alle untergeordneten Behörden und ebenso die Unter¬
1779 1054 2921 1110 tanen zu unterwerfen. Bei dieser Regierungsweise konnte
1779 1101 2919 1158 also leicht eine erteilte Bewilligung, wenn sie nicht Privat¬
1780 1146 2925 1197 recht schuf und durch die Gerichte geschützt wurde, behoben
1784 1194 2921 1248 werden. Und es war nicht ausgeschlossen, daß die
1786 1236 2911 1303 Zentralstellen dieses abgeleitete Recht auch in der Weise
1784 1287 2918 1343 geltend machten, daß sie von selbst und ohne allerhöchsten
1772 1342 2911 1402 Befehl eine derartige Kabinettsjustiz in der Verwaltung
1792 1386 2913 1443 ausübten. Gesetzlich war ihnen diese Macht nicht gegeben
1784 1433 2913 1497 gesetzlich ist überall festgesetzt, wann die Zentralstelle als
1789 1482 2913 1541 erste, als zweite oder letzte Instanz zu urteilen hat, und
1782 1531 2913 1584 nirgends ist ihr die Befugnis eingeräumt, dort, wo sie in
1789 1582 2920 1639 letzter Instanz zu entscheiden hat, bereits in einer früheren
1785 1631 2926 1687 oder gar ohne Rekurs von Amts wegen über die früheren
1780 1674 2420 1745 Instanzen hinweg zu entscheiden.
1856 1711 2928 1779 Die Bestimmungen dieses allgemeinen Wirkungs¬
1773 1777 2911 1837 kreises aus der nicht publizierten allerhöchsten Entschließung
1782 1827 2922 1884 vom 12. April 1852 sind jedoch durch die Verfassung
1791 1872 2917 1930 wesentlich geändert. Um nicht den Anschein zu erwecken,
1783 1923 2918 1973 als ob dies lediglich meine eigene Erfassung wäre, führe
1777 1966 2927 2026 ich aus Mayerhofers Handbuch I, Seite 276, die Worte
1785 2014 2919 2068 an: „Die Bestimmungen dieses allgemeinen Wirkungs¬
1779 2064 2926 2122 kreises, welche infolge der seither eingetretenen Aende¬
1777 2110 2919 2174 rungen in der Verfassung in der dadurch bedingten Stel¬
1778 2158 2921 2211 lung der Ministerien, dann infolge von Umgestaltung im
1772 2207 2926 2271 Verwaltungsorganismus, wodurch auch den Landesstellen
1787 2257 2921 2306 ein größerer Wirkungskreis eingeräumt wurde, sowie
1773 2301 2927 2359 infolge sonstiger Neuerungen in der Gesetzgebung in vielen
1773 2351 2917 2402 wesentlichen Beziehungen nicht mehr aktuell sind,
1782 2396 1929 2458 werden
1929 2404 2915 2459 ... mitgeteilt.“ Die Kabinettsjustiz war es
1780 2436 2932 2500 vorzugsweise, die in das Leben und die Freiheit schwer
1781 2495 2915 2551 eingriff, und gegen sie richtete sich die Verfassung. Von
1781 2542 2922 2591 da an war es zweifellos, daß die verschiedenen Aemter
1791 2589 2923 2651 ihren festbegrenzten Wirkungskreis haben und denselben
1783 2639 2920 2688 nicht überschreiten dürfen. Zahlreiche Entscheidungen des
1779 2686 2925 2753 Verwaltungsgerichtshofes sind hierüber ergangen und ob
1782 2730 2927 2784 nun Vereinsrecht oder Presserecht oder Theaterrecht in
1783 2779 2917 2841 Frage kommen, ist hiefür selbstverständlich gleichgültig.
1790 2826 2926 2878 Landeshauptmann und Statthalterei haben insbesondere
1785 2879 2919 2927 eine fostere und selbständigere Stellung erhalten. Im
1789 2923 2921 2988 Gesetz vom 19. Mai 1868, R. G. Bl. Nr. 44, ist dieser
1772 2964 2920 3037 Wirkungskreis abgegrenzt und im § 8 unter Bezugnahme
1776 3021 2923 3077 auf § 12 des Staatsgrundgesetzes über die Ausübung
1777 3075 2926 3135 der Regierungs= und Vollzugsgewalt der Landeschef ver¬
1790 3116 2927 3169 antwortlich gemacht für seine sowie für die Amts¬
1795 3159 2923 3213 führung der ihm unterstehenden politischen Landes¬
1789 3211 1949 3288 behörde.
1876 3241 2922 3327 Bei der Beurteilung des Aktes, den der Minister
1787 3322 2927 3384 gesetzt hat, tritt daher die Frage des „Reigen“ völlig
1788 3374 2926 3427 zurück. Es handelt sich darum, ob wir verfassungsmäßig
1798 3413 2927 3464 leben wollen, ob wir darauf rechnen dürfen, daß sich die
1795 3460 2933 3527 Beyörden an ihren. Wirkungskreis halten und daß ins¬
1794 3502 2922 3561 besondere die obersten Behörden nicht Autokraten spielen.
1794 3553 2932 3604 Oessentliche Ordnung ist durch den „Reigen“ nicht gestört
1796 3600 2935 3664 worden. Im Beschlusse des Ministers spricht sich
1795 3651 2936 3699 nur Sittlichkeitspolizei aus, weshalb nicht einmal § 5 der
1797 3696 2935 3757 Theaterordnung für den Landeshauptmann in Betracht
1795 3738 2936 3794 käme. Die Tatsache, daß die Rekursinstanz über die erste
1792 3792 2923 3861 Instanz hinweg eine erteilte Erlaubnis zurückgenommen,
1801 3840 2933 3893 die Entscheidung der gesetzlichen Instanz ohne Einver¬
1796 3887 2936 3949 nehmen mit ihr aus eigener Willkür aufgehoben hat, tritt
1797 3938 2935 4011 also rein in Erscheinung und damit auch rein die Ver¬
1788 3984 2078 4064 fassungsfrage.
