3444 4320
448 134 767 216 igen
794 1633 845 1700 9
766 1690 847 1752 5N
792 2076 837 2136 5
852 3138 917 3194 —
885 1334 953 1412 0
860 1393 919 1460 40
882 1532 924 1581 0
892 1647 930 1723 X
886 1805 938 1856 □
889 1932 940 1964 1
873 1959 908 2006 4
881 2027 927 2092 00
915 2957 977 3012 *
931 3122 970 3167 7
894 3132 963 3192 *
834 3918 981 3988 S
976 1939 1049 2012 5
968 2025 1011 2089 0
966 1537 1010 1583 00
977 1604 1010 1653 6
964 1753 1012 1810 00
982 2443 1027 2503 21
954 2483 1032 2537 4 =
983 2530 1023 2565 123
971 2547 1017 2584 720
950 2793 1025 2865 2
975 3512 1027 3548 5
1025 1518 1061 1572 5
1017 1569 1052 1616 0
1005 1743 1088 1822 2
1024 2001 1055 2038 □
1017 2864 1070 2928 35
1016 3101 1078 3146 —1
1038 3159 1079 3192 67
1024 3189 1078 3260 22
1055 3264 1104 3312 10
1028 3494 1090 3559 5
1032 3681 1072 3717 60
1025 2370 1102 2449 65
963 113 1377 199 box 17/5
1161 800 2100 872 täglichen Theaters abhängt, ist diese äußere Nöti¬
1171 855 2083 916 gung sehr heilsam gewesen. Im „pathetischen Hut
1173 896 2102 945 weuden die heikelsten sexuellen Dinge mit demokra¬
1167 930 2097 982 tisch sicherer Ungeniertheit ausgesprochen. Früher
1169 970 2036 1041 hatte das mehr Delikatesse und Kunst erfordert.
1213 1007 2099 1068 Das Erfreulichste an jenem Abend — der übrigens
1168 1048 2097 1098 dem Autor eine immerhin sehr freundliche Aufnahme
1179 1094 2094 1134 seines Stückes brachte — waren zwei schauspielerische
1419 1125 2101 1184 Ferdinand Bonns menschlich
1174 1132 1411 1183 Leistungen:
1821 1163 2097 1214 eben der „Edel¬
1180 1166 1819 1213 echter und lebensvoller Dr. Stern —
1181 1210 2097 1257 sozialist", in dem alle evangelischen Stimmen einer
1890 1242 2105 1287 und Kurt
1175 1257 1872 1300 neuen Weltanschauung erklingen —
1178 1278 2091 1335 Ehrles König, der voll liebenswürdigster Noblesse
1181 1323 2073 1371 sein feuilletonistisches Gottesgnadentum entfaltete.
1211 1354 2098 1408 Einen Abend voll schauspielerischer Verwegenheit
1176 1395 2091 1439 und Laune gönnten sich die Mitglieder des Burg¬
1179 1431 2097 1480 theaters. Sie spielten für die Pensionisten ihres
1187 1476 2105 1524 Theaters die alte Posse „Robert und Bert¬
1186 1512 2099 1565 ram“ eine gründlich verstaubte und vervunzelte
1188 1539 2098 1594 GBelegenheit zu allerlei spielerischen Ausgelassen¬
1190 1582 2099 1638 eiten. Es war auch höchst ergötzlich (und bewun¬
1185 1625 2099 1672 dernswert) „wie Treßler mit nie versiegenden
1190 1659 2101 1707 Einfällen die Bühne belebte und die Medelsky
1175 1700 2100 1750 ihre Kuplets mit dem wienerischen Chavme ihres
1187 1744 2098 1789 volkstümlichen Wesens sang und tanzte. Dann folgte
1186 1780 2099 1828 noch eine Kabarett=Vorstellung — die ganze Ver¬
1190 1812 2104 1858 instaltung trug den Namen „Fasching im Burg¬
1176 1856 1296 1903 theater
1322 1862 1388 1902 —
1397 1854 2098 1906 und diese Nacht war ausgezeichnet vor
1189 1890 2103 1935 illen anderen Nächten, weil diesen prachtvollen
1180 1931 2108 1970 Temperamenten der Zaum cögenommen war, dder
1181 1961 2103 2011 Kunst und Tradition heißt, und der Fasching den
1175 2007 2096 2064 Herren Hofkomödianten wenigstens einmal im Jahre
1181 2045 1764 2110 erlaubte, die Maske abzuwerfen.
1214 2124 2107 2202 Wie uns aus Wien geschrieben wird, ist vort
1182 2181 2089 2228 ein großzügiges Theaterunternehmen im Werden
1187 2219 2103 2263 Ein Volksschauspielhaus, das insbesondere
1177 2257 2097 2306 den künstlerischen Behdürfnissen des, heute vom
1191 2297 2108 2342 Theater ganz ausgesperrten Mittelstandes dienen
1185 2332 2096 2379 soll, wird geplant; ausschließlich als Sprechtheater
1193 2371 2095 2413 m großen Maßstabe, mit einem Fassungsraum, der
1182 2406 2106 2449 für mehrere tausend Personen genügen soll. Das
1178 2449 2099 2492 Theater ist auf einem Grundstück projektiert, das
1175 2486 2096 2526 bisher den Zirkus Schumann trug und nunmehr an
1183 2520 2104 2560 die Gemeinde zurückfällt. Der in Wien sehr be¬
1186 2560 2096 2609 kannte Regisseur Karl Langkammer, der sich
1184 2600 2099 2643 vor Jahren durch seine Inszenierungen der Anzen¬
1186 2636 2107 2684 gruber=Stücke einen Namen gemacht hat, ist im
1191 2672 2104 2719 Namen eines Konsortiums, das für den Bau und
1174 2709 2099 2757 den Betrieb des Theaters 20 Millionen zur Ver¬
1191 2746 2093 2789 fügung stellt, an die Kommune herangetreten. Die
1192 2783 2104 2831 Bemeindeverwaltung dürfte sich sehr sympathisch zu
1181 2819 2112 2866 diesem Plane stellen, der heute in der Zeit der¬
1191 2865 2100 2918 normen Verteuerung der Theater=Eintritispreis##
1190 2903 2102 2967 und der alles überwuchernden Operette, einem tai¬
1184 2935 1832 2992 sächlichen Kulturbedürfnis entspricht.
1524 3107 1777 3188 Konzerte.
1174 3163 2098 3250 Die Pianistin Pancera. — Kammen=Musikabend
1482 3230 1796 3293 des „Anbruch“.
1222 3272 2110 3342 Die einst gefeierte Pianistin Ella Pancera
1178 3322 2104 3383 läßt sich wieder regelmäßig in Berlin Gören.— Ich
1193 3370 2109 3421 ieß aus dem reichhaltigen, von Bach üher Scavlatti
1188 3413 2096 3474 und Chopin zu Brahms führende Proggamm einige
1186 3447 2110 3495 Stücke an mir vorüberziehen. Frau Pancera gehört
1179 3495 2105 3541 zu den Klavierspielerinnen großen Zuschnitts. Zu¬
1182 3534 2105 3582 gegeben, daß man heutzutage die Tasten mit „reiz¬
1191 3566 2100 3609 sameren“ Fingern meistert und daß sich das Gefühl
1180 3605 2099 3656 für das Chroma, sagen wir Chopins, verfeinert hat,
1194 3650 2107 3696 o läßt sich die Ueberlegenheit älterer Klavierkunst,
1188 3686 2108 3736 wie si. von der Pancera gepflegt wird, in Bezug auf
1178 3727 2111 3774 architektonische Gliederung des Tongeschehens doch
1183 3758 2110 3808 kaum leugnen. Wie monumental empfunden (und
1181 3797 2100 3856 doch in allen Einzelheiten schattiert und ausgear¬
1175 3833 1950 3894 beitet) die D-dur=Sonate von Scarlatti!
1978 3842 2107 3893 Brahms
1185 3876 2100 3939 selbst hat eine Auswahl aus seinen Paganini=Vari¬
1179 3922 2102 3961 ationen für die Konzertgeberin getroffen und Reihen¬
1184 3954 2110 4008 folge und Schluß bestimmt. Man hätte sich hier das
1178 3996 2110 4036 Detail gepflegter, das Gedächtnis zuverlässiger ge¬
1188 4030 2110 4081 wünscht. Erstaunlich die physische Ausdauer der
1184 4071 2102 4120 Künstlerin, die nie in Kraftmeiertum ausartete.
1185 4109 1325 4146 Der M##
1633 4114 1870 4161 K
2149 807 3088 879 Werke von Stefan George bekannt gemacht
2155 862 3083 925 worden war. Wohl klingt dessen in Farbengetön
2167 902 3088 955 chwelgende Verssprache noch voller als die von
2328 950 2382 977 —
2165 937 2317 988 Däubler,
2414 940 3094 994 zwar nicht im „Stern des Bundes",
2155 981 3097 1026 der am letzten, vierten Abend den Gegenstand des
2154 1014 2549 1065 Vortrags bildete. —
2551 1021 3083 1069 wohl nehmen auch Stefan
2163 1056 3089 1101 Georges Gedankenfülle, seine geistige Durchdrin¬
2165 1099 3083 1146 gung der ganzen Umwelt mit mystischen Aus¬
2151 1138 3081 1190 deutungen die Sinne der Hörer gefangen, aber
2157 1171 3083 1214 inniger wird ide ursprüngliche Lyrik Däublers zu
2163 1212 3091 1256 Herzen dringen als die artistische Sprechkunst
2156 1248 2302 1299 Georges
2201 1288 3087 1342 Neben diesen Nabobs nehmen sich natürlich junge
2161 1331 3082 1379 Talente, die zu Gehör kamen, sso reich ahre Begabung
2157 1367 3085 1417 auch ssein und soviel Anerkennung sie vervienen
2157 1402 3090 1452 mag, armselig aus. Und doch müssen sie mit Ach¬
2163 1446 3082 1492 tung genannt werden. Der Künstlerdenk der Clauß¬
2157 1484 2459 1537 Rochs=Stiftung
2461 1488 3092 1532 veranstaltet Vortragsabende zur
2159 1526 3093 1566 Förderung junger Dichter. Da hörte man einen
2157 1564 3091 1610 jungen Hamburger, Walter Teich, der eine
2161 1602 3084 1645 bemerkenswerte lyrische Begabung hat. Wohl hat
2168 1640 3088 1691 seine Verskunst noch eiwas Spielerisches, scheint
2162 1674 3084 1725 nicht aus voller Gmpfindung zu fließen, ssondern
2158 1718 3098 1759 mehr aus tastendem Suchen nach Stoff und Aus¬
2157 1750 3085 1806 druck den Vers zu formen, aber vielleicht scheint
2160 1795 3094 1835 dies auch nur so bei den immerhin nur wenigen
2168 1832 3091 1883 Proben, die man hörte. Seine Prosa, die anschei¬
2160 1872 3087 1921 nend aus Erlebtem schöpfte, wirkte anschaulich
2159 1914 3094 1962 Reicher, vielseitiger wohl auch ist die Begabung von
2166 1948 3088 1995 Lola Landau, die nicht nur aus starkem Er¬
2163 1989 3083 2038 leben einer weiblichen Psyche geflossene klingende
2158 2025 3079 2070 Verse aus ihrem Büchlein „Das Lied der Mutter
2270 2063 3086 2111 deren auf Wirkungsmöglichkeiten abzielende
2158 2069 2265 2112 las,
2165 2105 3091 2155 Absicht freilich oft zu deutlich sich zeigte, ssondern auch
2946 2141 3091 2191 Victor
2657 2143 2830 2194 offenbart.
2428 2146 2652 2195 Begabung
2160 2144 2414 2199 dramatische
2159 2184 3098 2228 Schwannecke vom Kleinen Schauspielhaus las
2156 2224 3090 2272 eine dramatisch wirkungsvoll aufgebaute Szene aus
2161 2262 3092 2316 ihrem Drama „Charlotte Corday“ die voll geist¬
2157 2299 3093 2348 reicher Einfälle war. Auch eine Novelle von ihr,
2169 2334 3102 2383 „Das Grauen“, las der Künstler, die freilich als
2171 2375 3091 2420 starke Verirrung angesehe, werden muß, welche an
2168 2420 3099 2459 die ärgsten Erzeugnisse des längst überwundenen
2166 2457 3094 2510 Naturalismus erinnerte, abwohl auch hier eine ge¬
2153 2505 2878 2549 wisse Kunst der Darstellung frappierte.
2210 2523 3100 2575 Auch ein paar Dramen junger Autoren Lonnte
2159 2574 3100 2619 man # dieser Woche horen: „Die Gibichunge",
2167 2607 3094 2657 eine Sippe Tragödie von Wulf Bley, wurde
2159 2646 3089 2687 vorfeiehen, und zwar wirkungsvoll von Editl
2155 2693 3101 2737 Miese und Willy Steppuhn vom Potsdamer
2705 2727 3093 2774 das zur Zeit der
2155 2722 2701 2770 Schauspielhaus, ein Drama,
2136 2767 3096 2819 Völkerwanderung spielt, wohl ein wirkungsvoll ge¬
2167 2806 3100 2850 bautes Stück, das aber der S##uberung von allzu
2166 2839 3090 2889 Grausigem bedarf, ehe es auf die Bretter gelangen
2157 2882 2251 2927 kann
2208 2914 3102 2970 Ein anderes, ebenfalls ein Dramn nach histovi¬
2169 2953 3092 2999 schen Motiven, „Sodom und Gomorrha“ von
2166 2998 3092 3046 Bruno Böhm, #us an Stelle des verhinderten
2174 3032 3089 3088 Professors Ferdinand Gregory dessen Schüler Ger¬
2157 3067 3091 3118 bard Bünte vor. Auch da wird mancher Strich
2167 3116 3101 3159 notig sein, ehe die Bühne sich dieses Drama zu
2158 3149 3102 3197 eigen machen darf, was ihm wohl immerhin zu
2197 3203 3085 3273 Galt es in allen diesen Veranstaltungen Dichter
2157 3265 3090 3316 und Dichtungen kennen zu lernen, sso waren zwei
2169 3302 3085 3349 Autorenabende doch mehr in den Dienst der Unter
2164 3336 3101 3385 haltung gestellt. Der Witzblatt= und Kabarettdichter
2169 3377 3098 3425 Kurt Tucholskt las seine witzigen Chansons,
2160 3418 3091 3467 aber auch Prosasachen vor. Diese sind zumeist
2989 3456 3093 3509 Zwar
2171 3448 2939 3505 schwächer als die fein zugesbitzten Lieder.
2161 3498 3101 3544 fehlt allen diesen witzigen Chosen der große Zug
2159 3541 3093 3586 der Sative, allen der Wert des über den Tag hin¬
2173 3577 3086 3624 aus Belangreichen, aber man hört dem witzigen
2518 3610 3089 3660 hagen, bald heiterem Lachen zu,
2171 3614 2499 3668 Autor bald mit &#
2174 3645 3097 3703 selbst da. wo man innerlich nicht ganz ihm zustim¬
2175 3686 3093 3735 men möchte. Das ist, abgeseben von politischem
2162 3728 3094 3777 Witz, der einem unbequem ist, auch da der Fall, wo
2165 3763 3097 3816 die Pointe lediglich aus der Form ganz zufällig her¬
2164 3809 2325 3859 vorquillt.
2201 3841 3102 3890 Eine ganz andere Welt gaubert Rudolf Her¬
2172 3885 3099 3937 zog, der beliebte Erzähler und Festtagspoet, vor
2159 3914 3084 3969 die Seele der Hörer. Ein „Kunstagnteinde=Abend“
2168 3955 3098 4012 hatte ihm Gelegenheit gegeben, nach sieben Jahren
2173 3993 3097 4045 wieder einmal vor seinen Berliner Verehrern zu
2165 4040 3098 4081 erscheinen. Er las ein vaar Kapitel aus einem
2165 4075 3091 4127 demnächst erscheinenden Roman „Die Buben der
