3336 4352
276 122 372 205 11
968 116 1378 205 box 17/3
465 137 775 219 igen
559 1443 650 1505 380
1035 1452 1193 1511 Die Sch
559 1596 1158 1665 Wir müssen sie deshalb für un¬
572 1654 1157 1709 passend zur öffentlichen Besprechung
570 1733 1159 1786 drücke, in denen wir die Besprechung
573 1771 1160 1828 führen könnten, für den öffentlichen
565 1816 1042 1870 Gebrauch unschicklich sind.
575 1855 1153 1902 Physiologen, die ein technisches
566 1892 1161 1932 Wörterverzeichnis zu ihrer Ver¬
566 1922 1154 1978 fügung haben, finden keine Schwie¬
560 1971 1160 2017 rigkeit darin, und Meister der
563 2010 1154 2059 Sprache, die anständig denken,
561 2047 1159 2093 können volkstümliche Romane wie
565 2084 1160 2140 Zolas „Fécondité“ oder Tolstois
562 2128 1157 2181 „Auferstehung“ schreiben, ohne
571 2169 1153 2225 Lesern, die auch anständig denken
568 2205 1149 2253 können, das geringste Argernis zu
559 2244 1156 2291 bereiten. Aber der moderne Dutzend¬
569 2286 1154 2331 journalist, der solche Dinge niemals
561 2325 1155 2372 anders als in unflätiger Weise be¬
576 2359 1148 2414 prochen hat, kann zu einem Ehe¬
578 2393 1162 2461 cheidungsfall keinen einfachen
565 2444 1161 2496 Kommentar schreiben, ohne sich eine
562 2480 1152 2523 bewußte Schändlichkeit oder einen
561 2521 1150 2570 versteckten Witz zu leisten, die es
570 2549 1148 2609 unmöglich machen, seinen Kommen¬
562 2596 1135 2650 tar in der Gesellschaft vorzulesen.
622 2635 1054 2701 So spricht Bernard Sha#
1058 2659 1113 2735 Bb.
602 2770 1151 2851 Die Aschenbachs. Ein neutr
563 2829 661 2883 Name
714 2832 1088 2884 — Armin Gimmerthal
565 2863 1153 2919 eine erste Aufführung in Berlin
568 2909 1158 2958 durch die „Neue freie Volksbühne“,
564 2950 1157 2990 wahrscheinlich der mächtigen Pro¬
569 2991 1161 3046 paganda des „Kunstwarts“ zu danken,
569 3034 1157 3071 ein lauter äußerer Erfolg: nun
569 3069 1157 3111 hätte ich eigentlich die Pflicht, aus¬
573 3109 1155 3158 führlich zu begründen, warum ich
563 3150 1154 3193 dieses Bauernstück — es spielt zur
568 3181 782 3238 Abwechslung
944 3183 1152 3237 thüringischen
780 3184 933 3236 im
567 3226 1149 3272 Dialekt — trotz unleugbarer Tüchtig¬
569 3261 1163 3310 keit dennoch für eine keineswegs
557 3306 1153 3355 aufregende Angelegenheit halte.
570 3345 1154 3392 Aber ich tue es lieber nicht, ich will
569 3381 871 3437 nicht analysieren
875 3393 929 3424 —
976 3385 1164 3435 wozu dem
575 3421 1163 3483 Autor, der ohne Frage ein Mann
905 3463 1159 3513 Unangenehmes
560 3454 906 3512 von Taleni ist,
564 3500 1161 3545 sagen, da ich ihm doch sehr dankbar
566 3540 1160 3597 bin: ich schulde ihm ganz pracht¬
563 3580 1160 3629 volle schauspielerische Eindrücke.
562 3619 1153 3672 Was kann schließlich er dafür, daß
561 3656 1159 3722 der „Kunstwart“ mit seinen dra¬
1215 2300 1719 2377 Reinhardt engagiert, speite
1209 2362 1799 2410 verängstete gebrochene Greisin mit
1211 2401 1808 2460 feinster Charakterisierung, mit in¬
1210 2440 1794 2488 dividuellster Prägung, mit einer
1215 2475 1798 2526 vornehm=diskreten Kunst. In Paul
1221 2521 1799 2571 Wegener war gleich beim ersten Er¬
1214 2556 1799 2602 scheinen auf der Szene der Meister des
1216 2630 1799 2691 nicht die suggestive Persönlichkeits¬
1214 2675 1804 2721 atmosphäre: in diesem Künstler
1213 2717 1802 2772 scheint der seltene Zusammenklang
1216 2757 1804 2801 von hohem Können und starker
1207 2795 1795 2847 Individualität Wirklichkeit geworden
1213 2836 1798 2887 zu sein. Auf die höchsten Gipfel
1219 2874 1793 2925 ealistischer Darstellungskunst erhol
1223 2913 1800 2962 ich Hedwig Wangel, die sich mit
1213 2951 1808 3003 dieser Gestaltung dicht an die Seite
1210 2994 1807 3043 Else Lehmanns stellte. Wie sie
1216 3021 1794 3073 dieses Bauernmädel animalisch=erd¬
1225 3071 1797 3114 aft, üppige Kraft, Gesundheit und
1219 3110 1801 3155 Lachen, ein prächtiges Menschentier,
1217 3152 1802 3199 anlegt; wie sie als Frau nach und
1213 3189 1797 3241 nach immer bitterere, herbere Züge
1215 3225 1781 3273 in das Bild hineinzeichnet, bis e
1222 3265 1733 3320 zuletzt ganz Weh, Verzweiflung
1733 3261 1810 3320 ist:
1219 3306 1729 3356 die Töne des Schmerzes, die
1215 3345 1802 3397 zu Gebote stehen, ihr herzerschüttern¬
1219 3380 1703 3434 des Schluchzen und Weinen
1214 3422 1801 3471 war von bewundernswerter, hin¬
1219 3456 1808 3517 reißender Wahrheit und Intensität!
1222 3502 1802 3550 Und es mag auch dem Autor zu
1214 3540 1802 3593 Recht gesagt sein: es ist kein
1221 3572 1794 3632 schlechtes Verdienst, ein paar Fi¬
1215 3619 1809 3668 guren mit guten künstlerischen
1214 3661 1799 3718 Mitteln scharf und stark heraus¬
1871 809 2936 935 „Unsittliche Schriften.“ Eine umfangreiche Skrofsavegen
1818 863 2932 976 Verbreitung unsittlicher Schriften stand gestekp= vor irsten
1876 963 3056 1060 Strafkammer des Landgerichks I gegen die beiben Inhaber der Ver¬
1876 1013 3047 1093 liner Verlagsbuchhandlung Gericke u. Co. zur Verhandlung an.
1878 1048 3046 1129 Der Kriminalkommiffür Dr. Kopp hatte im Geschäft der Firma
1875 1094 3042 1166 zweimal Haussuchung abgehalten und dabei eine große Anzahl Bücher
1865 1131 3043 1207 und Bilder beschlagnahmt. Daraus war die umfangreiche Anklage
1862 1168 3045 1234 entstanden,die unter Ausschluß der Oeffentlichkeit ver¬
1864 1201 3040 1281 handeltwurde. Sehr lange Zeit nahm die Vernehmung
1863 1235 3039 1310 der Poklzeibeamten in Anspruch, die die Bücher aufgefunden hatten.
1860 1269 3052 1353 Daptk stellte es sich heraus, daß eine Verlesung der Schriften nicht
1865 1316 3044 1388 zukumgehen war, da ihr unsittlicher Charakter bestritten wurde. Zu
1850 1351 3039 1430 den beschlagnahmten Schriften gehörte unter anderem Artur
1859 1389 3039 1467 Schnitzlers „Reigen, Brantomes „Galanie Frauen des
1857 1418 3041 1506 18. Jahrhunderts“, „Amerika beim Erziehen“, ein amerikanischer
1855 1460 3042 1541 Tendenzroman, ferner etwa zwanzig französische Bücher. Justizrat
1854 1499 3033 1575 Dr. Rich. Wolff beantragte für die Angeklagten die Vertagung, da
1849 1532 3038 1623 das Material noch nicht gesichtet sei. Für die Verlagsfirma „Leip¬
1857 1576 3044 1646 ziger Verlag“ war der Schriftsteller v. Schlichtegroll und Rechtsan¬
1859 1617 3033 1695 walt Dr. Werthauer als Verteidiger erschienen, da der Verlag zwar
1855 1653 3030 1729 nicht angeklagt, aber an dem objektiven Verfahren interessiert ist.
1858 1684 3027 1767 Rechtsanwalt Dr. Werthauer beantragte, vier der beschlagnahmten
1859 1721 3032 1804 Werke zu verlesen, da es sich bei ihnen um Uebersetzungen von
1854 1760 3029 1836 Büchern handle, die in anderen Ländern als wissenschaftliche oder
1852 1796 3020 1878 Tendenzschriften anerkannt seien. Das Gericht beschloß die Ver¬
1844 1836 3029 1922 tagung der Sache. Ein neuer Termin soll in etwa zwei Monaten
1844 1879 3025 1956 anberaumt werden. Zu diesem Termin sollen alle in Frage kom¬
1845 1910 3018 1994 menden Schriften beigefügt und durch Verhandlung über den Inhalt
1846 1947 3018 2026 ihr Charakter festgestellt und dazu Professor Dr. Tobler zugezogen
1845 1983 3013 2082 werden. Vorher sollen sich die Mitglieder des Gerichts durch
1849 2021 2838 2108 das Lesen der Schriften mit dem Inhalt bekannt machen.
