3532 4224
58 3026 102 3078 3e
56 3069 102 3110 nd.
391 151 475 226 11
585 167 893 251 Reigen
596 1086 1074 1152 durot, wenn man
224 1134 1060 1193 ggrund des privaten Vorteils den Unter
247 1186 1069 1231 wegnehmen würde. Reichtum sei kein greif¬
265 1266 1074 1315 das Aprês, die Psycholegie der Liebestechnik
267 1302 1068 1349 und „Abbau"), ist das Wichtigere und Wesent¬
267 1348 1074 1402 vor allem: es ist der Humor, der wärmende,
246 1388 1070 1432 de Wiener Humor, der sich wie ein Mantal
244 1423 1068 1478 Plößen legt und uns vergessen läßt, daß unter
257 1469 1068 1510 e Dinge kaum verborgen sind, die das heile
247 1502 1075 1551 t und die Blicke zahlreicher Zuschauer nicht er¬
247 1543 1068 1606 s läßt sich gar nicht ausdenken, wie dieser
244 1573 1069 1653 eworden wäre, wenn ihn ein Berliner ge¬
257 1662 1070 1717 es denn nicht gerade die Erkenntnis von dieser
246 1711 1072 1766 kzilen Stuktur der Reigendialoge gewesen, die
246 1753 1072 1810 derstand gegen jede Realisierung auf der
245 1789 1076 1844 haerufen hat? Sicher war es so. Wir haben
288 1840 1065 1880 geglaubt, als daß es absolut unmöglich sein
289 1871 1075 1920 Szenen ohne Zerstörung ihres Wesentlichen
254 1913 1075 1962 klichkeit zu übertragen. Denn, so kalkulierten
246 1955 1067 2011 oben angedeuteten Zentralpunkt jeder Szene
274 1994 1071 2039 notgedrungen als undarstellbar vollständig
255 2038 1068 2080 dann aber hätte das Avant und das Aprös
258 2074 1072 2120 nmehr, da ihm ja die unentbehrliche psycho¬
249 2120 1077 2165 undlage fehle. Also müsse man gegen eine
274 2157 1070 2203 schon im Interesse des Dichters protestieren;
247 2199 1074 2246 kreits 1896/97 geschriebenen) Dialoge, in denen
244 2274 1071 2327 nerhin zu dem besten, was wir von Schnitzler
260 2319 1069 2357 das wollten wir, auch in Erinnerung an eine
260 2353 1070 2411 Aufführung der Szenen vor etwa zwanzi
269 2405 1070 2452 als fatales Nachspiel die Auflösung des Akade¬
256 2439 1069 2501 atischen Vereins gefolgt war, nicht gerne noch
254 2476 722 2535 etastet und entstellt sehen.
269 2502 1071 2568 haben wir kalkuliert und gerechnet. Aber die
251 2553 1068 2603 bar falsch. Und woran liegt das nun? Die Ant¬
251 2597 1070 2654 fach: es hat jemand diese Szenen, ohne ihren
245 2638 1070 2691 kter irgendwie zu verändern, noch einmal
250 2679 1071 2728 die Bühne gedichtet. Dieser jemand aber ist
249 2724 1061 2777 derer als die Regie. Oder sagen wir es gleich
258 2752 1065 2803 rner. Ich kann natürlich, da ich die aus¬
246 2799 1068 2861 ufführungen nicht kenne, nicht sagen, wievie
237 2837 1061 2897 egielat geistiges Eigentum der Frau Körne
260 2885 1065 2936 elbst angenommen, es wäre alles nur Kopie:
267 2911 1075 2974 an sich bleiht diselbe. Ihr Verdienst abex ist.
279 2969 1065 3010 alles Crotische ist so behandelt, daß es, ohne
252 3002 1063 3064 en, irgendwie erregend zu wirken, rasch vor¬
1092 158 1494 242 box 18/3
1113 1082 1330 1154 ungeführ "
1757 1075 3025 1163 ecnen Bron= Seite erfahrt die Mlaurs. Sig. . In der Sidt
1108 1116 2107 1187 getreide ausgewiesen werden, der notwendigste Ein¬
2147 1145 3157 1197 Fachausschusses der deutschen Binnenschiffahrt wurde
1109 1184 2114 1234 fuhrbedarf an Futtergetreide läßt sich auf etwa
2144 1184 3143 1234 über die Abgabe der Binnenschiffahrts¬
1102 1270 2100 1323 übergeht. Es tut, im dramatischen Sinn, seine Schuldig
2140 1268 3146 1324 führung Jumwerfen“ lassen, dem rate ich nur, sie sich
1106 1310 2115 1358 keit, weiter nichts. (Rein technisch wird das ganze geschickt
2141 1308 3144 1371 einmal ganz ohne Voreingenommenheit selbst anzusehen.
1097 1352 2108 1404 durch jedesmalige Verdunkelung der Bühne für wenige
2145 1355 2687 1419 Er wird mir dann recht geben.
1111 1394 2101 1441 Augenblicke und durch die Mitwirkung eines Schleiers be¬
2619 1376 3114 1459 Richard Braungart.
1107 1435 2107 1483 wirkt, der immer nur hann sichtbar wird, wenn das Un¬
1101 1474 2108 1516 darstellbare verdeckt werden soll.) Das Hauptgewicht aber
2367 1466 2924 1547 Kunst und Wissenschaft.
1098 1515 2103 1570 wird auf den Humor der Sache und auf möglichste Un¬
2231 1522 3145 1588 R. B. [Prinzregententheater.] Neu einstudiert:
1101 1555 2020 1614 beschwertheit der Darstellung und des Dialogs gelegt.
2145 1578 3153 1632 „Maria Stuart“ von Schiller. — Das Publikum
1172 1596 2104 1654 Man ist sich in jedem Augenblick nur der geistreichen
2141 1614 3159 1669 der Sonntagsaufführung, der ich beiwohnte, war offenbar
1110 1642 2108 1699 Ironisierung aller dieser von vielen so furchtbar tragisch
2151 1653 3141 1707 ehr ergriffen und durchaus zufrieden. Von mir muß ich
1100 1693 2112 1745 genommenen Dinge durch den witgen Spötter Schnitzler
2154 1708 3153 1750 o ziemlich das Gegenteil sogen. Und das tut mir der Dar¬
1099 1730 2106 1771 bewußt. Das rein Erotische ist schon nach den ersten
2157 1740 3142 1796 teller wegen, die sich gewiß redlich geplagt haben, leid;
1107 1770 2106 1818 Szenen fast vergessen, und man freut sich von da an auch
2143 1778 3153 1829 denn wäre einer von jenen vielen Zuf##denen berufen ge¬
1107 1809 2112 1857 in den gewagtesten Momenten rur noch der spielerischen
2145 1810 3153 1870 wesen, öffentlich zu urteilen, so stünde natürlich eine sehr
1100 1850 2110 1895 Anmut und der wienerischen, zuweilen leicht sentimen¬
2151 1866 3142 1912 chöne, bewundernde Kritik hier. Aber das Unglück für die
1107 1896 2108 1942 talen Grazie, mit der hier Typen aus allen Schichten der
2143 1911 3140 1958 Darsteller will, daß ich, der anscheinend einzige Unzufrie¬
1100 1927 2104 1977 Gesellschaft gleich Marionetten an Schnüren dirigiert wer¬
2144 1940 3145 1999 dene, öffentlich reden muß. So müssen sie denn das Mal¬
1110 1973 2101 2028 den. Alles das aber ist fast ausschließliches Verdienst der
2139 1975 3154 2034 heur in Gottesnamen hinnehmen. Ich kann nun mal
1106 2013 2103 2056 Regie, die sich in diesem Fall wirklich einmal als berufen
2143 2028 3144 2072 nicht anders; denn die Aufführung war wirklich wenig er¬
1110 2051 2115 2098 Nachschöpf. ein bewrort hat. Sie hat das unmöglich
2143 2066 3157 2113 baulich. Aber freilich: Herr Liebscher, ihr Leiter, ist
1104 2091 2112 2138 Scheinende möglich gemacht und uns die Steine, die wir
2148 2104 3141 2157 kaum voll dafür verantwortlich zu machen; denn er muß
1109 2133 2103 2179 schon zu schleudern gesonnen waren, mit sanfter Gewalt
2144 2140 3142 2192 mit dem Material arbeiten, das er zur Verfügung hat.
1108 2176 2106 2231 aus den Händen gewunden. Und es hätte nicht viel gefehlt,
2147 2180 3143 2236 Und es hat sich eben in diesem Falle wieder einmal ge¬
1101 2217 2102 2260 daß wir zum Schluß Lust verspürt hätten, anstatt der
2143 2219 3144 2275 zeigt, daß die Personalien des Schauspiels der Staats¬
1106 2251 1839 2310 Steine Blumen auf die Bühne zu werfen.
2138 2268 3147 2324 bühnen sich gegenwärtig in einem Zustand befinden, der
1176 2291 2109 2349 Die zehn Darsteller — die Damen Borkmann,
2146 2302 3151 2355 es überhaupt nicht gestattet, Stücke dieser Art so zu be¬
1102 2342 2102 2387 Bertram, Tiedemann, Nicoletti, Holm und
2146 2349 3141 2396 setzen, wie man es von einem Staatstheater verlangen
1096 2382 2100 2434 die Herren Weydner, Götz, Scharwenka, Wohl¬
2148 2387 3149 2435 muß. Ich gehe soweit, zu sagen, daß eigentlich nur Herrn
1105 2424 2105 2477 brück, Günther — hätten sicherlich solche Blumen¬
2135 2427 3145 2473 Jacobis Talbot in jeder Beziehung den echten Stil die¬
1102 2463 2113 2516 spenden verdient; denn sie haben ohne Ausnahme ihre
2146 2462 3148 2524 es Stückes hatte, einen Stil, der ihm immanent ist und
1098 2511 2104 2555 Sache gans reizend gemacht, jedes in seiner besonderen
2136 2512 3153 2559 an dem nicht ungestraft herumexperimentiert werden darf.
1103 2545 2105 2593 Weise und alle zusammen als gehorsame Werkzeuge eine¬
2137 2556 3154 2600 (Z. B. wird man die Verärmlichung der Instenierung, wie
1106 2593 2106 2638 mit Tackt formenden Regiewillens. Schade, daß man
2145 2591 3151 2645 sie nun auch hier durchgsführt ist, durchaus nicht immer
1099 2628 2107 2680 nicht jede Leistung einzeln analysiren kann. Es wäre eine
2143 2624 3156 2677 als einen Vorzug empfinden; ein Königsdrama ohne
1098 2667 1530 2726 Aufgabe, die sich lohnte.
2146 2669 3142 2722 königlichem Pomp ist nichts anders als eine Oper ohne
2138 2710 3142 2766 Musik.) Prl. Lenas Elisabeth ist in der Intention gewiß
1174 2714 2112 2760 Das wäre also, was ich über diesen Abend zu sagen
2144 2746 3149 2803 gut; aber es fehlen die äußeren Mittel, diese Intentionen
1102 2754 2101 2809 habe. Es ist ganz anders ausgefallen, als ich gedacht habe.
2139 2797 3151 2848 ganz zu verwirklichen. Frl. Herterich ist in keinem
1112 2789 2109 2844 Jedoch: die Wahrheit verlangt es so. Es gibt hier so gut
2138 2834 3141 2886 Augenblick etwas anderes als Frl. Herterich, und man
1105 2836 2101 2885 wie nichts, worüber man „von amiswegen“ entrüstet sein
2139 2879 3146 2927 wundert sich nur, sie im Kostüm der Stuart zu sehen, das
1107 2879 2101 2928 müßte, wenn man auch nicht gerade wünschen kann, daß
2135 2914 3145 2968 sie ja gut kleidet, aber leider noch keine wirkliche Stuart
1104 2919 2100 2963 die heranmachsende Jugend sich diese Szenen allzu genau
2133 2946 3147 3003 aus ihr macht. (Die gewiß immer noch zahlreichen
1108 2964 2106 3011 ansieht. Aber das ist nicht entscheidend. Und wer mir
1105 2999 2103 3049 etwa noch vorwerfen möchte, ich hätte mich durch die Auf¬
2133 2994 3158 3060 Freunde und Freundinnen der Frl. Berndl werden bei die¬
1643 3071 2708 3226 Mideiue Krte,
