3392 4416
187 149 764 208 der Arveitsgemeinschaft mit
189 187 763 245 n, besonders dem Katholischen
241 238 766 304 dem zusammen der Volks¬
193 288 767 357 hoffe: Die katholische Schule
195 331 523 399 Lauter Beifall.)
211 388 452 457 Dr. Seipel
196 484 757 560 rlande, sondern auch in anderen
197 550 755 602 ) dem Krieg und dem Umsturz,
187 589 768 643 obachtung machen, daß es eine
206 628 767 677 dennoch aber von manchen, die
203 667 763 718 des Schicksals die Macht in die
213 706 752 752 wird, als wären die Katholiken
191 747 764 793 r die man brutal hinweggehen
210 775 753 831 den letzten Wochen und Tagen
205 821 763 867 ein Beispiel davon erlebt, das
201 854 753 915 das Blut in Wallung bringen
193 891 322 940 nspiele:
235 928 752 993 unseres bodenständigen christ¬
189 974 755 1030 taufs schwerste verletzt durch
201 1022 752 1075 utzstückes aus der Feder eines
192 1068 254 1117 ig.
199 1082 755 1157 dieser Umstand sogar eine
189 1141 754 1194 em obersten Vertretungskörper,
217 1180 760 1233 ist als Anwalt dieses Stückes
186 1215 408 1270 etreten —
449 1222 752 1277 der Fasching ist
193 1250 747 1317 emokratie demaskiert
193 1293 748 1355 ffen jetzt zutage getreten, was
208 1338 747 1390 iß die Sozialdemokratie auf¬
204 1373 754 1429 achen muß, wenn es sich um
204 1415 749 1459 idischen Machenschaft handelt.
209 1449 755 1503 Judentum, das als notwendige
230 1489 748 1543 Antisemitismus hervorrufen
212 1525 747 1581 anmaßen, an der Spitze des
208 1563 751 1622 von deutscher Kunst zu reden,
198 1603 757 1653 e der deutschen Kunst zukommt
191 1635 742 1688 icht so sehr in der Technik, als
223 1677 743 1734 Kunstwerke. Präsident Seitz
199 1719 745 1780 teressante öffentliche Erklärung
199 1782 743 1862 en“=Aufführungen nicht um
195 1844 756 1919 beiterschaft handle. Er
808 119 1847 179 nen gee ne s Freilich
1884 148 1944 188 ein
816 172 1939 219 olches plattes Wort nicht. Wir glauben an ein objektives
812 204 1931 267 Sittengesetz, wir wissen, daß dieses nach Gottes Willen
801 248 1938 293 eingehalten werden soll, und wenn wir auch überzeugt sein
808 280 1931 339 können, daß niemand von den Unseren, außer, wenn es
816 318 1932 380 eine Pflicht sein sollte. sich zu informieren, in eine solche
809 354 1926 413 Schaustellung begibt, so dürfen wir es dennoch nicht zulassen,
801 396 1931 462 daß der Name der deutschen Kunst und die Ehre dieser Stadt
804 437 1483 504 so gröblich geschädigt werde. (Beifall.)
876 477 1154 542 Sie sehen also,
889 509 1931 582 vie notwendig es ist, daß unser bodenständiges christliches
878 569 1927 619 Volk sich nicht nur in den Kirchen und nicht nur zu flüch¬
879 614 1934 676 tigem Beisammensein zusammenfindet, sondern daß es sich
884 658 1931 728 so fest und stark organisiert, daß man es nicht mehr so be¬
877 697 1124 752 handeln kann.
879 745 1924 800 Man hat von seiten der Sozialdemokratie einen Dreh zu
811 773 1932 848 nachen versucht und die ganz Frage der „Reigen"=Aufführung
800 818 1875 884 hinübergespielt auf das Verfassungsgebiet. Wenn dem auch
1877 837 1921 883 so
806 863 1930 919 wäre, wenn es auch hier noch Zweifel aufzuhellen gäbe über
807 899 1922 955 en Sinn gewisser Vrfassungs estimmungen oder wenn hier
801 942 1932 994 wirklich noch eine Lücke in der Verfassung ist, uns berührt es
799 972 1924 1035 sonderbar, daß man gerade den „Reigen“ von Artur Schnitzler
804 1014 1921 1075 zum Anlaß nimmt, die Verfassung zu wahren. In Wahrheit
802 1053 1924 1111 hat unsere Regierung und insbesondere unser Bundesminister
811 1089 1918 1147 ür Inneres sich ganz korrekt verhalten: Er hat das Möglichste
796 1135 1927 1187 getan, die Verfassung zu wahren, aber auch die Autorität zu
807 1167 1916 1229 tützen, selbst in dem Fall, wenn sie in den Händen eines Reu¬
797 1211 1917 1268 mann liegt. Er hat lange zugewartet, Vorstellungen erhoben
792 1248 1924 1305 und in einem höflichen Briefe den Bürgeremister aufgefordert,
810 1285 1927 1338 elber Ordung zu machen, um ja nicht dessen Autorität oder
798 1317 1916 1384 Empfindlichkeit zu verletzen. Als aber all diese höflichen Mittel
799 1361 1922 1413 und sanften Aufforderung nichtsnutzten, da blieb ihm natür¬
793 1395 1913 1460 lich nichts anderes übrig, als zur Wahrung von Ordnung, Sitt¬
794 1434 1918 1493 lichkeit und Ehre unseres Volkes selber mit dem Verbote vor¬
791 1475 1921 1538 zugehen. Wie geht es nun einem Mann, einer Regierung und
808 1511 1920 1565 einer Partei, wenn sie unter aller Wahrung der gesetzlichenBe¬
805 1552 1908 1607 timmungen, mit aller Vorsicht und allem Langmut vorgeht?
798 1587 1907 1647 Sie werden angegriffen, begeifert und in den Kot gezerrt, aber
793 1626 1907 1691 sie werden sich das alles ruhig gefallen lassen können, wenn sie
789 1670 1909 1727 auf der anderen Seite sehen, daß das wirkliche österrei¬
788 1705 1909 1766 chische und Wiener Volk auf ihrerr Seite steht.
786 1745 1913 1809 (Zustimmung.) Wir können beschimpfi werden, aber nicht die
783 1782 1914 1840 Ehie des Beschimpften leidet darunter, sondern es büßen die¬
784 1816 1906 1882 jenigen die Ehre ein, die in diesem Falle als Beschimpfer auf¬
793 1862 1919 1933 reten. Wir brauchen also die große katholische Volksorgani¬
1988 133 3102 205 er in den zehen aee
1978 177 3111 247 ven seines Bestandes, besonders aber in den letzten
1974 215 3104 303 Jahren, diese seine Pflicht ganz erfüllt hat. Es freut
1974 264 3104 352 mich, sagen zu können, daß der Katholische Volksbund
1984 311 3107 399 dank der Opferfreudigkeit seiner Vorsteher und Grup¬
1977 368 3110 445 penleiter und dank der Solidarität seiner Mitglieder
1970 412 3107 496 wirklich große und aufopfernde Arbeit geleistet hat. Ich
1968 456 3100 546 erinnere nur an die große aufklärende Arbeit vor den
1971 503 3107 583 Wahlen und ganz besonders an den segensreichen Ver¬
1977 549 3104 640 auf der großen Katholikentage, welche in erster
1968 600 3105 686 Linie der Katholische Volksbund und seine Mitglieder
1972 657 3090 730 als größte und wichtigste Aufgabe empfunden haben.
1965 694 3086 776 Wenn der Katholische Volksbund bisher so große Auf¬
1965 744 3099 816 gaben erfüllt hat, darf ich wohl auch der Erwartung Aus¬
1969 793 3087 873 druck geben, daß dies auch in Zukunft so sein wird, und
1975 835 3089 930 r besonders in einem Punkte sich es zur Hauptaufgabe
1969 888 3095 972 stollen mag: den Kleinmut und die Verzagt¬
1975 938 3098 1016 eit in den Massen des katholischen
1971 984 3089 1067 Volkes, die leider überhand nehmen, zu ban'nen.
3036 1059 3068 1088 „
1968 1028 3000 1112 Ich bin überzeugt, daß er seine Aufgabe darin erbl
3012 1065 3086 1115 2
1958 1081 3091 1163 wird, mit dem wahren Gottvertrauen auch die feite
1969 1123 3082 1225 Zuversicht zur Wundermacht der sittlichen Cuergien im
1961 1168 2410 1239 Volke neu zu erwecken.
2149 1224 3083 1292 Wir Oesterreicher können nicht leben ohne die
2055 1267 3079 1350 Hoffnung und ohne die Zuversicht, daß Oesterreich
2055 1328 3085 1402 aus dem gegenwärtigen Fall und Elend auferstehen
2048 1375 3074 1438 wird in dem Augenblick, in dem die Katholiken
2048 1411 3075 1497 Oesterreichs in Ewigkeitswerten Kraft und Stütze,
2051 1461 3073 1548 Arbeitswilligkeit und Genügsamkeit finden. (Brau¬
2053 1506 2354 1568 ender Beifall.)
2048 1550 3079 1636 Mit dem Gelöbnis, daß die Mitglieder des Volks¬
1961 1584 3069 1688 bundes stets im Sinne und Geiste ihres Bischofs als
1955 1650 3068 1734 dessen treue Soldaten arbeiten werden, schloß hierauf
1949 1696 2139 1756 Präsident
2138 1701 3079 1786 Walterskirchen die eindrucksvolle
1952 1746 2206 1819 Kundgebung.
2023 1816 3063 1906 In der Vormittag im Saale der Bäckergenossenschaft abge¬
1957 1874 3063 1959 haltenen von den Delegierten der Ortsgruppen und Geschäfts¬
2229 2169 2511 2251 Nr. 44 (33)
2928 2183 3234 2269 Wien, Montag
2144 2282 3289 2356 stellen zahlreich besuchten Hauptversammlung erstatteten nach
2153 2325 3242 2389 den einleitenden Worten des Präsidenten Walterskirche
2150 2360 2665 2426 Generaldirektor Fried den
2568 2403 2892 2482 Tätigkeitsbericht.
2147 2442 3179 2539 Danach zählt der Volksbund 1236 Ortsgruppen, bezw.
2146 2505 3259 2577 schäftsstellen mit 123.818 Mitgliedern und 46.084 Teilnehmern
2152 2550 3252 2619 zusammen rund 170.000 Vereinsteilnehmern; 18 akadems#
2150 2587 3242 2645 gebildete Referenten arbeiten mit der Zentrale zusammer
2152 2625 3197 2691 eine wissenschaftliche Bibliothek mit über 8000 Bänden hehl
2137 2654 3274 2731 Verfügung, 118 Zeitungen und Zeitschriften aus den verschie¬
2141 2692 3275 2765 densten Lagern werden ständig bearbeitet. Für die katholische
2136 2731 3277 2808 Presse wurde eine durchgreifende Agitation entfaltet, weil die
2144 2770 3190 2836 katholische Presse eine der schärfsten und besten Waffen
3192 2794 3266 2848 im
2139 2809 3275 2881 Kampfe um die kaholische Weltanschauung und gegen die Geg¬
2145 2854 3281 2926 ner ist. Der Bericht erwähnt noch die veranstalteten Kurfe
2136 2884 3286 2974 deren größter der alljährliche soziale Kurs ist, die Rechtsaus¬
2139 2924 3262 2995 kunftsstelle, die Hinderaktion, durch die 1800 bis 1900 Kindern
2127 2964 3263 3023 zu einem Erholungsurlaub verholfen wurde, die Vertei¬
2129 3003 3257 3066 lung von Lebensmitteln, die Mitwirkung bei der christlichen
2137 3038 3261 3109 Kunststelle, der Veranstaltung der Volkshochschule, die Buch¬
2138 3078 3257 3150 handlung des Volksbundes, seiner Druckerei, seine Zeitschriften
2139 3122 3258 3182 und die Zeitungskorrespondenz. Der Generaldirektor schloß:
2136 3155 3254 3219 Wir haben nach unseren Statuten ein dreifaches Programm:
2132 3193 3263 3267 1. Schaffung einer allgemeinen Organisation des katholischen
2136 3231 3259 3303 Volkes in Oesterreich; 2. Arbeit für die Presse, Bekämpfung der
2128 3268 3245 3340 schlechten und Förderung der guten Presse; 3. Bildung des Vol¬
2124 3307 3247 3378 kes auf Grund unserer katholischen Ueberzeugung in staatsbür¬
2122 3351 3245 3419 gerlicher Hinsicht usw. Diese drei Punkte sind nicht gleichwertig
2127 3389 3251 3453 im Programm, der eigentliche Progsammpunkt unserer ganzen
2129 3424 3250 3492 Arbeit ist der dritte, die Bildung und Ertüchtigung unseresVol¬
2128 3460 3248 3533 kes. Die beiden anderen, Ausbau der Organisation und
2126 3500 3252 3573 Presse, sind zwei unerläßliche Stützen und Hilfsmittel. Mit der
2121 3538 3241 3615 Organisation und mit der Presse werden wir unser Ziel er¬
2112 3583 3248 3650 reichen, das kein anderes ist, als die Erneuerung un¬
2127 3616 3242 3685 eres Volkes im Sinne unserer katholischen
2125 3648 3240 3724 leberzeugung. Das ist unser letztes und unser höchstes
2121 3691 3245 3759 Volksbundziel: Ein katholisches Volk im katho¬
2114 3731 3250 3803 lischen Staate, ein tüchtiges Volk, das in jeder Hinsicht
2118 3768 3243 3858 seine Pflicht nicht bloß erkennt, sondern auch zu leisten und zu
2117 3811 2877 3880 erfüllen imstande ist. (Stürmischer Beifall.)
2535 3866 2819 3934 Abg. Kunschak,
2108 3920 2818 3986 stürmisch begrüßt, führte hierauf aus:
2175 3965 3237 4036 Wenn es z. B. möglich ist, daß aus einer Sache, die
2101 4008 3223 4072 eigentlich nur unter dem Gesichtswinkel des guten Geschmackes
2104 4045 3220 4114 entschieden werden kann, hochpolitische Affären sich entwickeln;
2102 4088 3224 4157 wenn es möglich ist, daß wegen der Aufführung eines Bordell¬
2098 4122 3225 4192 stückes (Pfuirufe) die ärgsten Aufregungen in die obersten Ver¬
2096 4166 2730 4250 #ngern
2814 4176 2871 4242 1
