3392 4352
789 57 1916 105 schwer gegen das Volk von Wien versündigt habe. Es ist ge¬
783 91 1910 149 radezu unglaublich, daß dieses Stück, „Der Reigen“, das nichts
785 131 1921 194 anderes ist als eine Konzession an die Gailheit eines auswärtigen
783 171 1916 232 Schieberiums, in Wien aufgeführt werden dürfe und daß entgegen
785 223 1909 274 allen Einsprachen der Bürgermeister von Wien als Landeshaupt¬
792 266 1917 311 mann ein derartiges Stück schützt. Wir erheben flammenden
785 298 1916 360 Protest gegen dieses Vorgehen, das die Würde und die Ehre
784 347 1910 392 deutscher Frauen auf das tiefste verletzt. Wir Frauen von Wien
779 386 1907 438 begrüßen es von ganzem Herzen, daß die Regierung den Mut
786 433 1912 477 gehabt hat, diesem Skandal Einhalt zu bieten und wir verlangen
786 476 1917 532 vom Landeshauptmann, daß er sein Verhalten hier rechtfertige.
785 506 1907 559 (Fortgesetzte stürmische Zwischenrufe der Sozialdemokraten, aus
783 551 1908 599 denen man immer wieder die Worte heraushört: Melbinger¬
780 592 1909 647 Moral! Hier handelt es sich um die Verteidigung der Autonomie.)
783 635 1911 686 Der Landeshauptmann wird sich hier rechtfertigen müssen, wie er
784 675 1913 724 dazugekommen ist, dem ganzen Volke von Wien Trotz zu bieten.
784 716 1918 773 (Mit erhobener Stimme:) Hüten Sie sich und spielen Sie nicht
791 761 1913 831 mit dem Aeußersten. Es gibt eine Gewalt, die sich stärker erweisen
789 796 1009 852 wird als Sie
871 828 1904 892 Pachdem Gemeinderätin Motzko ihre Rede geschlossen, ent¬
785 874 1913 935 steht vor den Bänken der Christlichsozialen ein heftiger Meinungs¬
785 927 1903 972 austausch zwischen der Gemeinderätin Kramer und einigen
792 958 1914 1023 christlichsozialen Gemeinderätinnen, die ihr zurufen: „Pfui Teufel,
787 1000 1902 1052 das will eine Lehrerin sein, schämen Sie sich, den Schmutz für das
785 1041 1262 1096 Dirnentum zu verteidigen“.
866 1085 1912 1148 Gemeinderat Kunschak (christlichsozial) beginnt seine
780 1118 1911 1191 Rede unter heftigen und lauten Zwischenrufen und meint, daß
780 1171 1918 1218 es bezeichnend sei, daß die Aufführung eines Schaustückes, das Sau¬
786 1212 1909 1266 stück genant werden könne, Anlaß zu Weiterungen zwischen den
777 1260 1912 1312 Parteien geben kann. Nicht nur die Bevölkerung Wiens, sondern
773 1301 1919 1355 auch die Bevölkerung anderer Städte und auch die Bevölkerung
781 1344 1922 1408 des Deutschen Reiches haben die Aufführung des „Reigen“ ab¬
779 1393 1917 1446 gelehnt. Wenn schon der Friedensvertrag den Anschluß Oester¬
782 1442 1913 1492 reichs an das Deutsche Reich untersage, so sei doch nicht ver¬
780 1477 1912 1550 boten, daß sich Oesterreich in sittlicher und kultureller Beziehung
782 1519 1384 1583 an das Deutsche Reich anschließe.
860 1559 1922 1620 Während der Rede des Gemeinderates Kunschak dauern
778 1609 1910 1659 die Zwischenrufe an und von seiten der christlichsozialen Ge¬
774 1660 1919 1724 meinderäte wirft man dem Vorsitzenden Präsidenten Schorsch
783 1697 1639 1754 vor, daß er dem Redner nicht Gehör verschaffe.
869 1739 1920 1802 Vorsitzender Schorsch: Der Gegenstand der Tages¬
782 1793 1914 1845 ordnung behandelt etwas, was, wenn der Antrag richtia
778 1827 1918 1891 ist, die Autonomie des Landeshauptmannes verletzen soll. Ich
782 1885 1696 1933 ersuche die Herren, den Redner sprechen zu lassen.
864 1907 1920 1976 Gemeinderat Kunschak: Was den Antrag betreffe, so
775 1945 1921 2008 habe er seine treffendste Charakterisierung durch den Vorsitzenden
786 2004 1913 2062 selbst gefunden, der die Worte gebraucht hat, wenn das richtig
782 2042 1917 2100 ist, was im Antrage behauptet wird, so können wir uns ruhig
776 2099 1919 2153 auseinandersetzen. Diesen Worten könne man beipflichten, denn
779 2135 1921 2186 ob das, was der Antrag ausspricht, richtig ist, könne im Augen¬
776 2183 1921 2231 blicke nicht entschieden werden. Redner beantragt daher, den
781 2225 1910 2284 Sachverhalt zu prüfen und dem Gemeinderat darüber Bericht
782 2270 1009 2341 zu erstatten.
783 2338 1918 2396 Erklärung des Landeshauptmannes Renmann.
874 2389 1917 2447 Landeshauptmann Reumann bedauert es, daß der
777 2441 1918 2495 Anlaß zu dieser Debatte über ein wichtiges Verfassungsrecht die
792 2491 1915 2537 Ursache in der Aufführung des „Reigen hat. Er hätte ge¬
789 2518 1921 2575 wünscht, daß ein wichtigerer Anlaß dazu Gelegenheit gegeben
782 2566 1902 2620 hätte. Da nun diese Frage so vom Zaune gebrochen wurde, so
779 2619 1904 2666 müsse er vor allem darauf verweisen, daß in den verschiedensten
790 2660 1912 2730 Tingel=Tangels die Sittlichkeit verletzt werde. (Zustimmung bei
791 2700 1198 2766 den Sozialdemokraten.)
875 2740 1919 2804 Die christlichsozialen Gemeinderäte machen zahlreiche
780 2766 1007 2854 Zwischenrufe.
860 2828 1919 2879 Landeshauptmann Reumann: Denken Sie nur an den
783 2867 1918 2927 Wimberger. Die Erinnerung an die Madame Aschanti ist Ihnen
786 2920 1919 2986 sehr zuwider. (Zustimmung bei den Sozialdemokraten. Heftige
788 2958 1375 3028 Gegenrufe der Christlichsozialen.)
871 2993 1921 3062 Reumann fortfahrend: An mich ist die Frage gestellt
786 3042 1918 3099 worden, warum ich die Aufführung des „Reigen“ gestattet habe.
785 3092 1911 3150 Der Zensurbeirat hat gegen die Aufführung nichts ein¬
777 3129 1915 3196 gewen et. Der ehemalige Vizeprösident der Statthalterei Tins
783 3188 1910 3234 und Hofrat Glossy haben dagegen nichts eingewendet und nun
787 3222 1912 3271 verlangt man von einem Sozialdamo'raten als Landeshaupt¬
799 3260 1920 3316 nann, der ein Gegner der Zensur überhaupt ist, daß er die Auf¬
796 3305 1911 3357 führung verbieten solle. (Rufe bei den Sozialdemokraten: Sehr
793 3349 1925 3407 richtig!) Kein Skandal der Welt wird mich dazu
791 3391 1912 3455 bringen, daß ich die Aufführungen des
781 3433 1235 3495 „Reigen“ verbiete.
880 3472 1920 3529 Gemeinderat Wawerka (christlichsozial): Zusperren die
793 3509 1046 3583 Schieberlokale
870 3534 1927 3623 Gemeinderat Preyer (christlichsozial): Wir lassen uns
779 3599 1268 3674 dieses Stück nicht gefallen.
2649 3 2947 84 en
1953 74 3075 125 großen Teile von Zwischenrufen der christlichsozialen Gemeinderäte
1960 115 2953 161 begleitet war, steigern sich die Gegenrufe immer mehr.
3018 118 3081 164 Die
1964 154 3074 212 Sozialdemokraten applaudierten dem Bürgermeister am Schlusse
1961 193 3080 242 seiner Rede lebhaft. Es werden Rufe laut: Nieder mit der Re¬
1963 241 2376 290 gierung! Abzug Glanz!
2032 275 3079 333 Gemeinderat Kunschak (christlichsozial): Der Herr Landes¬
1954 317 3076 379 hauptmann hat als stärkstes Argument zum Schutze der Ehre
1954 363 3077 422 der Gemeinde Wien es nicht gegen seinen Geschmack gefunden,
1953 407 3068 449 auf einen Fall zu verweisen, der sich vor einem Vierteljahr¬
1963 449 3072 498 hundert in Wien ereignet hat und in dem er einen Mann
1955 487 3081 533 genannt hat, über dessen Leib schon seit 15 Jahren der Rasen
1956 532 3065 574 liegt. Der Herr Landeshauptmann hat es mit seinem Geschmack
1960 573 3072 625 vereinbarlich gefunden, dies Argument zu gebrauchen, obwohl
1957 614 3083 657 er wissen mußte, daß der Mann, der das erstemal dieses Argument
1953 655 3071 699 gegen den verstorbenen Abgeordneten Gregorig gebrauchte, vor
1962 693 3076 739 dem Gerichte in Wien als Verleumder mit mehrmonatiger
1955 735 3081 786 Kerkerstrafe bestraft wurde. (Lebhafte Pfuirufe und Rufe: So
1955 780 3073 829 ein Landeshauptmann, Leichenschändung ist das! bei den Christ¬
1952 818 3083 871 lichsozialen.) Ich habe dieser Feststellung nichts hinzuzufügen
1957 860 3082 907 und überlasse es dem Herrn Landeshauptmann, sich selbst darüber
1948 899 3075 952 ein Urteil zu bilden, wie ein Mann sich erniedrigt, der in solcher
1940 936 3071 1001 Etellung von so niedrigen Mitteln Gebrauch macht. (Lebhafter
1971 979 2899 1038 eifall und Händeklatschen bei den Christlichsozialen.)
2032 1019 3073 1066 Der Antrag des Abgeordneten Kunschak wird sodann
1949 1064 3073 1117 von der Mehrheit abgelehnt, der Antrag Speiser mit
1962 1097 3078 1159 genügender Mehrheit der geschäftsordnungsmäßigen
1960 1134 2469 1202 Behandlung zugewiesen.
