3532 4224
381 138 515 222 11.
1084 141 1494 231 box 18/3
568 156 884 245 Reigen
541 400 1671 460 *# Vorsichtsmaßregeln für Schnitzlers „Reigen“. Die bis
490 452 1658 510 herigen Leipziger Kammerspiele werdels, i ünser Korresponden
492 499 1669 554 meldet, als Filiale des Leipziger Schauspielhauses am 22. Janual
484 540 1658 592 unter dem Namen „Kleines Theater“ mit Schnitzlers „Reigen“ nei
483 586 1656 629 eröffnen. Durch die Berliner Vorgänge gewitzigt, hat die Direktion
482 625 1654 676 folgende Vorsichtsmaßregeln getrofsen: Sie veranstaltet die Auf
482 668 1668 716 führung des „Reigen“ nur als geschlossen. und verlangt von jeden
492 709 1659 760 Besucher oder von einem die Eintrittskarten in Empfang nehmender
497 757 1660 805 Vertreter die handschriftliche Unterzeichnung folgender Erklärung
494 786 1662 850 „Die Unterzeichneten erklären, daß sie freiwillig die Aufführung de
486 845 1656 888 „Reigen“ besuchen, gegen den Inhalt der Szenen keine Einwendun
481 887 1654 934 erheben, und verpflichten sich, die von ihnen gelösten Karten nur fü
484 918 1655 977 sich zu verwenden oder nur an gleichgesinnte Personen, nicht unte
485 965 1653 1018 achtzehn Jahren, weiterzugeben.“ Diese Idee ist sicherlich eriginell
483 1009 1360 1074 und man kann auch sagen, daß sie nicht dumm ist.
557 1052 1477 1110 Wissenschaftliche Nachrichten. Zum Rektor der
1482 1042 1655 1121 Königs
481 1095 1666 1148 beiger Universität wurde Geheimer Medizinalrat Professor Di
480 1130 936 1183 Max Matthis gewählt.
534 1167 1657 1226 Professor Ferdinanh Josef Schneider von der deutschen Universitä
494 1209 806 1260 in Prag wurde di
1310 1211 1407 1254 gessors
1045 1205 1158 1261 Gen
1478 1206 1651 1259 Unger nac
744 1214 852 1285 Scht
481 1241 741 1290 Zürich erledigte
1046 1215 1654 1306 wieren Gäni. Arate sund viterat¬
484 1281 1139 1341 an der Untversität Halle übertragen.
1150 1416 1501 1552 16. 1. 1921
491 1731 1567 1821 Das Kleina Theater in Leipzig, hervorgegangen
438 1795 1559 1853 aus den ehemnaligen Leipziger Kammerspielen, das am ### ds.
431 1839 1557 1897 unter Fritz Viehweg, dem Direktor des Leivziger Schauspiel¬
430 1870 1559 1946 hauses, mit Schuitzlers „Reigen“ eröffnet werden, wird,
429 1910 1561 1995 hat sich offenbar auf Schwierigkeiten hin entschlassen, ¬
438 1953 1606 2030 karten für die „Reigen“=Aufführungen nur gegen #o###e E1=8.
440 1992 1564 2072 klärung auszugeben: „Die Unterzeichnetengerkla#daß sie frei¬
437 2034 1564 2089 willig die Aufführung des „Reigen“ bese#hen den Inhalt
422 2067 1565 2142 der Szenen keine Einwendungen erhe####lichten sich, die
428 2112 1565 2178 von ihnen gelösten Karten nur für sich #wenden oder nur
423 2150 1547 2219 an gleichaesinnte Personen. nicht unter 18 Jahren, weiterzugeben.“
476 2193 1565 2267 = TAus den Frankfurter Theatern.! Die Direktion dir
583 2275 1591 2356 der Alberk=Theater=A.=G. mit Hypotheken und an¬
577 2346 1208 2415 deren Schulden geht ins Große.
648 2381 1591 2448 Das klassische Lustspiel der Weltliteratur. Man
582 2427 1579 2485 schreibt uns aus Halle a. S.: Das hiesige Stadttheater
594 2456 1586 2517 will einen Lustspielzyklus veranstalten, der d#s klassische
594 2500 1580 2554 Lustspiel zu der Weltliteratur umfassen soll, einep Auf¬
589 2543 1593 2598 führungsesz## von Aristophanes bis Lessing. Man be¬
596 2571 1595 2631 gann mit ein Aufführung der „Lysistrata“ des ##
598 2610 1579 2676 stophenes in d###arbeitung von Leo Greiner. ##
597 2645 1592 2703 sorgfältige Vorberkit# der Aufführung durch den Ober¬
596 2681 1585 2739 spielleiter Dr. Gr##### die vorzügliche Wiedergabe der
595 2719 1597 2797 Hauptrollen brachteh eswege, daß ein gut Teil der
584 2759 1590 2826 tollen ausgelassenheilWie die= Lomödie von Arkstophanes
592 2793 1189 2861 auszeichnet, auf der Bu####ers
652 2819 1595 2892 Sohnitzlers „Reigen“ Kar ge##n schriftlichen Re¬
580 2864 1599 2935 vers. Uns wird aus Leipzig####hrichen: Das Kleine
590 2898 1595 2973 Theater, hervorgegangen aus odenligen Loip¬
591 2949 1590 3006 ziger Kammerspielen, das am 22. Januar## J. unter
587 2982 1586 3042 Fritz Viehweg, dem Direktor des Leipziger Schauspiel¬
597 3023 1589 3077 hauses mit Schnitzlers „Reigen“ eröffnet werden wird, hat
600 3053 1591 3113 sich offenbar auf Schwierigkeiten hin entschlossen, Eintritts¬
607 3094 1596 3150 arten für die „Reigen“=Aufführungen nur gegen folgende
586 3129 1591 3191 Erklärung auszugeben: „Die Unterzeichneten erklären, daß
597 3174 1589 3226 sie freiwillig die Aufführung des „Reigen“ besuchen, gegen
605 3201 1594 3267 den Inhalt der Szenen keine Einwendungen erheben und
592 3238 1605 3295 verpflichten sich, die von ihnen gelösten Karten nur für
589 3275 1603 3339 sich zu verwenden oder nur an gleichgesinnte Personen,
597 3317 1264 3383 nicht unter 18 Jahren, weiterzugeben.“
608 3357 1590 3431 Otto Zareck, der Dramatura der Münchener Demc¬
516 3441 1538 3510 den 1813 erschienenen „Vaterlandischen Gedichten in
444 3480 1286 3558 Reihe der Arndt, Schenkendorf und Rückert.
554 3519 1522 3605 Scmitzlers „Reigen“ nur gegen Verpflicht
446 3565 1599 3629 schein. Aus Telzigw##d=g#schrieben: Das Kleine Tha#e her¬
453 3619 1602 3667 vergegangen aus den ehemaligen Leipziger Kammerspfelen, das
450 3656 1604 3708 am 22 Jänner d. J. unter Fritz Viehweg, dem Direhkog des
454 3686 1603 3744 Leipziger Schauspielhauses mit Schnitzlers O=Reigen“ deköffnet
443 3719 1612 3790 werden wird, hat sich offenbax auf Schwierigkeiten hinzentsch6
451 3767 1608 3833 sen, Eintrittskarten für dies „Reigens=Aufführunger gegen
448 3812 1597 3878 folgende Erklärung auszugeben:Die Unterze##en erklären,
446 3831 1599 3897 daß sie freiwillig die Auf###ng des „N# besuchen, gegen
442 3870 1598 3941 den Inhalt der Szene#####e Einwendungen erheben und ver¬
443 3927 1598 3986 pflichten sich, die von ihnn gelösten Karten nur für sich zu ver¬
450 3961 1595 4018 wenden oder nur an gleichgesinnte Personen, nicht unter 18 Jah¬
451 4013 804 4066 ren, weiterzugeben.“
545 4045 678 4094 Wrer.
1630 3700 1747 3846 7
1651 1953 1817 2048 l. 192
1731 3791 1847 3900 79
2083 397 2356 575 Nr. 22.
3073 474 3278 561 Leipzige
2016 580 3158 678 „Stimmen aus dem Leserkreise.
2210 666 3022 742 [Schnitzlers „Reigen in Leipzig.]
2047 735 3257 791 Als ich vor etwa 20 Jahren Schnitzlers „Reigen“ las, hielt ich es für
1973 773 3262 833 ausgeschlossen, daß ein Theaterleiter eine Aufführung dieser Szenen
1985 815 3254 871 wagen werde. Ich sagte mir: eine Schamlosigkeit, die den
1986 865 3253 924 Unzuchtsakt zehnmal zu nahezu handgreiflicher Gegenwart auf
1983 902 3257 960 die Bühne bringt, sei keinem Theaterleiter zuzutrauen. Heute
1972 946 3252 1017 ist — dank den Bemühungen zahlloser Bühnendichter und Bühnen¬
1970 991 3251 1041 leiter um Ausmerzung des Schamgefühls — die Abstumpfung des sitt¬
1974 1034 3244 1096 lichen Empfindens unb zugleich — dank vor allem der expressionistischen
1980 1076 3240 1135 Kunst .— die Verrohung des künstlerischen Geschmacks so weit gediehen
1972 1120 3246 1185 daß ein Theater ben traurigen Mut hat, sich am Tage
1967 1168 3252 1224 seiner Eröffnung durch Schnitzlers pornographische
1973 1210 3249 1266 Skizzen die Weihe zu geben. Ich frage: Ist es wirklich ein
1976 1253 3242 1306 veralteter Standpunkt, wenn erwartet wird, daß sich der Theater¬
1972 1294 3242 1357 leiter die ungeheure. Verantwortung vor Augen
1977 1340 3241 1399 halte, die er der Volksseele gegenüber trägt?
1969 1384 3247 1442 Es ist ein gerabezu grauenhafter Gebanke, daß die nichtswür¬
1972 1424 3241 1487 dige Unzuchts=Feinschmeckerei, aus der Schnitzlers Stück hervorgegangen
1970 1470 3254 1529 ist, Abend für Abend in Phantasie und Fühlen zahlloser Zuhörer hin¬
1970 1508 2165 1576 überströmt.
2028 1536 3238 1610 Wenn Nietzsche von „Umwertung der sittlichen Werte“ redet, so meint
1972 1599 3250 1661 er damit Umwertung nach oben hin; Umwertung im Sinne tapferer
1975 1643 3240 1688 Selbstüberwindung, immer steilerer Aufgaben, immer härterer Selbst¬
1969 1683 3235 1742 zucht. In unseren Tagen bebeutet „Umwertung“ meistens Umwertung
1974 1735 3240 1789 nach unten hin: nach der Richtung des Tierischen; und zwar nicht
1976 1776 3237 1831 einmal des Gesund=, sondern des Erkrankt=Tierischen. Ein Theater, das
1972 1813 3240 1871 seine Vorstellungen mit Schnitzlers „Reigen“ beginnt, stellt sich hiermit
1970 1862 3249 1922 programmatisch in den Dienst der Umwertung der sittlichen Werte in dem
1974 1896 2428 1956 schlechtesten Sinne.
2044 1936 2642 2020 Leipolg, den 18. Fanuar 1921.
2559 1974 3191 2049 Professor Johannes Bolkelt.
2191 2432 2913 2531 Theaterzeilung.
2155 2529 2936 2629 Vorsichlsmigßregeln für Schnihlers
2160 2598 2266 2683 21.
2424 2599 2683 2681 „Reigen“.
2192 2654 3033 2751 Aus Leipzig wird geschlieden: Die bis¬
2067 2713 2920 2778 herigen Leipziger Kammerspielewerden
2072 2769 2936 2815 22. Jänner mit Schnitzlers „Reigen“ neu
2067 2811 2950 2875 öffnen. Durch die Berliner Vorgänge gewitzigt,
2960 2815 3034 2868 hat
2071 2855 2924 2913 die Direktion folgende Vorschtsmaßregeln
2966 2859 3030 2916 ge¬
2061 2900 3029 2955 troffen: Sie veranstaltet die Aufführung des
2070 2946 3036 3004 „Reigen“ nur als geschlossen und verlangt von
2077 2982 3020 3044 jedem Besucher oder von einem die Eintrittskarien
2070 3031 3030 3099 in Empfang helr###den Vertreter die hand¬
2078 3066 3028 3120 schrif##l#ee Unterzeichnung folgender Er¬
2069 3111 3017 3174 klärung: „Die Anterzeichneten erklären, daß sie
2066 3155 3018 3219 freiwillig die Aufführung des „Reigen“ besuchen,
2072 3208 3018 3255 gegen den Inhalt der Szenen keine
2068 3245 3013 3304 Einwendung erheben, und verpflichten
2060 3280 3024 3357 sich, die von ihnen gelösten Karten nur für sich zu
2067 3336 3012 3392 verwenden oder nur an gleichgesinnte Personen
2064 3381 3023 3450 nicht unter achtzehn Jahren, weiterzugeben.“ Diese
2073 3420 2569 3490 Idee ist sicherlich originell.
2068 3502 3035 3595 Die große Grillparzer=Ausgabe der Stadt
2475 3569 2631 3657 Wien.
2171 3639 3029 3701 Dem Vernehmen nach, wird sich der Stadtsenat
2066 3693 3024 3747 demnächst mit den von der Verlagsfirma
2068 3740 3023 3791 Gerlach & Wiedling verlangten Zuschußkrediten für die
2069 3782 3039 3848 in Vorbereituna befindlichen sieben neuen Bände
