3392 4256
291 67 804 189 11. Reigen
982 69 1392 175 box 18/1
1398 778 1786 878 Erfrorener Frühling
2154 782 2247 883 141
929 898 2240 972 einreißenden sinlichen Tiefstandes nachdrücklichst vorgeführt.
935 935 2238 1029 Es wird gezeigt, wie durch einen unedlen und unvollkommenen
922 994 2238 1078 Genuß des Augenblickes gedankenlos und würdelos zu Boden
940 1058 2235 1136 getreien wird, was der Menschheit das Heiligste sein sollte.
927 1108 2238 1176 Die Wiederholung der nämlichen Redewendung seitens der
936 1167 2240 1240 nämlichen Person bei zwei verschiedlenen Anlässen und die
935 1214 2235 1299 Wiederkehr solcher Wendungen bei verschiedenen Personen in
924 1266 2235 1349 ähnlicher Lage kennzeichnen ireffend jenen Mangel an Eigenart
933 1322 2228 1411 und Selbständigkeit, auf dem der geringe Persönlichkeitwerth
930 1380 2228 1446 des Durchschnittsmenschen unserer Zeit beruht. Diese Ent¬
929 1423 2224 1514 würdigung des Geschlechisverkehrs zur Allläglichkeit, zur
923 1478 2221 1541 Laune, zum Leichtsinn, zum Abenteuer, dies Fehlen jeder gro¬
925 1530 2229 1602 Ben, tiefen, sittlich begründeten, echten, edlen Leidenschaft
926 1585 2223 1668 wirken erschütternd, weil sie auf richtiger Beobachtung beruhen.
1023 1648 2217 1721 Inmitten der einzelnen Bilder, wenn zur Andeutung der
930 1686 2221 1792 sich vollzieirenden Vereinigung der Vorhang auf wenige Sekun¬
927 1755 2224 1822 den sich schließt, und zwischen den einzelnen Bildern erfönt
926 1804 2217 1889 eine Musik von Celesia und Cello oder Geige und Flöte. Diese
920 1859 2217 1949 Musik lehnt sich an keine Kunsiform an und ist dazu bestimmt,
917 1915 2225 1996 mit ihren erotischen Phrasen die Stimmung festzuhalten, die
915 1969 2221 2062 in dem Augenblick herrschi, in dem der Vorhang den Fortgang
921 2014 1537 2080 der Handlung verhüllen soll.
1009 2072 2221 2153 Die Wirkung der Aufführung soll nach der erklärten Ab¬
915 2138 2220 2202 sicht der Antragsgegner gipfeln in der Erzielung eines sittlichen
920 2175 2202 2268 Ekels vor dem Tiefstand der Haltung weitester Bevölkerung¬
918 2247 2216 2317 schichten auf dem Gebiele des Geschlechtslebens. Auf diesen
925 2283 2214 2376 Erfolg ist jede Einzelheit berechnet. Dieser Erfolg wird bei je¬
919 2339 2210 2429 dem reifen, gebildeten Zuschauer auch erzielt. Vor Allem be¬
913 2405 2214 2469 ruht diese Wirkung auf der ernsten Hingabe der Antragsgegner
913 2445 2211 2517 an ihre Aufgabe und auf ihrer überlegenen Kenntniß der Wir¬
917 2504 2200 2572 kung der szenischen Darstellung. Auch mag die Benutzung des
916 2554 2215 2643 von Max Reinhardt verfaßten Regiebuches ihnen werthvolle
903 2607 2205 2698 Dienste geleistet haben. In der zweiten vom Gericht besich¬
912 2671 2209 2747 tigten Aufführung verloren im vierten Bilde der weibliche Theil,
917 2719 2215 2804 im neunten Bilde beide Theile die Haltung, indem sie gerade
908 2777 2202 2852 an Stellen von entscheidender Bedeutung ohne jeden Zusam¬
902 2823 2205 2919 menhang mit ihrer Rolle in den Zuschauerraum hineinlachten.
903 2878 2207 2960 Es ist kennzeichnend für den hohen Stand der Aufführung, daß
903 2932 2193 3002 durch diese an sich sehr bedauerlichen Entgleisungen der Ge¬
906 2984 2209 3082 sammtwirkung kein Abbruch geschah. So bedeutet diese
895 3040 1787 3110 Aufführung eine sittliche That.
994 3090 2205 3167 Es bestcht zwar die Gefahr, daß der Reigen auf unreife
913 3139 2210 3245 oder unzitreichend gebildete oder schlecht erzogene ’oder sitt¬
