3392 4448
1024 73 1440 180 box 18/1
328 64 844 178 11. Reigen
582 1768 846 1853 Bezugepreis
364 1834 1087 1925 auschaflich 7,20 IIik., olerteljührlich 72.50 Ec.
3247 1847 3404 1925 Anzeg
513 1886 943 1964 die Peal in ganz Deutschlens.
3110 1872 3363 1957 Kereigen die ein
3103 1937 3353 1992 A.— Mark und ##
362 1921 1080 2036 Ferurprecher: Rmt Dorden Nr. 11010, 11021. 11618.
3041 1972 3362 2038 Kosumeseile 20.—flik.
1257 1780 2834 2079 National=Zeitung
392 1998 1048 2075 Geschdllsstelis: Schlllbenerdumm 19.
3201 2020 3363 2092 Hnzeig
3033 2063 3368 2152 Schlllbanerdamm 19 u. 1
396 2048 1048 2158 Einzelnummer 30 Pfg.
1161 2059 3360 2210 73. Jahrg. Donnerstag, 23. Dezember 1920 Nr. 286 Einzelnun
336 2424 1158 2544 Der Diaem
1390 2340 1658 2565 get
1891 2333 2386 2583 as fraß
2865 2485 3213 2595 e 44
1434 2626 2615 2753 Januar in Paris versammeln werden, beträgt 32. Die Sozial¬
381 2619 1349 2776 Leygues Bückkritt erwarket.
1457 2712 2622 2801 revolutionäre werden in der Mehrzahl sein. Von
2735 2680 3334 2829 Ein krilischer Ta
272 2739 1429 2828 Barthon, Poincaré und Viviani als Nachfolger genannt.
1447 2750 2623 2842 Mitgliedern der Kadettenpartei wurden Schingarew und
1450 2805 2612 2882 Kokoschkin von den Bolschewiki ermordet, alle übrigen Kua¬
356 2799 1359 2903 Drahtbericht unseres Korrespondenten.
2882 2792 3365 2929 Kabinelt Ley
1455 2856 2620 2928 dettenabgeordneten sind in Paris. Auch der Präsident der ersten
678 2869 1400 2953 ah. Straßburg, 23. Dezember.
1446 2900 2527 2983 Revolutionsregierung, Fürst Lwow, wird anwesend sein.
336 2901 1435 2996 Wie der Pariser Vertreter der Straßburger Neuen
2673 2898 3365 2989 Krifenstimmung in der französische
258 2965 1428 3051 Zeitung berichtet, stehe man in Frankreich infolge der Vor¬
2664 2982 3351 3055 Wähler mit der Deutschland=Po
271 3021 1423 3099 gänge in der Kammer vor einer Ministerkrisis.
1464 2997 2610 3109 Gründung einer sächsischen Königspartei.
3067 3043 3336 3129 unzufrieden.“
273 3064 1441 3146 Man spricht von einem bevorstehenden Rückiritt
1516 3090 2560 3199 Das Programm: Wiedereinsetzung des sächsischen
2694 3084 3357 3204 Brahtbericht unseres Kor
259 3110 1430 3195 des Ministerpräsidenten Leygucs, dem man
253 3161 1431 3249 Schwäche vorwirft. Man nennt als eventuelle Nachfolger
1877 3161 2178 3248 Königshauses.
3285 3181 3361 3241 D.
255 3207 1433 3309 Barthon, Poincaré und Viviani, während
2691 3204 3362 3294 Die Kammer hat gestern zwei Sitz
1519 3202 2541 3301 Drahtbericht unseres Korrespondenten.
264 3259 1052 3343 Briand eine weniger gute Presse hat.
2625 3269 3353 3331 am Vormittag von ½10 bis 12 Uhr un
2014 3296 2580 3359 Rud. Dresden, 23. Dezember.
2618 3319 3351 3369 von 3 Uhr bis in die späten Nachtstunden
320 3311 1423 3405 Der größte Teil der Pariser Abendblätter betont, daß die
1517 3309 2598 3407 Wie wir von zuverlässiger Seite erfahren, steht die Grün¬
2626 3362 3307 3409 nicht dazu gekommen, die auswärtige
245 3361 1418 3447 Politik der Schwäche der gegenwärtigen fran¬
1446 3376 2605 3460 dung einer sächsischen Königspartei nach dem
2620 3403 3348 3477 erörtern, nachdem man seit Wochen auf di
255 3418 1420 3492 zösischen Regierung gegenüber Deutschland zu
1437 3430 2602 3507 Muster der bayerischen Königspartei unmittelbar bevor. Die
2618 3450 3327 3510 wartel. Die beiden Sitzungen waren
257 3464 1410 3539 tadeln sei. Die Blätter fragen sich, wie lange noch Frankreich
2619 3492 3352 3539 einer innerpolitischen Auseinander
1444 3482 2601 3557 neue Partei, deren Begründer der deutschnationalen Volkspartei
259 3518 1418 3596 warten wolle, bis es irgend etwas Greifbares von seinem
2613 3530 3351 3590 den beiden Blockgruppen, zwise
1439 3540 2599 3603 nahestehen, wird sich von dieser hauptsächlich dadurch unterschei¬
246 3559 592 3641 Schuldner erhalte.
2622 3575 3341 3633 und dem Linksblock, welch letzterer sich
1442 3584 2593 3654 den, daß sie nicht nur grundsätzlich die Wiederherstellung
2610 3619 3346 3669 ehemals führenden Partei der Radikale
1425 3626 2593 3704 der monarchischen Staatsform anstrebt, sondern die
2615 3659 3356 3712 der sozialistischen Partei zusammensetzt
1432 3673 2597 3748 Wiedereinsetzung des ehemaligen sächsischen
286 3655 1371 3784 Der „Weg der Annäherung in Brüssel
2623 3703 3350 3756 eigentlich weniger im Spiel, und die Debe
1435 3719 2591 3801 Königshauses herbeizuführen sucht. Durch ein Programm,
2612 3744 3351 3803 für die Erscheinung, daß die alten Regel
1429 3774 2590 3849 das in sozialer Beziehung auch den unteren Volksschichten be¬
2608 3789 3361 3852 Verhandlungen im Kriege aus den Fug#
652 3753 1012 3862 beschritten“.
1436 3821 2590 3896 sonders entgegenkommt, hofft man, auch in breiteren Volks¬
2616 3834 3333 3895 bereits „gemeldet wurde, handelt es sich
317 3812 1344 3926 Drahtbericht unseres Korrespondenten.
2611 3871 3355 3927 gegen die kommunistischen und
1436 3869 2579 3941 kreisen Anhänger zu gewinnen. Die neue Partei will ihre Tätig¬
852 3904 1374 3977 sh. Basel, 23. Dezember.
2627 3916 3352 3969 chen Treibereien. Trotzdem man
1428 3915 2591 3994 keit mit einer umfassenden Propaganda eröffnen und eine eigene
298 3919 1403 4021 Die gestern abend ausgegebene Havasnote stellt fest, daß
2612 3961 3353 4017 einer außerordentlichen N
1429 3965 2583 4039 Zeitung soll den Mittelpunkt der Bewegung bilden. Die Gründer
2608 4003 3323 4067 endlichen Beginn der großen Kritik
232 3989 1397 4069 die Besprechungen in Brüssel den „Weg der An¬
1424 4014 2581 4090 der Partei scheinen mit dem Zustrom erheblicher Geldmittel zu
2600 4013 3364 4106 politik der Regierung gespannt war
232 4040 1411 4105 näherung“ beschritten hätten. Die Deutschen hätten
1428 4058 1589 4104 rechnen.
