3532 4256
427 172 953 281 11. Reigen
1144 177 1529 269 box 18/2
2156 1159 2198 1227 20
962 1146 1091 1248 8338
1161 1149 1460 1265 BBRB8GS
2003 1171 2135 1280 8
2206 1168 2399 1288 88888
1073 1586 2382 1677 Die Frage nach der Aufführung des „Reigen“ ist in Berlin
953 1641 2380 1730 zur gerichtlichen Entscheidung gelangt, und zwar hat
953 1693 2357 1782 die Sechste Zivilkammer des Berliner Landge¬
947 1725 1887 1814 richts Ill folgende Entscheidung gefällt:
1070 1801 2381 1889 Schnitzlers Buch besteht aus zehn Bildern. In jedem Bilde
945 1848 2375 1939 treten nur zwei Personen auf, die je zweimal und jedesmal mit
957 1903 2358 1993 einer neu auftretenden Person die geschlechtliche Vereinigung
947 1958 2365 2023 vollziehen, außer im letzten Bilde, wo diese Vereinigung un¬
942 1993 2361 2088 mittelbar zuvor stattgefunden hat. So tritt jede Person in zwei
951 2050 2360 2138 aufeinanderfolgenden Bildern auf; nur die Dirne, den Reigen
956 2103 2362 2185 schließend, steht im ersten und letzten Bilde. Das Buch
944 2141 2353 2237 bietet eine Fülle von Geist und von Feinheit.
945 2192 2349 2265 Kühne, knappe Sätze zergliedern alle Tiefen der geistigen Ver¬
936 2239 2361 2327 fassung und des Empfindungslebens. Teils derb, selbst roh, platt
946 2291 2361 2383 und gemein, teils zart und empfindsam, teils launig, neckisch,
937 2345 2362 2427 keck, prickelnd, lüstern, ausgelassen und verführerisch in der
938 2388 2356 2479 Ausmalung, erfährt der sich immer gleichbleibende Gegenstand
937 2449 2346 2524 zehn untereinander verschiedenste Abwandlungen. Dieser Gegen
942 2491 2355 2579 stand ist die im Mittelpunkt jedes Zwiegesprächs stehende kör¬
930 2539 2345 2624 perliche Vereinigung. Weiterhin befindet sich im vierten,
935 2589 2350 2674 fünften, achten, neunten, zehnten Bild der weibliche Teil im
928 2632 2344 2713 Bette. Im zweiten, dritten, sechsten Bild ist ein mehr oder weniger
930 2695 2346 2779 erhebliches Sträuben des weiblichen Teiles zu überwinden. im
932 2740 2339 2819 ersten, achten, neunten Bild dagegen drängt der weibliche Teil,
938 2787 2334 2865 und zwar im neunten Bilde mit ungemein heftiger Leidenschaft¬
922 2828 2351 2908 lichkeit. Im vierten Bilde wird nach der ersten Vereinigung das
927 2878 2333 2960 Ausbleiben der Geschlechtslust des Mannes ausgiebig erörtert.
933 2925 2339 3011 Dem ehelichen Geschlechtsverkehr des fünften Bildes geht der
924 2973 2339 3063 Ehebruch des vierten Bildes anscheinend nur um wenige Stunden
929 3024 2335 3110 voraus. Dazu wird im fünften Bilde der Ehebruch an sich aus¬
925 3071 2343 3159 führlich besprochen. Aus diesen Erwägungen erweckte das
920 3118 2343 3208 Buch den Eindruck, daß seine Aufführung das
912 3173 2334 3256 sittliche Empfinden ercheblich verletzen und da¬
919 3227 2155 3302 durch berechtigten Anstoß erregen müsse.
2792 1322 2874 1372 ode
2790 1365 2907 1431 gewö
2782 1564 2928 1623 im ne
2773 1609 2872 1674 stell
2775 1661 2928 1726 entglei
2777 1712 2937 1771 Zügelut
2766 1760 2937 1820 die Erd
2763 1808 2816 1865 S
2774 1858 2871 1910 bruc
2771 1904 2936 1968 Erleben
2760 1952 2933 2015 Abene
2762 2229 2866 2299 griffe
2748 2408 2930 2479 nachdrü
2751 2462 2968 2526 unedlen u
2750 2507 2938 2569 los und
2755 2556 2936 2623 das Heil
2741 2613 2994 2677 wendung s
2739 2659 2996 2724 Anlässen u
3054 2669 3125 2726 die
2759 2708 3000 2772 denen Pers
2743 2757 2934 2819 jenen
2739 2802 2967 2871 auf de
2738 2854 2997 2918 Durchse
2736 2901 3154 2971 Entwürdigung des
2741 2952 2973 3017 Laune, zu
2735 3001 2960 3083 großen, ti
2735 3125 3001 3212 weil sie auf
2849 3198 2990 3269 Inmitt
2731 3246 3193 3327 vollziehenden Vereini
