3392 4256
1020 182 1327 271 box 18
312 183 804 283 11. Reigen
395 769 1328 866 Theater, Kunft und Wissenschaft.
662 894 1067 963 Beilmer Theater.
514 934 1085 1031 *# Schnitzlers „Reigen“.
816 992 1277 1086 Berlin, 24,1 Mmber.
485 1055 1320 1115 Die Aufführung fand untHindernissen
405 1146 1320 1188 Kleine Schauspielhaus gehört, be¬
416 1179 1313 1228 ann sich auf einen Paragraphen des Miets¬
406 1220 1322 1265 vertrages, nach dem Stücke, die in politischer,
401 1260 1312 1308 religiöser und sittlicher Beziehung Anstoß erre¬
409 1299 1311 1345 gen, von den Pächten nicht aufgeführt werden
410 1339 1319 1391 dürfen. Da die Hechschule für Musik dem preu¬
410 1376 1312 1428 ßischen Kultusministerium untersteht, setzte die¬
405 1419 1322 1462 ses das Landgelicht III in Bewegung, das mit
410 1454 1321 1500 einer einstweiligen Verfügung die Vorstellung
402 1492 1313 1538 drei Stunden vor Beginn verbot und im Ueber¬
411 1527 1318 1573 tretungsfalle der Direktorin Gertrud Eysoldt
409 1572 1320 1619 und Maximilian Sladez eine — Haftstrafe
405 1608 1312 1653 von sechs Wochen androhte. Die Uraufführung
403 1645 1319 1692 fand trotzdem statt. Gerirnd Eysoldt stellte sich
401 1678 1315 1723 in einer Ansprache vor Schnitzler und die Dar¬
412 1719 1320 1764 tellung und nahm alle Folgen auf sich. Das
411 1759 1316 1809 Verbot war widersinnig, denn Schnitzlers „Rei¬
409 1801 1310 1844 gen“ ist ein erotisches Stück von solcher Gra¬
403 1827 1324 1882 zie, daß ein begründetes Bedenken dagegen
402 1875 1313 1919 nicht aufkommen kann. Und wenn man Erotik
406 1908 1306 1957 in der Kunst für unsittlich erklären wollte
404 1955 1308 1993 müßte man vor allem die Hochschule für Musik
405 1988 1319 2043 selbst schließen weil die Musik die erotischste
410 2029 1307 2076 aller Künste ist. Das Verbot war, zweitens,
403 2066 1310 2109 leichtsinnig, denn man hatte sich, trotz Aufforde¬
403 2103 1312 2150 rung, nicht die Mühe gemacht, die Darstellung
404 2143 1306 2188 auf den Proben zu sehen, und die Darstellung
411 2181 1319 2246 war diskret (in manchen Partien sogar lang¬
403 2217 550 2270 weilig).
487 2256 1317 2306 So blieb denn auch dem Kultusministerium
400 2302 1312 2348 und der Hochschule für Musik nach der Premiere
402 2350 1324 2389 nichts anderes übrig, als das voreilige Verbot
399 2382 1315 2427 zurückzuziehen. Und das Kleine Schauspielhaus
404 2417 1307 2466 hatte die Reklame. (Wobei die Verwunderu#g
404 2460 1322 2505 zurückbleibt, daß eine Hochschule, an deren Spitze
520 2532 1321 2590 solchen drakonischen Vorgehen gegen
408 2534 513 2578 einem
394 2571 760 2622 Künstler beteiligt.)
487 2606 1320 2668 Schnitzlers Dramen haben, soweit sie reden,
412 2660 1313 2698 oweit sie Lebensweisheiten, Probleme be¬
408 2693 1323 2741 sprechen, soweit sie psychologisieren, soweit sie
419 2727 1325 2793 euilletonistisch sind viel von ihrer Unmittelbar¬
407 2773 1323 2821 keit verloren. „Reigen“ aber behält seine Leich¬
409 2808 1322 2852 tigkeit und Freiheit, weil er sich nirgend pro¬
403 2845 1325 2892 blematisch vertieft. Weil der Dichter sich nicht
402 2885 1297 2932 (wie er dem heute schwer erträglichen „Anatol“
405 2924 1317 2979 geistig balanciert, sondern nichts tut, als ero¬
460 3038 1362 3106 tische Schwingungen in Worte ftrömen zu lassen.
463 3073 1366 3145 Die erotische Vioration ist entzückend. „Reigen“
452 3110 1368 3177 ist der geschlechtliche Reigen, der sich zwischen
464 3152 1355 3221 dirne und Soldat, Soldat und Stubenmädchen,
458 3188 1360 3256 Stubenmädchen und jungem Herrn, jungem
453 3227 1367 3288 Herrn und junger Frau, junger Frau und Ehe¬
459 3270 1370 3326 nann, Ehemann und süßem Mädel, süßem
447 3301 1352 3373 Mädel und Dichter, Dichter und Schauspielerin,
445 3341 1351 3412 Schauspielerin und Graf, Graf und wieder
456 3376 1357 3445 Dirne schlingt. Diese zehn Dialoge die mit
445 3414 1350 3490 Witz und Laune den Geschlechtsakt umspielen,
438 3455 1356 3516 würden heute allerdings nicht geschrieben wer¬
443 3490 1368 3565 den. Wenn sie aber geschrieben wurden, würden
436 3524 1054 3584 sie plumper geschrieben werden.
518 3566 1355 3643 Das Kleine Schauspielhaus, sonst eine
435 3598 1351 3680 Stätte des Provinzspiels, hatte sich diesmal
434 3642 1127 3714 mit der Aufführung Mühe gegeben.
1220 3664 1315 3733 h. i.
1188 3677 1219 3714 925
903 3746 999 3794 WE.
1977 1248 2802 1356 Franz Schreker über die
2052 1322 2705 1420 „Reigen“ Aufführung.
2010 1390 2853 1478 Franz Schreler hat als Direktor der#
1940 1438 2854 1540 Berliner akademischen Hochschule für Musik be¬g
1940 1485 2825 1580 kannntlich den Protest unterzeichnet, auf
1937 1542 2796 1632 welchen hin das Verbot des „Reigen“ er¬
1930 1578 2051 1640 folgte.
2012 1618 2802 1723 In einer Zuschrift an die Berliner Blätter,
1930 1673 2796 1763 die wir nachstehend im Wortlaut veröffentlichen,
1922 1725 2566 1804 begründet Schreker sein Vorgehen:
2005 1775 2800 1859 „Bei Erwirkung der einstweiligen gericht¬
1919 1815 2786 1904 lichen Verfügung, nach der die Aufführung unter
1915 1864 2783 1944 sagt wurde, waren lediglich die Interessen der
1922 1929 2784 2008 mir anvertrauten Anstalt maßgebend. Der
1914 1962 2784 2051 Charakter des Hauses als staatliches
1909 2013 2793 2089 Schulgebäude ist im Vertrage mit Frau
1909 2062 2819 2154 Eysoldt besonders berücksichligt, da die im
1914 2114 2790 2194 § 1 enthaltene erste Bedingung des Vertrages
1909 2163 2787 2249 Stücke ausschließt, die in sittlicher, religiöser,
2072 2291 2945 2355 politischer oder künstlerischer Hinsicht Anstoß
2059 2336 2944 2404 erregen. Dazu hat Frau Eysoldt bei Verhand¬
2063 2379 2943 2453 lungen über den Vertrag, als es sich um dessen
2068 2425 2940 2495 Anerkennung handelte, wiederholt und
2052 2483 2936 2544 feierlichst zugesichert, daß ihre Direl¬
2051 2529 2928 2593 tionsführung aus dem Theater eine sittliche
2056 2578 2935 2644 und künstlerische Erziehungsanstalt
2064 2618 2932 2693 höchsten Ranges schaffen würde, deren
2046 2659 2922 2747 Leistungen nicht nur für die Studierenden der
2055 2714 2934 2786 Musik=Hochschule, sondern für die gesamte
2057 2765 2926 2828 Jugend vorbildlich werden würden. Nur so
2048 2809 2931 2881 ließen sich die für das Theater ungewöhnlich
2046 2856 2932 2932 günstigen Vertragsbedingungen rechtfertigen.
2051 2909 2941 2983 Frau Eysoldt hat denn auch den Studierenden
2042 2949 2929 3031 der Hochschule ermäßigte Eintrittskarten bes
2049 3006 2838 3083 willigt. Tatsächlich ergab sich, daß für
2840 3018 2933 3084 Ne
2041 3053 2830 3111 Direktionsführung im Gegensatz zu den
2832 3067 2922 3129 *
2052 3103 2919 3168 machten Zusicherungen geschäftliche Ten¬
2039 3146 2931 3223 denzen maßgebend waren und sind. Diesen
2039 3191 2921 3271 Tendenzen gegenüber habe ich pflichtgemäß
2043 3243 2912 3319 mein Haus-, Vertragsrecht und die Schul¬
2034 3292 2917 3370 interesien gewahrt, wie ich das auch weiter tun
2040 3345 2920 3419 werde. Mit Zensur= und Polizeimaß¬
2034 3379 2920 3473 nahmen hat mein Vorgehen nichts
2024 3428 2223 3513 zu kun.“
