3484 4256
1051 179 1463 262 box 18/3
321 173 840 262 11. Reigen
588 1553 1252 1666 Klose & Seidel
635 1659 1210 1720 Bureau für Zeitungsausschnitte
581 1725 1252 1795 Berlin NO. 43, Georgenkirchplatz 21
1104 1863 1169 1942 2 4
554 1892 739 1962 Zeitung:
560 1967 675 2035 Ort:
551 2033 729 2102 Datum:
579 2147 1466 2226 Schnitzlers Reigen wurde im Neuen Theater
546 2212 1467 2260 zu Frankfurt a. M. vor geladenen Zu¬
566 2250 1467 2299 hörern Aufgeführt. Nach einem einzigen Bild
573 2287 1463 2329 gabschüchternen Beifall. Am Schluß ver¬
582 2327 1456 2382 ieshetoch ein Teil des Publikums das Theater
574 2360 1454 2418 im Lefsten Schweigen, um die verletzte Moral
570 2410 1468 2463 auszudrücken. Zu den gefürchteten störenden
576 2438 1453 2492 Zwischenfällen kam es nicht. Die im Zu¬
573 2479 1453 2523 schauerraum hier und da aufgestellten Geheim¬
571 2523 1390 2574 polizisten brauchten nicht einzuschreiten.
571 2546 1451 2600 Gegen die Aufführung erläßt die Theater¬
566 2590 747 2641 gemeinde
747 2605 1466 2655 des Bühnenvolksbundes
569 2637 1453 2684 einen öffentlichen Protest, worin sie
564 2676 1450 2726 erklärt, daß sie mit einem Theater, das ein
565 2707 1449 2767 solches Stück aufführt, nichts mehr zu tun
559 2749 1462 2796 haben wolle und künftighin mit der Direktion
563 2793 1462 2833 eines—solchen Theaters keine Vorstellungen
549 2831 1466 2891 ehr für Mitglieder des Bühnenvolksbundes
524 2845 942 2930 evereinbaren werde.
1751 1370 2431 1474 Zeitung: Kölnische Thins
1775 1462 1879 1542 Ort:
1777 1529 1950 1601 Datum:
2100 1604 2736 1726 Theäter und Alufik
2058 1752 2804 1822 Schnitzlers „Reigen“ in Frankfurt.
1859 1824 3025 1873 Frankfurt a. M. Nun hat auch Frankfurt seine „Reigen“=Auf¬
1825 1866 3030 1917 führung erlebt, und zwar dank den geschäftsklugen Vorbereitungen des
1827 1908 3031 1948 Direktors Hellmer vom Neuen Theater ganz ohne Skandal. Herr
1830 1941 3031 1986 Hellmer ließ sich einsach vor Aushändigung der Eintrittskarte von jedem
1827 1979 3025 2023 Besucher schriftlich bescheinigen: „Mir ist Schnitzlers Reigen bekannt,
1827 2017 3026 2059 und ich nehme an Inhalt und Form dieser Dichtung keinen Anstoß.
1823 2048 3025 2100 Ferner nehme ich zur Kenninis, daß eine Störung der Vorstellung einen
1825 2090 3038 2143 Hausfriedensbruch bedeuten würde.“ Das Frankfurter Westendpublikum
1825 2130 3030 2172 unterschrieb in so großer Zahl, daß mehrere ausverkaufte Häuser ge¬
1832 2169 3025 2211 sichert wurden. Der Versicherung der Besucher, daß ihnen Schnitzlers
1822 2214 3030 2257 Dichtung bekannt sei, widersprach die Tatsache, daß in den Pausen,
1828 2242 3041 2291 während denen das Haus verdunkelt blieb, fortwährend bald im Parkett,
1831 2283 3030 2333 bald in den Logen, bald in den Rängen Streichhölzchen aufflammten,
1829 2319 3030 2373 die Wißbegierigen zum Studium des Theaterzettels dienten. Als ob es
1825 2363 3033 2411 nicht ganz einerlei zum Verständnis dieser Bühnenvorgänge wäre,
1824 2407 3027 2448 wie Schnitzler „sie" oder „ihn“ benannt hat. Dort, wo das „Hand¬
1821 2440 3027 2482 werk“ des weiblichen Spielers von Bedeutung ist, wird es ohnedies in
1829 2478 3025 2528 eindentigster Weise zum Ausdruck gebracht. Auf dieses „literarische“
1820 2516 3025 2557 Publikum braucht das Neue Theater also nicht stolz zu sein. Der
1822 2556 3030 2608 Leiter dieser Bühne tat aber noch ein übriges: er ließ vorher in der
1817 2595 3034 2642 Presse bekannt geben, daß Schutzleute im Theater verteilt seien, um sofort
1823 2635 3035 2679 gegen Ruhestörer einzuschreiten. Da zudem noch der Herr Polizei¬
1816 2669 3031 2719 präsident selbst anwesend war, blieb alles mäuschenstill, nicht einmal
1823 2702 3032 2756 Beifall wagte sich heraus; denn man wußte ja nicht, wie die Polizel den
1823 2750 3033 2796 aufnehmen würde. Einen Protest gab es aber trotzdem, wenn auch
1824 2791 3037 2829 nur einen gedruckten: der Bühnen=Volksbund, der gegen 10000 Mit¬
1828 2821 3033 2878 glieder hat, erhob in deutlichster Sprache gegen die Aufführung Ein¬
1819 2860 3024 2910 spruch und erklärte, mit einem derartigen Theaterleiter keine Gemeinschaft
1821 2908 3034 2951 haben zu wollen. Bliebe noch übrig, über die Darstellung etwas zu
1827 2929 3023 2987 sagen. Es genügt, festzustellen, daß sich Spielleiter und Darsteller be¬
1825 2983 3031 3027 mühten, durch Zurückhaltung über das Heikle der Darstellung hinweg¬
1825 3018 3000 3065 zukommen. Was dennoch nicht hinderte, daß die Übertragung von —
1823 3041 3043 3101 Gedankenstrichen aus Schnitzlers Buch auf die Bühne trotz oder gerade
1829 3095 2874 3148 wegen der Verdunklung der Szene brutal und häßlich wirkte.
2727 3105 3013 3191 Max Fleischer:
