3436 4320
1049 182 1455 269 box 18/2
530 199 857 280 igen
575 577 1659 678 Adolf Schustermann: Feitungsausschnitte
569 646 1668 739 Größtes deutsches Zeitungs=Ausschnitt=Büro
823 702 1412 780 Berlin 3D 16, Rungestraße 22/24
809 871 1606 995 Münchner Neueste Nachrichten
905 1000 1363 1084 Ausschnitt aus der Nummer pom:
1204 1057 1589 1161 Z ESEPIa2
1526 1176 2427 1267 in Berlin wegen der Aufführung des „Reigen“
718 1144 1345 1272 Vom Büchermachen
1531 1221 2088 1284 ven Schnitzler herausgegeben
2148 1238 2429 1301 Auf fast 500
616 1230 1487 1327 „Die täglich wachsende Papiernot hat zu
1521 1255 2427 1335 dn Stenogrammen jeder
579 1254 1493 1368 Folge, daß wortvolle Arbeiten (besonders wissen¬
1531 1296 2427 1376 Schnaufer verzeichnet, der während des nach An¬
592 1325 1485 1405 schaftlicher Art) auf absehbare Zeit von der
1540 1342 2421 1418 aß und Erfolg gleich unwichtigen Prozesses von
595 1360 1485 1444 Gunst des Gedruckt= und Veröffentlichtwerdene
1535 1376 2410 1449 irgenowen getan wurde. Zu kaufen ist dieses
594 1404 1482 1483 ausgeschlossen sind. Dahingegen blüht das Hand¬
1533 1410 2423 1498 Monirum der Nichtigkeit, broschiert, für 150 M.
596 1439 1479 1521 werk der Büchermacherei auf schönem Papier
1535 1453 2420 1531 Eine Luxusausgabe auf handgeschöpftem Bütten
595 1476 1489 1557 und zwischen schönen Einbänden nach wie vor.
1527 1491 2416 1574 scheint werkwürdigerweise nicht erschienen zu
1530 1526 1628 1582 ein.
590 1515 1484 1601 Das Buch ist, seit die Sucht nach Sachwerten das
1637 1531 2420 1608 Auch keine Ausgabe, die von samtlichen
593 1553 1474 1639 Papiergeld flattern läßt, ein Einrichtungsgegen¬
1515 1566 2414 1652 Angeklagten hundschriftlich signiert wäre. Welch
593 1596 1483 1679 stand gewerden. Wobei es auf den Inhalt nicht
1528 1608 2336 1683 ein Versäumnis! Nur ein Staatsminister a.
2342 1640 2415 1694 D.
583 1640 1478 1715 mehr ankommt! Es muß nut vornehm und,
1523 1646 2399 1717 Parlamentariet und Rechtsanwalt des #uten Na¬
578 1672 1471 1749 wenn möglich, ein bißchen gelesen aussehen. Der
1523 1696 2406 1761 nens Wolfgang Heine hat zu diesem sorensischen
583 1712 1471 1798 Schritt zur Attrappe wird wohl von der Mode
1510 1729 2314 1802 Gallimathias ein Vorwörtchen geschrieben.
2328 1757 2404 1806 Bei
576 1758 1467 1837 auch noch getan werden. Was für den Augen¬
1508 1766 2324 1842 den heutigen Zeiten ist es nicht ausgeschlo
574 1791 1467 1873 schein da ist, braucht kein geistiges Dasein zu
1519 1809 2402 1871 daß der Kampf un: den Reigen. von kunstgewerb¬
580 1830 1473 1911 haben. Man kann schon jetzt zwischen „vor¬
1517 1853 2312 1926 lerischer Hans gebunden, mit einem Sieg
2311 1870 2407 1928 auf
577 1877 1457 1958 nehmen“ Büchern und sachlichen, die ihres In¬
1499 1877 2065 1956 dem Büchermarkt endigt ....
579 1907 1350 1977 halts wegen gekauft werden, unterscheiden
608 1951 1455 2021 Unter den letzteren wird, wie in den Theater:
563 1985 1463 2066 das dichterische Drama, das dichterisch gute Buck
565 2024 977 2088 immer seltener. Das
992 2044 1453 2104 „Zugstück“ triumphier
566 2072 1457 2134 auch am Büchermarkt. Die raschfingrigen Ro¬
566 2113 1448 2181 manschreiber und die dickhäutigen Sensations
564 2147 1447 2223 macher haben den Vorzug. Was man verfilmer
564 2183 1449 2255 kann, geht auch im Stadium der Druckerschwärze
564 2231 1450 2290 allem andern voran. Der Film beeinflußt rück
564 2262 1442 2339 wirkend den Geschmack des lesenden Publikum¬
567 2309 1448 2378 und daher auch des Verlegers. Die einst schön
557 2340 1382 2419 Literatur hat den Begriff des Schönen bis
1382 2370 1453 2422 zu
553 2383 1443 2455 einem Grad verloren, der das oft prophezeite
2164 2357 2824 2494 Koour Schuerenes4#
2937 2356 3029 2471 #
549 2418 1439 2495 Ende der Kunst, wenigstens der literarischen, ir
550 2465 1435 2533 nahe Aussicht stellt. Heute wirkt jener Begrif
556 2496 1435 2581 noch einigermaßen hindernd auf die Bücher
1980 2496 2485 2636 S
541 2536 798 2591 macherei ein.
2460 2557 2540 2611 VT
591 2576 1432 2651 Wie sohr sie sich aber von dem traditioneller
2056 2602 2911 2691 Gaösstes o&ursCHES ZEIIUNGS·AUSSCHNITT-BURO
547 2602 1427 2688 Sinn und Zweck des Buches bereits emanzipier
546 2655 1427 2733 hat, mag schließlich an einem Beispiel gezeig
2021 2663 2948 2746 BERLIN SO 16, RUNGESTRASSE 22824
542 2693 1420 2767 werden, das deshalb besonders lehrreich ist, wei
547 2735 1429 2803 ein immerhin geistig und kulturell so hochstehen
549 2772 1428 2846 der Mensch wie Wolfgang Heine als Heraus
541 2812 1422 2885 geber figuriert. Der Ernst Rohwolt=Verlag
2025 2789 2905 2911 Hamburger Fremdenblatt
540 2852 1429 2916 Berlin, hat unter dem Titel Der Kampf un
532 2893 1409 2963 den Reigen den vollständigen Bericht übe
542 2925 1412 2991 die sechstägige Verhandlung gegen die Direktio
2181 2967 2739 3042 Ausschnitt aus der Nummer vom:
527 2975 1414 3050 und die Darsteller des Kleinen Schauspielhause
2316 3008 2715 3110 7OR
2189 3201 3067 3265 Der Kampf um den RelgenVollständiger Bericht
2265 3233 2374 3280 üiber—
2395 3244 3070 3302 — Verhandlung gegen Direk¬
2267 3270 3067 3338 tion und Darsteller des Kleinen Schauspielhauses,
2272 3303 3059 3374 Berlin. Herausgegeben und mit einer Ein¬
2273 3337 3055 3404 leitung versehen von Staatsminister a. D.
2275 3371 3056 3442 Wolfgang Heine. Verlag Ernst Ro¬
2268 3404 2566 3463 wohlt, Berlin.
2222 3445 3064 3508 Man erschrickt, wenn man diesen dickleibigen, vler¬
2149 3472 3058 3539 einhalbhundert Seiten starken Band in die Hände be¬
