3436 4384
315 157 399 253 11
502 162 811 260 Reigen
1004 162 1412 250 bex 17/2
2121 107 2272 160 r
1869 141 2832 226 verbunden mit direktem Nachrichtendienst durch
2108 188 2585 267 eigene Korrespondenten.
2411 245 2778 317 Telephon: III, 3051.
1919 264 2242 338 Berlin N. 24.
1969 298 2836 370 —
2148 368 2553 454 Ausschnitt aus
2146 576 2766 708 Namburger Nachrichten
2496 802 2810 881 42 UEZ. 1900
2532 949 2804 1024 A
1893 1110 2576 1221 Clopmehene Gangel
1928 1221 2777 1300 Weit energischer als gegen den Schmutz auf
1905 1291 2774 1346 er Straße ist jüngst hier gegen den sittlichen
1890 1330 2766 1380 Schmutz vorgegangen worden. Das Rectorat der
1896 1376 2776 1434 Miversität hat den Akademisch=dramatischen
1887 1427 2763 1496 Berein wegen einer scenischen Aufführung des
1888 1466 2775 1531 Schnitzler'schen Reige###gelöst. Die äußerst
1892 1516 2764 1566 chaffeinem höheren ethischen Stand¬
1879 1562 2764 1625 Hunkt geschriebene Besprechung jener unbegreif¬
1895 1606 2781 1671 ichen Aufführung durch ein hiesiges Blatt
1900 1648 1956 1701 die
2040 1652 2461 1720 frühere Augsburger
2463 1647 2789 1720 „Allgemeines
1900 1699 2770 1764 Zeitung") scheint die Universitätsbehörde
1892 1750 2767 1804 rst aufmerksam gemacht zu haben, was für
1892 1792 2758 1856 ine Gattung von Litteratur diese jungen,
1894 1842 2773 1900 ielfach erst dem Gymnasium entstiegenen Herren
1893 1884 2760 1950 flegen zu müssen glauben. Es ist unbegreiflich,
1890 1935 2760 1985 die man daran denken kann, einige dieser Dialoge
1896 1982 2769 2037 wischen Dirne und Mann mit denen Arthur
1900 2030 2754 2089 Schnitzler seinen schriftstellerischen Namen für
1891 2076 2754 2138 mmer geschändet hat — denn sie sind auch vom ein¬
1891 2120 2746 2172 eitig ästhetischen Standpunkt als „Kunstwerk
1891 2160 2764 2218 ine Absurdität — auf eine Bühne zu bringen!
1896 2210 2758 2275 Ver das schmutzige Zeug von berufswegen oder
1891 2260 2754 2316 onst gelesen hatte, traute seinen Augen kaum,
1893 2303 2759 2359 ls er die Ankündigung las; und daß die
1891 2344 2757 2410 Veranstalter selbst wenigstens ein dunkles
1885 2391 2757 2460 Jefühl für die Ungehörigkeit ihres Unternehmens
1894 2447 2760 2496 atten, bewies, daß die Darsteller vielfach unter
1920 2488 2750 2545 genommenen Namen auftraten. Ein Theil
1920 2531 2750 2600 rliberalen und die socialdemokratische Presse
1912 2585 2760 2642 rie natürlich „Denunciation!“, als der Finger
1914 2620 2756 2683 f diese schwärende Wunde unserer studirenden
1909 2672 2648 2734 igend gelegt wurde, und verschanzte
2648 2672 2747 2733 sich
1893 2708 2770 2774 hinter das „Kunstwerk, das nicht polizeilich
1894 2764 2771 2820 gemaßregelt“ werden dürfe. Als ob da noch
1889 2805 2769 2858 von Kunstwerk die Rede sein könnte! Und ist
1895 2853 2777 2900 es denn nur ein Zufall, kann es ein Zufall
1888 2894 2772 2958 sein, daß der Akademisch=dramatische Verein
1900 2949 2766 2994 fast ausnahmslos nur Stücke aufführte, die aus
1885 2994 2765 3051 Anstandsgründen von jeder öffentlichen Auf¬
1894 3032 2776 3089 führung ausgeschlossen waren. So führte man
1894 3084 2764 3139 sie denn vor einem geladenen Publicum au
1940 3123 2770 3190 vor einem „geladenen, an das sich Jeder,
1894 3172 2784 3222 der nur wollte, gegen Bezahlung anschließen
1892 3269 2772 3326 burger Nachrichten“ unter dem Titel „Zur Noth
1890 3314 2768 3368 der Zeit“ ein kurzes, aber furchtbar beredtes
1892 3405 2766 3462 und in dem es u. a. hieß: „Die Sitte? Ach
1889 3453 2765 3514 du lieber Himmel! Der Thron? Der Gottes¬
1889 3510 2769 3559 glaube? Die Achtung vor beiden und die
1893 3545 2765 3609 Hoffnung darauf ist längst „versimplicissimußt“
1895 3592 2770 3651 Zum Kampf gehört physischer Muth, getragen
1899 3643 2772 3700 von sittlichem Muth und der inneren Ueber¬
1901 3695 2769 3743 zeugung, daß man besser ist als (in diesem
1902 3723 2773 3787 Falle) die „rothen Borstenthiere. Mit diesem
1891 3789 2775 3835 „Simplicissimus“ und „Generalanzeiger“=Volk,
1888 3830 2777 3889 mit dieser Chambre separée=Aristokratie ist
1891 3872 2772 3921 im Kampf für „Thron und Altar“ nicht viel
1883 3922 2757 3977 zu machen. Das eben wird „oben“ und „unten
1894 3948 2767 4029 gefühlt und deshalb das rathlose Hinstarren auf die
1880 4011 2456 4088 anstürmenden rothen Hunnen.“
