3444 4320
241 194 760 303 11. Reigen
935 198 1360 283 box 17/5
1484 341 2285 473 Theater und Kunst.
1604 465 2187 559 Hinter den Kulissen.
2229 546 2273 595 —
1266 546 2188 618 (Der neue Burgtheaterdirektor und die Manuskrivte.
2283 538 2504 613 Wie wurde
1276 591 1968 665 Wildgans Direktor? — Vom „Reigen
2112 588 2506 663 Die Premiere nach der
1600 617 2158 685 Liste. — Rößlers Prophezeiung.)
1386 653 2501 736 Anton Wildgans hat seine Mödlinger Einsamkeit noch nicht
1280 731 2499 782 mit der Burgtheaterkanzlei vertauscht. Trotzdem arbeitet er schon
1273 774 2488 842 färs Burgtheater, liest Stücke und soll bereits entschlossen sein,
1271 829 2489 880 einige abzulehnen. Es gibt nämlich Stücke, die dem neuen
1267 863 2510 943 Direkior eines Theaters förmlich zur Begrüßung dargereicht werden.
1862 1057 2204 1196 22 1. 195
1604 1249 2048 1322 Neues Wiener Journal
1279 1340 2506 1397 Es sind fast immer die gleichen. Einige dürfte sogar noch der
1293 1380 2509 1442 selige Schlenther refüsiert haben, seither Berger, Thiwig,
1290 1430 2508 1489 Millenkovich, Heine. Aber ein neuer Direktor — und die Stücke
1290 1474 2510 1542 sind wieder da! Die Autoren dieser Stücke glauben nämlich
1288 1523 2501 1578 immer, jetzt sei der Moment für sie gekommen, sie glauben
1290 1578 2507 1637 nämlich nie, daß ihre Werie nichts fürs Theater sind, sondern
1287 1620 2510 1679 immer, daß der Direktor sie mit Vorurteil gelesen hat. Und
1290 1670 2511 1726 probieren es beim neuen. Mit negativem Erfolg. Wild¬
1299 1712 1387 1776 gans
1386 1717 2516 1781 findet in den Schreibtischladen des Burgtheaters
1292 1767 2502 1816 noch einige Verlassenschaft, namentlich Willenkovich tat in diesem
1288 1807 2513 1876 Belange viel für seine Nachfolger. Die Autoren und Verleger
1290 1854 2499 1936 dieser Stücke fordern alle ihr Recht auf die Burgtheateraufführung,
1291 1904 2314 1967 drohen mit Klage, ja einige haben sogar schon geklagt.
1389 1957 2507 2013 Diese Verlassenschaft nun macht Wildgans immerhin einige
1292 2003 2518 2074 Sorge. Aber er wird schon darüber hinwegkommen, sitzt er erst
1280 2041 1984 2104 im Fauteuil des Burgtheaterdirektors.
1394 2085 2502 2159 Wie kam Wildgans zu seiner hohen Würde? Darüber zur
1287 2138 2488 2206 brechen sich die Theaterleute noch immer die Köpfe. Zählte er do
1288 2192 2480 2261 niemals zu den Kandidaten, die bei jeder Gelegenheit „u. a.
1293 2237 2488 2296 genannt wurden. Wildgans war ein Outsider. Seine Kandidatu
1292 2293 2501 2352 wurde sozusagen eist im letzten Moment aktuell. Dabei haben woh
1298 2338 2501 2401 verschiedene Momente mitgespielt. Anton Wildgans war eine Zeit¬
1292 2379 2500 2438 lang wirklich der betriebsferne, weltunsichere Dichter, dem mar
1294 2433 2499 2494 eine so reale Stellung, wie die eines Burgtheaterdirektors
1289 2480 2273 2540 nicht zugetraut hätte. Er hätte nämlich
2276 2479 2498 2545 schon ein¬
1293 2520 2508 2581 mal in seinem Leben Theaterdirektor werden können.
1297 2571 2500 2639 In den Zeiten der Volkstheaterkrise, als man nach Wallners Ab¬
1284 2619 2508 2688 gang einen neuer Mann suchte. Aber Wildgans, dem man damals
1301 2672 2511 2714 die Direktion des Volkstheaters nahelegte, wollte nicht und pro¬
1290 2715 2508 2774 tegierte Alfred Bernau, der damals Direktor der ehemaligen
1285 2755 2503 2844 Residenzbühne war. Wie sich zeigte, hat Wildgans schon damals
1285 2803 1789 2869 Blick für Talente bewiesen
1792 2825 1892 2873 ** *
1397 2848 2510 2924 Die Theatersensation der kommenden Woche wird natürlich
1294 2908 2497 2961 „Reigen“ sein. Schon jetzt ist in den Kartenbureaus eine Hausse
1301 2954 2500 3014 n Karten zur Premieie zu verzeichnen. Aber vielleicht sind die
1295 2997 2497 3053 Herrschaften, die diesmal auch dabei sein wollen, den salschen
1285 3048 2506 3113 Weg gegangen. In den Kammerspielen erwägt man nämlich, ob
1287 3092 2499 3148 die Direktion sich diesmal nicht eine Art Auswahlrecht über das
1286 3140 2495 3197 Publikum nehmen und die Karten nach Listen vergeben soll, in
1284 3185 2508 3257 denen der Name des Besuchers eingetragen ist. In Berlin
1288 3234 2494 3300 ist die Premiere nach Listen in manchen Theatern
1287 3279 2500 3348 üblich. Das Publikum meldet sich im Bureau der Bühne
1283 3339 2499 3400 vor und die Leitung trifft aus den vorliegenden Anmeldungen
1281 3380 2503 3446 die engere Wahl. Durch diese Vorgang ist es möglich, auf die
1288 3426 2493 3493 Qualität des Premierenpublikums doch einigen Einfluß zu nehmen.
1282 3474 2494 3555 Auch Schnitzler soll für diese Art der Billettvergebung ein¬
1279 3518 1579 3579 genommen sein.
1385 3568 2505 3624 Die Proben des „Reigen“, an denen Direktor Bernau
1285 3624 2494 3688 gemeinsam mit Artur Schnitzler arbeitet, werden mit ungemeiner
1286 3669 2493 3726 Sorgfalt geführt., daß der „Reigen“ auf der
1283 3706 2489 3770 Bühne Schwierigkeiten bietet wie kein anderes seiner Werke. Es
1280 3765 2502 3826 handelt sich ihm vor allem darum, daß der „Reigen“, der als
1290 3811 2484 3872 frivol verschrien, auf der Bühne von rein künstlerischem Gesichts¬
1288 3861 2488 3924 punkt betrachtet werde. Er spricht auf den Proben die Dialoge
1292 3901 2498 3963 selbst, gibt den Tonfall der einzelnen Worte, ihr Tempo und ist
1286 3950 2494 4007 um die geringste Nuauce bemüht, die der Atmosphäte des Ganzen
1290 4005 2496 4071 dienlich sein könnte. Ein Schüler Professor Strnads, Paul
1280 4045 2496 4101 Friedmann, hat die Gestaltung der Szene entworsen. Da die
1276 4092 2486 4159 Kammerspiele über keine Drehbühne verfügen, müssen die einzelnen
1276 4142 2478 4200 Bilder jeweilig bei offener Szene gestellt werden. Denn der Vorhang
