<?xml version="1.0" encoding="UTF-8" standalone="yes"?>
<PcGts xmlns="http://schema.primaresearch.org/PAGE/gts/pagecontent/2013-07-15" xmlns:xsi="http://www.w3.org/2001/XMLSchema-instance" xsi:schemaLocation="http://schema.primaresearch.org/PAGE/gts/pagecontent/2013-07-15 http://schema.primaresearch.org/PAGE/gts/pagecontent/2013-07-15/pagecontent.xsd">
    <Metadata>
        <Creator>prov=University of Rostock/Institute of Mathematics/CITlab/Gundram Leifert/gundram.leifert@uni-rostock.de:name=ONB_Newseye_GT_M1+(htr_id=10810)::::v=2.4.3
prov=University of Rostock/Institute of Mathematics/CITlab/Tobias Gruening/tobias.gruening@uni-rostock.de:name=de.uros.citlab.module.baseline2polygon.B2PSeamMultiOriented:v=2.4.3
prov=University of Rostock/Institute of Mathematics/CITlab/Tobias Gruening/tobias.gruening@uni-rostock.de:name=/net_tf/LA73_249_0mod360.pb:de.uros.citlab.segmentation.CITlab_LA_ML:v=2.4.3
Transkribus</Creator>
        <Created>2019-10-07T11:41:47.906+02:00</Created>
        <LastChange>2019-12-05T01:39:10.078+01:00</LastChange>
        <TranskribusMetadata docId="223982" pageId="9505655" pageNr="975" tsid="20421570" status="IN_PROGRESS" userId="40391" imgUrl="https://files.transkribus.eu/Get?id=XDLPAHXYASEPCHPYPNHSEXBP&amp;fileType=view" xmlUrl="https://files.transkribus.eu/Get?id=SUQODMAFHXJMCRDCJVNBLSWL" imageId="6195869"/>
    </Metadata>
    <Page imageFilename="223982_0975.jpeg" imageWidth="3532" imageHeight="4320">
        <ReadingOrder>
            <OrderedGroup id="ro_1711448772259" caption="Regions reading order">
                <RegionRefIndexed index="0" regionRef="r1"/>
                <RegionRefIndexed index="1" regionRef="r2"/>
            </OrderedGroup>
        </ReadingOrder>
        <TextRegion orientation="0.0" id="r1" custom="readingOrder {index:0;}">
            <Coords points="394,198 394,361 878,361 878,198"/>
            <TextLine id="r1l1" custom="readingOrder {index:0;}">
                <Coords points="386,318 495,298 529,321 684,318 715,332 742,316 789,340 839,321 885,342 887,256 866,250 591,240 530,265 388,234"/>
                <Baseline points="394,298 419,299 444,300 470,301 495,301 521,302 546,302 572,303 597,303 623,304 648,304 674,305 699,305 725,306 750,306 776,307 801,308 827,309 852,310 878,311"/>
                <TextEquiv>
                    <Unicode>11. Reigen</Unicode>
                </TextEquiv>
            </TextLine>
            <TextEquiv>
                <Unicode>11. Reigen</Unicode>
            </TextEquiv>
        </TextRegion>
        <TextRegion orientation="0.0" id="r2" custom="readingOrder {index:1;}">
            <Coords points="1098,269 1098,3787 2508,3787 2508,269"/>
            <TextLine id="r2l1" custom="readingOrder {index:0;}">
                <Coords points="1090,306 1121,308 1138,293 1207,311 1256,290 1327,322 1412,300 1462,303 1489,297 1490,241 1365,229 1345,244 1248,255 1091,237"/>
                <Baseline points="1098,291 1123,293 1149,293 1175,294 1200,294 1226,295 1252,295 1277,295 1303,295 1329,295 1354,295 1380,295 1406,295 1431,295 1457,295 1483,296"/>
                <TextEquiv>
                    <Unicode>box 18/2</Unicode>
                </TextEquiv>
            </TextLine>
            <TextLine id="r2l2" custom="readingOrder {index:1;}">
                <Coords points="1473,939 1913,972 1994,1008 1993,924 1898,902 1778,913 1651,880 1604,892 1544,861 1481,869"/>
                <Baseline points="1481,931 1506,931 1531,931 1557,932 1582,933 1608,935 1633,937 1659,939 1684,941 1710,944 1735,946 1760,950 1786,953 1811,957 1837,960 1862,964 1888,967 1913,971 1939,975 1964,979 1990,982"/>
                <TextEquiv>
                    <Unicode>Moler Zaitunge. 40</Unicode>
                </TextEquiv>
            </TextLine>
            <TextLine id="r2l3" custom="readingOrder {index:2;}">
                <Coords points="2099,993 2108,993 2126,979 2138,984 2160,973 2179,976 2207,969 2202,876 2182,874 2167,888 2142,874 2109,895 2094,890"/>
                <Baseline points="2105,965 2136,964 2167,961 2199,961"/>
                <TextEquiv>
                    <Unicode>3</Unicode>
                </TextEquiv>
            </TextLine>
            <TextLine id="r2l4" custom="readingOrder {index:3;}">
                <Coords points="1671,1012 1704,1016 1712,1021 1715,1018 1723,1023 1726,1020 1736,1031 1761,1037 1777,1027 1785,1028 1795,975 1773,957 1744,970 1740,966 1733,968 1717,949 1701,951 1683,946"/>
                <Baseline points="1681,996 1706,1003 1731,1008 1756,1011 1781,1016"/>
                <TextEquiv>
                    <Unicode>Kiel</Unicode>
                </TextEquiv>
            </TextLine>
            <TextLine id="r2l5" custom="readingOrder {index:4;}">
                <Coords points="1898,1151 1927,1139 1945,1148 1972,1136 1988,1139 2022,1129 2066,1126 2066,1082 2049,1075 2029,1090 1974,1104 1947,1093 1920,1103 1898,1096"/>
                <Baseline points="1905,1126 1930,1127 1956,1128 1982,1128 2008,1128 2034,1127 2060,1125"/>
                <TextEquiv>
                    <Unicode>21 2</Unicode>
                </TextEquiv>
            </TextLine>
            <TextLine id="r2l6" custom="readingOrder {index:5;}">
                <Coords points="1738,1292 1836,1316 1862,1302 1922,1319 2024,1297 2168,1310 2167,1224 2018,1236 1925,1226 1853,1248 1737,1232"/>
                <Baseline points="1745,1291 1771,1293 1797,1295 1823,1296 1849,1296 1875,1296 1901,1296 1927,1295 1953,1294 1979,1293 2005,1292 2031,1292 2057,1291 2083,1291 2109,1291 2135,1292 2161,1293"/>
                <TextEquiv>
                    <Unicode>3 0 SEP. 1922</Unicode>
                </TextEquiv>
            </TextLine>
            <TextLine id="r2l7" custom="readingOrder {index:6;}">
                <Coords points="1369,1539 2360,1497 2315,1436 2203,1430 1367,1482"/>
                <Baseline points="1376,1534 1424,1531 1473,1529 1522,1527 1571,1525 1620,1522 1668,1520 1717,1518 1766,1515 1815,1513 1864,1510 1912,1508 1961,1505 2010,1503 2059,1500 2108,1498 2156,1496 2205,1494 2254,1492 2303,1490 2352,1488"/>
                <TextEquiv>
                    <Unicode>Scitzlers „Reigen“ als Buch freigegeben. Vor zirk¬</Unicode>
                </TextEquiv>
            </TextLine>
            <TextLine id="r2l8" custom="readingOrder {index:7;}">
                <Coords points="1260,1588 2365,1538 2371,1497 1258,1554"/>
                <Baseline points="1266,1579 1323,1576 1381,1574 1439,1571 1497,1568 1555,1565 1613,1562 1670,1559 1728,1555 1786,1553 1844,1550 1902,1547 1960,1543 2017,1541 2075,1538 2133,1536 2191,1533 2249,1530 2307,1528 2365,1526"/>
                <TextEquiv>
                    <Unicode>zwei Jahren von einer Spezialstrafkammer bei eine</Unicode>
                </TextEquiv>
            </TextLine>
            <TextLine id="r2l9" custom="readingOrder {index:8;}">
                <Coords points="1248,1633 2373,1576 2371,1537 2199,1532 1245,1573"/>
                <Baseline points="1254,1618 1309,1616 1365,1613 1420,1610 1476,1608 1531,1605 1587,1601 1642,1598 1698,1595 1753,1593 1809,1590 1865,1587 1920,1584 1976,1582 2031,1579 2087,1576 2142,1573 2198,1571 2253,1569 2309,1566 2365,1564"/>
                <TextEquiv>
                    <Unicode>Prüfung einer sehr großen Anzahl unzüchtiger Abbildunger</Unicode>
                </TextEquiv>
            </TextLine>
            <TextLine id="r2l10" custom="readingOrder {index:9;}">
                <Coords points="1262,1664 2348,1617 2371,1576 1260,1628"/>
                <Baseline points="1268,1658 1322,1654 1377,1651 1432,1647 1487,1644 1542,1641 1597,1637 1651,1635 1706,1633 1761,1630 1816,1627 1871,1625 1926,1623 1981,1621 2035,1618 2090,1616 2145,1613 2200,1610 2255,1607 2310,1604 2365,1600"/>
                <TextEquiv>
                    <Unicode>und Schriften unter anderem das Buch von Schnitzlert</Unicode>
                </TextEquiv>
            </TextLine>
            <TextLine id="r2l11" custom="readingOrder {index:10;}">
                <Coords points="1272,1705 2351,1654 2378,1608 1270,1663"/>
                <Baseline points="1279,1696 1333,1693 1388,1688 1442,1685 1497,1682 1552,1679 1606,1676 1661,1673 1716,1670 1770,1668 1825,1665 1880,1663 1934,1660 1989,1658 2044,1655 2098,1653 2153,1651 2208,1648 2262,1646 2317,1643 2372,1640"/>
                <TextEquiv>
                    <Unicode>„Reigen“ beschlagnahmt und verboten worden. Das in der</Unicode>
                </TextEquiv>
            </TextLine>
            <TextLine id="r2l12" custom="readingOrder {index:11;}">
                <Coords points="1278,1741 2311,1696 2376,1684 2374,1645 1276,1707"/>
                <Baseline points="1284,1734 1338,1731 1392,1727 1446,1724 1501,1721 1555,1718 1609,1715 1663,1712 1718,1710 1772,1707 1826,1704 1880,1702 1935,1699 1989,1696 2043,1694 2097,1692 2152,1689 2206,1687 2260,1684 2314,1681 2369,1679"/>
                <TextEquiv>
                    <Unicode>damaligen Verhandlung gesprochene und rechtskräftig gewordent</Unicode>
                </TextEquiv>
            </TextLine>
            <TextLine id="r2l13" custom="readingOrder {index:12;}">
                <Coords points="1273,1781 2382,1729 2381,1691 1271,1739"/>
                <Baseline points="1279,1773 1333,1770 1388,1766 1443,1763 1498,1759 1553,1757 1607,1753 1662,1751 1717,1748 1772,1745 1827,1743 1881,1740 1936,1737 1991,1735 2046,1733 2101,1730 2155,1728 2210,1726 2265,1724 2320,1722 2375,1719"/>
                <TextEquiv>
                    <Unicode>Urteil diente der Staatsanwaltschaft wiederholt dazu, um</Unicode>
                </TextEquiv>
            </TextLine>
            <TextLine id="r2l14" custom="readingOrder {index:13;}">
                <Coords points="1270,1813 2291,1773 2371,1765 2371,1731 1268,1782"/>
                <Baseline points="1277,1811 1331,1808 1385,1804 1440,1802 1494,1799 1549,1796 1603,1793 1657,1790 1712,1788 1766,1785 1821,1783 1875,1779 1929,1777 1984,1775 2038,1772 2093,1770 2147,1767 2201,1765 2256,1762 2310,1760 2365,1757"/>
                <TextEquiv>
                    <Unicode>Bücherexemplare des „Reigens“ inzwischen zu beschlagnahmen</Unicode>
                </TextEquiv>
            </TextLine>
            <TextLine id="r2l15" custom="readingOrder {index:14;}">
                <Coords points="1269,1854 2375,1803 2373,1765 2320,1762 1268,1819"/>
                <Baseline points="1276,1850 1330,1847 1385,1844 1439,1841 1494,1838 1548,1835 1603,1832 1657,1830 1712,1826 1766,1824 1821,1821 1876,1818 1930,1815 1985,1812 2039,1810 2094,1808 2148,1805 2203,1803 2257,1800 2312,1798 2367,1795"/>
                <TextEquiv>
                    <Unicode>So wurden erst kürzlich bei dem Verleger 135 Exemplart</Unicode>
                </TextEquiv>
            </TextLine>
            <TextLine id="r2l16" custom="readingOrder {index:15;}">
                <Coords points="1284,1901 2375,1846 2385,1809 1282,1856"/>
                <Baseline points="1290,1890 1344,1886 1398,1882 1453,1879 1507,1875 1562,1872 1616,1869 1671,1866 1725,1863 1780,1861 1834,1858 1888,1855 1943,1853 1997,1851 2052,1848 2106,1846 2161,1844 2215,1841 2270,1839 2324,1836 2379,1834"/>
                <TextEquiv>
                    <Unicode>konfisziert. Der Autor und der Verleger versuchten, eine Frei</Unicode>
                </TextEquiv>
            </TextLine>
            <TextLine id="r2l17" custom="readingOrder {index:16;}">
                <Coords points="1283,1936 2309,1893 2390,1882 2388,1843 1281,1900"/>
                <Baseline points="1289,1929 1343,1925 1398,1921 1453,1917 1507,1914 1562,1911 1617,1909 1671,1905 1726,1902 1781,1900 1836,1897 1890,1894 1945,1892 2000,1890 2054,1888 2109,1885 2164,1882 2218,1879 2273,1877 2328,1873 2383,1870"/>
                <TextEquiv>
                    <Unicode>gabe zu erlangen, wurden aber abgewieset.. Nunmehr hat der</Unicode>
                </TextEquiv>
            </TextLine>
            <TextLine id="r2l18" custom="readingOrder {index:17;}">
                <Coords points="1287,1971 2309,1947 2391,1930 2389,1882 1285,1936"/>
                <Baseline points="1294,1966 1348,1962 1402,1959 1457,1954 1511,1952 1566,1949 1620,1946 1675,1944 1729,1941 1784,1939 1838,1936 1892,1934 1947,1932 2001,1930 2056,1927 2110,1925 2165,1923 2219,1921 2274,1918 2328,1916 2383,1913"/>
                <TextEquiv>
                    <Unicode>Generalstaatsanwalt beim Kammergericht die Freigabe des</Unicode>
                </TextEquiv>
            </TextLine>
            <TextLine id="r2l19" custom="readingOrder {index:18;}">
                <Coords points="1281,2016 1321,2006 1374,2016 1385,2005 1575,2015 1629,1994 1627,1958 1278,1974"/>
                <Baseline points="1287,2003 1312,2003 1338,2002 1364,2002 1389,2000 1415,1998 1441,1997 1466,1995 1492,1993 1518,1991 1543,1989 1569,1988 1595,1986 1621,1985"/>
                <TextEquiv>
                    <Unicode>Buches angeordnet.</Unicode>
                </TextEquiv>
            </TextLine>
            <TextLine id="r2l20" custom="readingOrder {index:19;}">
                <Coords points="1809,2401 1816,2402 1830,2394 1866,2406 1881,2398 1895,2400 1897,2330 1886,2333 1861,2331 1850,2336 1836,2330 1811,2332"/>
                <Baseline points="1816,2393 1852,2393 1888,2395"/>
                <TextEquiv>
                    <Unicode>der.:</Unicode>
                </TextEquiv>
            </TextLine>
            <TextLine id="r2l21" custom="readingOrder {index:20;}">
                <Coords points="1745,2442 1775,2449 1814,2435 1838,2453 1850,2447 1864,2452 1878,2442 1888,2450 1900,2445 1952,2453 1952,2404 1936,2397 1925,2406 1879,2399 1866,2407 1831,2397 1745,2417"/>
                <Baseline points="1752,2438 1779,2437 1807,2436 1834,2435 1862,2435 1889,2435 1917,2437 1945,2439"/>
                <TextEquiv>
                    <Unicode>zu haben,</Unicode>
                </TextEquiv>
            </TextLine>
            <TextLine id="r2l22" custom="readingOrder {index:21;}">
                <Coords points="1664,2488 1785,2479 1841,2495 1901,2471 1920,2486 1978,2497 1979,2437 1860,2455 1822,2439 1776,2448 1740,2441 1664,2459"/>
                <Baseline points="1671,2478 1696,2477 1721,2476 1746,2476 1771,2476 1796,2476 1821,2477 1846,2477 1871,2478 1896,2478 1921,2478 1946,2478 1972,2478"/>
                <TextEquiv>
                    <Unicode>ionsverlage auf</Unicode>
                </TextEquiv>
            </TextLine>
            <TextLine id="r2l23" custom="readingOrder {index:22;}">
                <Coords points="1516,2527 1655,2541 1716,2511 1765,2533 2031,2528 2031,2489 1993,2477 1965,2493 1883,2479 1857,2496 1789,2480 1696,2493 1647,2466 1516,2458"/>
                <Baseline points="1523,2521 1548,2521 1573,2520 1598,2519 1623,2519 1648,2519 1673,2519 1698,2519 1723,2519 1748,2519 1773,2519 1798,2520 1823,2520 1848,2520 1873,2520 1898,2520 1923,2521 1948,2520 1973,2520 1998,2520 2024,2520"/>
                <TextEquiv>
                    <Unicode>behaupten Beide, daß sie</Unicode>
                </TextEquiv>
            </TextLine>
            <TextLine id="r2l24" custom="readingOrder {index:23;}">
                <Coords points="1508,2572 2209,2572 2209,2533 2155,2522 2102,2543 2055,2522 1509,2527"/>
                <Baseline points="1516,2563 1550,2563 1584,2563 1618,2563 1653,2563 1687,2562 1721,2562 1756,2562 1790,2562 1824,2561 1859,2561 1893,2561 1927,2561 1961,2561 1996,2561 2030,2561 2064,2562 2099,2563 2133,2564 2167,2565 2202,2566"/>
                <TextEquiv>
                    <Unicode>züchtig gehalten hätten und es aue</Unicode>
                </TextEquiv>
            </TextLine>
            <TextLine id="r2l25" custom="readingOrder {index:24;}">
                <Coords points="1513,2609 2292,2618 2292,2578 2163,2567 1903,2565 1852,2589 1816,2562 1721,2566 1643,2593 1513,2572"/>
                <Baseline points="1520,2604 1558,2604 1596,2604 1634,2603 1673,2603 1711,2603 1749,2603 1788,2603 1826,2603 1864,2603 1903,2603 1941,2603 1979,2603 2017,2604 2056,2604 2094,2604 2132,2604 2171,2604 2209,2604 2247,2604 2286,2604"/>
                <TextEquiv>
                    <Unicode>halten, umsomehr, als der Name des u#.</Unicode>
                </TextEquiv>
            </TextLine>
            <TextLine id="r2l26" custom="readingOrder {index:25;}">
                <Coords points="1521,2658 2321,2656 2305,2621 2201,2607 1521,2611"/>
                <Baseline points="1529,2646 1568,2646 1607,2646 1646,2646 1686,2646 1725,2646 1764,2646 1803,2645 1843,2645 1882,2645 1921,2645 1960,2645 2000,2645 2039,2645 2078,2645 2117,2645 2157,2645 2196,2645 2235,2646 2274,2646 2314,2646"/>
                <TextEquiv>
                    <Unicode>sehr guten Klang besitze, seine Erzählungen</Unicode>
                </TextEquiv>
            </TextLine>
            <TextLine id="r2l27" custom="readingOrder {index:26;}">
                <Coords points="1514,2703 2344,2703 2355,2649 2138,2672 2097,2649 1514,2655"/>
                <Baseline points="1521,2689 1562,2688 1603,2688 1645,2687 1686,2687 1728,2687 1769,2687 1810,2687 1852,2687 1893,2687 1935,2687 1976,2687 2017,2687 2059,2687 2100,2687 2142,2687 2183,2688 2224,2688 2266,2688 2307,2688 2349,2688"/>
                <TextEquiv>
                    <Unicode>ersten Buchhandlungen verkauft werden und</Unicode>
                </TextEquiv>
            </TextLine>
            <TextLine id="r2l28" custom="readingOrder {index:27;}">
                <Coords points="1516,2735 2419,2749 2395,2692 1516,2699"/>
                <Baseline points="1522,2727 1566,2728 1611,2729 1655,2729 1700,2730 1744,2730 1789,2730 1833,2730 1878,2730 1922,2729 1967,2729 2011,2729 2056,2729 2100,2729 2145,2729 2189,2729 2234,2729 2278,2729 2323,2730 2367,2730 2412,2731"/>
                <TextEquiv>
                    <Unicode>Schauspiele sogar an der Wiener Hofbühne a.</Unicode>
                </TextEquiv>
            </TextLine>
            <TextLine id="r2l29" custom="readingOrder {index:28;}">
                <Coords points="1513,2778 2461,2788 2480,2746 2431,2721 2395,2746 1514,2733"/>
                <Baseline points="1520,2769 1567,2770 1615,2770 1662,2770 1710,2770 1758,2771 1805,2771 1853,2771 1900,2771 1948,2771 1996,2771 2043,2771 2091,2771 2138,2771 2186,2771 2234,2771 2281,2771 2329,2771 2376,2772 2424,2772 2472,2773"/>
                <TextEquiv>
                    <Unicode>führt worden seien. Selbst gelesen hätten sie d.</Unicode>
                </TextEquiv>
            </TextLine>
            <TextLine id="r2l30" custom="readingOrder {index:29;}">
                <Coords points="1513,2819 2493,2827 2493,2787 2404,2771 1513,2777"/>
                <Baseline points="1520,2812 1568,2812 1616,2812 1664,2812 1713,2812 1761,2812 1809,2812 1858,2812 1906,2812 1954,2812 2003,2812 2051,2812 2099,2812 2147,2812 2196,2812 2244,2812 2292,2813 2341,2813 2389,2813 2437,2813 2486,2813"/>
                <TextEquiv>
                    <Unicode>Buch auch nicht, sondern nur Recensionen darüber,</Unicode>
                </TextEquiv>
            </TextLine>
            <TextLine id="r2l31" custom="readingOrder {index:30;}">
                <Coords points="1524,2864 2490,2861 2490,2829 2444,2817 1524,2817"/>
                <Baseline points="1531,2854 1578,2854 1626,2854 1673,2854 1721,2854 1768,2854 1816,2854 1863,2854 1911,2854 1958,2854 2006,2855 2054,2855 2101,2855 2149,2855 2196,2855 2244,2855 2291,2855 2339,2855 2386,2855 2434,2855 2482,2854"/>
                <TextEquiv>
                    <Unicode>und in denen habe Nichts gestanden, was sie hätte</Unicode>
                </TextEquiv>
            </TextLine>
            <TextLine id="r2l32" custom="readingOrder {index:31;}">
                <Coords points="1519,2907 2481,2911 2491,2860 1519,2862"/>
                <Baseline points="1526,2895 1573,2895 1621,2895 1669,2895 1717,2895 1765,2896 1813,2896 1861,2896 1909,2896 1957,2896 2005,2896 2052,2896 2100,2896 2148,2896 2196,2897 2244,2897 2292,2897 2340,2897 2388,2897 2436,2897 2484,2897"/>
                <TextEquiv>
                    <Unicode>auf den Gedanken bringen können, daß es sich hier</Unicode>
                </TextEquiv>
            </TextLine>
            <TextLine id="r2l33" custom="readingOrder {index:32;}">
                <Coords points="1507,2947 2368,2955 2490,2943 2490,2904 1507,2907"/>
                <Baseline points="1515,2937 1563,2937 1611,2937 1660,2937 1708,2937 1757,2937 1805,2937 1853,2938 1902,2938 1950,2938 1999,2938 2047,2938 2095,2939 2144,2939 2192,2939 2241,2939 2289,2938 2337,2938 2386,2938 2434,2937 2483,2936"/>
                <TextEquiv>
                    <Unicode>um unzüchtige Schilderungen handle. Während der</Unicode>
                </TextEquiv>
            </TextLine>
            <TextLine id="r2l34" custom="readingOrder {index:33;}">
                <Coords points="1509,2983 2484,2983 2484,2947 2422,2935 1960,2966 1509,2942"/>
                <Baseline points="1515,2978 1563,2978 1611,2978 1659,2979 1707,2979 1755,2979 1803,2980 1851,2980 1899,2980 1947,2980 1996,2981 2044,2981 2092,2981 2140,2981 2188,2980 2236,2980 2284,2980 2332,2979 2380,2979 2428,2978 2477,2978"/>
                <TextEquiv>
                    <Unicode>weiteren Verhandlung, in der das Buch zur Vor¬</Unicode>
                </TextEquiv>
            </TextLine>
            <TextLine id="r2l35" custom="readingOrder {index:34;}">
                <Coords points="1519,3027 2492,3033 2492,2997 2407,2987 1519,2988"/>
                <Baseline points="1526,3021 1573,3021 1621,3021 1669,3021 1717,3021 1765,3021 1813,3021 1861,3021 1909,3021 1957,3021 2005,3021 2052,3021 2100,3021 2148,3021 2196,3021 2244,3021 2292,3021 2340,3021 2388,3022 2436,3022 2484,3022"/>
                <TextEquiv>
                    <Unicode>lesung gelangt, wird die Oeffentlichkeit ausge¬</Unicode>
                </TextEquiv>
            </TextLine>
            <TextLine id="r2l36" custom="readingOrder {index:35;}">
                <Coords points="1517,3072 2485,3079 2485,3036 2432,3025 2381,3050 1517,3026"/>
                <Baseline points="1524,3062 1571,3063 1619,3063 1667,3063 1714,3063 1762,3063 1810,3063 1857,3063 1905,3064 1953,3064 2001,3064 2048,3064 2096,3064 2144,3064 2191,3064 2239,3064 2287,3065 2334,3065 2382,3065 2430,3065 2478,3066"/>
                <TextEquiv>
                    <Unicode>schlossen. Der Eine der beiden Angeklagten, Max</Unicode>
                </TextEquiv>
            </TextLine>
            <TextLine id="r2l37" custom="readingOrder {index:36;}">
                <Coords points="1523,3107 2485,3116 2485,3079 2431,3066 1523,3070"/>
                <Baseline points="1530,3105 1577,3105 1624,3105 1672,3105 1719,3106 1767,3106 1814,3106 1861,3106 1909,3106 1956,3106 2004,3106 2051,3106 2098,3105 2146,3105 2193,3105 2241,3105 2288,3106 2335,3106 2383,3106 2430,3106 2478,3106"/>
                <TextEquiv>
                    <Unicode>Ludwig Cyriacus, ist neulich wegen eines ähnlichen</Unicode>
                </TextEquiv>
            </TextLine>
            <TextLine id="r2l38" custom="readingOrder {index:37;}">
                <Coords points="1703,3138 1811,3162 2096,3142 2490,3164 2490,3117 2390,3109 2351,3130 2316,3109 1703,3126"/>
                <Baseline points="1710,3146 1748,3146 1787,3146 1825,3147 1864,3147 1903,3147 1941,3147 1980,3147 2019,3147 2057,3147 2096,3147 2135,3147 2173,3147 2212,3147 2251,3147 2289,3148 2328,3148 2367,3148 2405,3149 2444,3149 2483,3150"/>
                <TextEquiv>
                    <Unicode>— damals kam der Bilse=Roman „Aus</Unicode>
                </TextEquiv>
            </TextLine>
            <TextLine id="r2l39" custom="readingOrder {index:38;}">
                <Coords points="1512,3195 2449,3196 2449,3160 2401,3151 1512,3153"/>
                <Baseline points="1519,3188 1565,3188 1611,3188 1657,3188 1703,3188 1749,3188 1795,3188 1841,3189 1887,3189 1933,3189 1980,3190 2026,3190 2072,3190 2118,3190 2164,3190 2210,3190 2256,3190 2302,3189 2348,3189 2394,3188 2441,3187"/>
                <TextEquiv>
                    <Unicode>einer kleinen Garnison“ in Betracht;</Unicode>
                </TextEquiv>
            </TextLine>
            <TextLine id="r2l40" custom="readingOrder {index:39;}">
                <Coords points="1515,3249 2514,3257 2514,3203 2482,3195 1515,3193"/>
                <Baseline points="1522,3235 1571,3235 1620,3234 1669,3234 1719,3233 1768,3233 1817,3233 1867,3233 1916,3233 1965,3233 2015,3233 2064,3233 2113,3233 2162,3234 2212,3234 2261,3234 2310,3235 2360,3235 2409,3235 2458,3235 2508,3236"/>
                <TextEquiv>
                    <Unicode>zu einer Geldstrafe verurtheilt worden, die das</Unicode>
                </TextEquiv>
            </TextLine>
            <TextLine id="r2l41" custom="readingOrder {index:40;}">
                <Coords points="1539,3316 2489,3324 2489,3281 2436,3273 1539,3273"/>
                <Baseline points="1546,3311 1592,3310 1639,3310 1686,3310 1733,3311 1780,3311 1826,3311 1873,3311 1920,3311 1967,3312 2014,3312 2060,3312 2107,3312 2154,3312 2201,3312 2248,3312 2294,3312 2341,3312 2388,3311 2435,3311 2482,3310"/>
                <TextEquiv>
                    <Unicode>Dresdener Oberlandesgericht bestätigt hat. Mit den</Unicode>
                </TextEquiv>
            </TextLine>
            <TextLine id="r2l42" custom="readingOrder {index:41;}">
                <Coords points="1538,3357 2496,3364 2469,3314 1538,3316"/>
                <Baseline points="1545,3351 1592,3352 1639,3353 1686,3353 1733,3354 1780,3354 1827,3354 1875,3354 1922,3354 1969,3354 2016,3354 2063,3354 2110,3354 2157,3354 2205,3354 2252,3353 2299,3353 2346,3353 2393,3353 2440,3353 2488,3353"/>
                <TextEquiv>
                    <Unicode>Bilse=Roman hatte er seinerzeit vorzügliche Ge</Unicode>
                </TextEquiv>
            </TextLine>
            <TextLine id="r2l43" custom="readingOrder {index:42;}">
                <Coords points="1539,3404 2498,3407 2498,3363 2426,3351 1539,3357"/>
                <Baseline points="1546,3393 1593,3394 1640,3395 1687,3395 1735,3395 1782,3395 1829,3395 1877,3395 1924,3395 1971,3395 2019,3395 2066,3394 2113,3394 2160,3394 2208,3394 2255,3394 2302,3394 2350,3394 2397,3395 2444,3395 2492,3396"/>
                <TextEquiv>
                    <Unicode>schäfte gemacht. So waren im Jänner 1904 fü.</Unicode>
                </TextEquiv>
            </TextLine>
            <TextLine id="r2l44" custom="readingOrder {index:43;}">
                <Coords points="1535,3443 2498,3451 2498,3406 2415,3394 1535,3404"/>
                <Baseline points="1541,3436 1588,3436 1636,3436 1683,3436 1731,3436 1778,3436 1826,3436 1873,3436 1921,3436 1968,3436 2016,3436 2063,3436 2111,3436 2158,3436 2206,3436 2253,3436 2301,3436 2348,3436 2396,3435 2443,3435 2491,3434"/>
                <TextEquiv>
                    <Unicode>32.000 Mark Bilse=Bücher in Deutschland vertrieben</Unicode>
                </TextEquiv>
            </TextLine>
            <TextLine id="r2l45" custom="readingOrder {index:44;}">
                <Coords points="1525,3481 2507,3497 2506,3441 1525,3444"/>
                <Baseline points="1532,3477 1580,3478 1628,3478 1677,3479 1725,3479 1774,3479 1822,3479 1870,3479 1919,3479 1967,3478 2016,3478 2064,3478 2112,3478 2161,3477 2209,3477 2258,3477 2306,3477 2354,3477 2403,3478 2451,3478 2500,3479"/>
                <TextEquiv>
                    <Unicode>worden. Die Gebrüder Cyriacus wurden vor</Unicode>
                </TextEquiv>
            </TextLine>
            <TextLine id="r2l46" custom="readingOrder {index:45;}">
                <Coords points="1523,3523 2501,3520 2500,3491 2399,3477 1523,3482"/>
                <Baseline points="1531,3519 1579,3520 1627,3520 1675,3521 1723,3521 1771,3521 1819,3521 1868,3520 1916,3520 1964,3520 2012,3520 2060,3519 2108,3519 2156,3519 2205,3518 2253,3518 2301,3518 2349,3519 2397,3519 2445,3520 2494,3521"/>
                <TextEquiv>
                    <Unicode>der gegen sie erhobenen Anklage freige</Unicode>
                </TextEquiv>
            </TextLine>
            <TextLine id="r2l47" custom="readingOrder {index:46;}">
                <Coords points="1518,3572 2486,3576 2501,3519 1518,3522"/>
                <Baseline points="1526,3561 1574,3561 1622,3562 1671,3562 1719,3562 1768,3562 1816,3562 1864,3562 1913,3561 1961,3561 2010,3561 2058,3560 2106,3560 2155,3560 2203,3560 2252,3560 2300,3560 2348,3561 2397,3561 2445,3562 2494,3564"/>
                <TextEquiv>
                    <Unicode>sprochen, dagegen die Weiierverbreitung von</Unicode>
                </TextEquiv>
            </TextLine>
            <TextLine id="r2l48" custom="readingOrder {index:47;}">
                <Coords points="1524,3610 2501,3616 2501,3572 2400,3561 1524,3576"/>
                <Baseline points="1531,3605 1579,3605 1627,3605 1675,3605 1723,3605 1771,3605 1819,3605 1868,3604 1916,3604 1964,3603 2012,3603 2060,3603 2108,3602 2156,3602 2205,3602 2253,3601 2301,3601 2349,3601 2397,3601 2445,3602 2494,3602"/>
                <TextEquiv>
                    <Unicode>„Reigen“ für ganz Deutschland ver¬</Unicode>
                </TextEquiv>
            </TextLine>
            <TextLine id="r2l49" custom="readingOrder {index:48;}">
                <Coords points="1520,3654 2493,3657 2463,3603 1748,3604 1699,3633 1520,3611"/>
                <Baseline points="1527,3645 1577,3645 1627,3645 1678,3645 1728,3645 1779,3645 1829,3645 1880,3644 1930,3644 1981,3644 2031,3644 2082,3643 2132,3643 2183,3643 2233,3643 2284,3643 2334,3643 2385,3643 2435,3643 2486,3644"/>
                <TextEquiv>
                    <Unicode>boten. Gegen diese Verfügung ergriff der Be¬</Unicode>
                </TextEquiv>
            </TextLine>
            <TextLine id="r2l50" custom="readingOrder {index:49;}">
                <Coords points="1527,3695 2491,3690 2491,3659 2443,3649 1527,3650"/>
                <Baseline points="1535,3685 1582,3686 1629,3687 1677,3687 1724,3687 1772,3687 1819,3687 1867,3687 1914,3687 1962,3687 2009,3686 2056,3686 2104,3686 2151,3685 2199,3685 2246,3684 2294,3684 2341,3684 2389,3684 2436,3684 2484,3684"/>
                <TextEquiv>
                    <Unicode>sitzer des Wiener Verlages Herr Fritz Freund den</Unicode>
                </TextEquiv>
            </TextLine>
            <TextLine id="r2l51" custom="readingOrder {index:50;}">
                <Coords points="1525,3738 2500,3734 2500,3696 2429,3686 1525,3694"/>
                <Baseline points="1532,3726 1580,3728 1628,3729 1676,3729 1724,3729 1772,3729 1820,3729 1868,3728 1916,3728 1964,3728 2012,3727 2060,3726 2108,3726 2156,3726 2204,3726 2252,3726 2300,3726 2348,3727 2396,3727 2444,3729 2493,3731"/>
                <TextEquiv>
                    <Unicode>Recurs an das Leipziger Reichsgericht, vor dem die</Unicode>
                </TextEquiv>
            </TextLine>
            <TextLine id="r2l52" custom="readingOrder {index:51;}">
                <Coords points="1509,3785 2338,3780 2338,3742 2232,3729 1509,3741"/>
                <Baseline points="1517,3771 1557,3772 1598,3773 1639,3773 1679,3773 1720,3773 1761,3773 1801,3772 1842,3772 1883,3771 1924,3771 1964,3770 2005,3770 2046,3770 2086,3769 2127,3769 2168,3770 2208,3770 2249,3770 2290,3771 2331,3773"/>
                <TextEquiv>
                    <Unicode>neuerliche Verhandlung demnächst stattfindet.</Unicode>
                </TextEquiv>
            </TextLine>
            <TextLine id="r2l53" custom="readingOrder {index:52;}">
                <Coords points="2433,3785 2442,3785 2446,3780 2456,3789 2462,3784 2477,3797 2504,3795 2503,3732 2485,3734 2472,3743 2464,3738 2456,3747 2453,3744 2432,3747"/>
                <Baseline points="2439,3776 2467,3774 2496,3775"/>
                <TextEquiv>
                    <Unicode>4</Unicode>
                </TextEquiv>
            </TextLine>
            <TextEquiv>
                <Unicode>box 18/2
Moler Zaitunge. 40
3
Kiel
21 2
3 0 SEP. 1922
Scitzlers „Reigen“ als Buch freigegeben. Vor zirk¬
zwei Jahren von einer Spezialstrafkammer bei eine
Prüfung einer sehr großen Anzahl unzüchtiger Abbildunger
und Schriften unter anderem das Buch von Schnitzlert
„Reigen“ beschlagnahmt und verboten worden. Das in der
damaligen Verhandlung gesprochene und rechtskräftig gewordent
Urteil diente der Staatsanwaltschaft wiederholt dazu, um
Bücherexemplare des „Reigens“ inzwischen zu beschlagnahmen
So wurden erst kürzlich bei dem Verleger 135 Exemplart
konfisziert. Der Autor und der Verleger versuchten, eine Frei
gabe zu erlangen, wurden aber abgewieset.. Nunmehr hat der
Generalstaatsanwalt beim Kammergericht die Freigabe des
Buches angeordnet.
der.:
zu haben,
ionsverlage auf
behaupten Beide, daß sie
züchtig gehalten hätten und es aue
halten, umsomehr, als der Name des u#.
sehr guten Klang besitze, seine Erzählungen
ersten Buchhandlungen verkauft werden und
Schauspiele sogar an der Wiener Hofbühne a.
führt worden seien. Selbst gelesen hätten sie d.
Buch auch nicht, sondern nur Recensionen darüber,
und in denen habe Nichts gestanden, was sie hätte
auf den Gedanken bringen können, daß es sich hier
um unzüchtige Schilderungen handle. Während der
weiteren Verhandlung, in der das Buch zur Vor¬
lesung gelangt, wird die Oeffentlichkeit ausge¬
schlossen. Der Eine der beiden Angeklagten, Max
Ludwig Cyriacus, ist neulich wegen eines ähnlichen
— damals kam der Bilse=Roman „Aus
einer kleinen Garnison“ in Betracht;
zu einer Geldstrafe verurtheilt worden, die das
Dresdener Oberlandesgericht bestätigt hat. Mit den
Bilse=Roman hatte er seinerzeit vorzügliche Ge
schäfte gemacht. So waren im Jänner 1904 fü.
32.000 Mark Bilse=Bücher in Deutschland vertrieben
worden. Die Gebrüder Cyriacus wurden vor
der gegen sie erhobenen Anklage freige
sprochen, dagegen die Weiierverbreitung von
„Reigen“ für ganz Deutschland ver¬
boten. Gegen diese Verfügung ergriff der Be¬
sitzer des Wiener Verlages Herr Fritz Freund den
Recurs an das Leipziger Reichsgericht, vor dem die
neuerliche Verhandlung demnächst stattfindet.
4</Unicode>
            </TextEquiv>
        </TextRegion>
    </Page>
</PcGts>
