3532 4192
936 3 1665 82 Balead für Zeirungsausichnitte
914 46 1673 151 Berlin NO. 45, Georgenkirchplatz 211
1172 193 1495 280 Neue Zeit
861 266 1206 353 Zeitung: sun
1420 242 1698 371 —
1068 335 1605 424 Charlottenbure
857 374 1110 450 Ort: unsentnnne
1550 428 1673 483 u
854 482 1687 595 Datum: -ene reine eeresee
771 626 1634 713 Uelönkz-Oberrealschule, Schillerstr
1668 647 1942 715 125=127, eine
765 692 1626 747 große öffentliche Kundgebung,
1656 695 1936 755 bei der der
764 729 1925 792 Reichstagsabgeordnete für Oberschlesien, Regierungspräsident
767 767 1469 854 Alexander Pohlmann, sprechen wird.
1022 882 1668 991 Der „Reigen“=Prozeß.
750 976 1933 1068 Sittlichkeitsapoftel und „empfindende“ Kunktfreunde.
839 1039 1932 1112 Im Verlauf der Verhandlung gegen die Theaterdi##ktion
755 1073 1927 1152 Eysolldt-Sladek wegen der Aufführung des Schnitzlerschen
762 1117 1919 1194 Reigests, über deren Beginn wir in der gestrigen Abendausgabe
759 1157 1926 1235 berichteten, stellte Staatsanwalt von Bradke den Antrag auf
769 1197 1923 1260 Ausschluß der Oeffentlichkeit wegen Gefährdung der Sittlichkelt.
763 1235 1924 1307 Nach Kurzer Beratung beschloß das Gericht, den Antrag des
764 1276 1940 1355 Staatsanwaltes abzulehnen, da von einer öffentlichen Verhandlung
765 1320 1788 1370 eine Gefährdung der Sittlichkelt nicht zu erwarten ist. —
1791 1337 1925 1387 In der
760 1356 1922 1421 Vernehmung ernlärt die Angeklagte Fiau Eysold, daß sie jede
758 1388 1860 1454 strafbare Handlung bestreiten und den Vorwurf.
1865 1413 1912 1460 er¬
764 1439 1910 1496 was Unzüchtiges auf die Bühne gebracht zu haben mit aller Ent¬
766 1470 1321 1533 chiedenheit zurückweisen müsse.
827 1518 1910 1584 Der Angeklagte Direktor Sladek erklärt in seiner Ver¬
754 1553 1923 1620 nehmung, daß er von einer ungeheuren Erregung gepackt worden
759 1590 1914 1659 sei, als ihm vor einigen Wochen die Anklage zugestellt worden sei,
764 1628 1914 1689 die in einem Tone gehallen sei, der ihn auf die glelche Skufe mit
755 1677 1912 1731 einem Veranskakter von schwulen Nackttänzen oder einem Leiter
763 1715 1909 1777 eines Bordells zu stellen versucht. Die Aufführung für das Ge
762 1749 1918 1816 richt werde, so hoffe er bestimmt, auch den Herrn Staatsanwalt
759 1793 1912 1852 umstimmen und ihn erkennen lassen, daß er sich auf einen Irrweg
761 1826 1916 1887 habe leiten lassen. Er schilderke, wie schon vor der Premiere ein
756 1870 1913 1937 von gewisser Seite inszeniertes Kesseltreiben gegen die Auffüh¬
747 1904 1913 1972 rung des Reigen“ eingesetzt habe, welches dann auch zu dem be¬
748 1940 1913 2010 kannten Zivilprozeß vor dem Landgericht III geführt habe. Als
754 1982 1911 2042 die Vorstellungen begannen, wurden die bekannten Skandalszenen
755 2030 1924 2080 usw. von bestimmter Seite eingeleitet. Der Angeklagbe verwahrt
756 2061 1906 2127 sich nochmals mit aller Entschiedenhelt dagegen, daß das Schnißz.
751 2103 1923 2144 lersche Werk unzüchtig sei, er wie die Darsteller hätten keine un¬
756 2145 1909 2197 züchtigen Handlungen begangen. Auf eine Frage des Staatsan
748 2187 1907 2247 walks von Bradke, welchen pekuniären Erfolg das
763 2218 1916 2286 Stück gehabt habe, erklärk Sladek, daß der materiell Erfolh
754 2256 1910 2318 bank der ausgezeichneten Neklame durch die
740 2297 1907 2375 Staatsanhaltschaff und des Kuliasministel
748 2339 1305 2390 riums ein guter gewesen sei.
821 2376 1907 2435 Die mitangeklagten Darsteller wiesen den Vorwurf, auf der
736 2398 1909 2478 Bühne unzüchtige Handlungen zur Darstellung gebracht zu haben.
754 2457 1901 2514 mit Entrüstung zurück und heionen, daß nur derfenige, der sitt
741 2489 1909 2559 lich unreif oder sittlich ansauber sei, etwas nichtkünst¬
751 2528 1908 2583 lerlsches in der Darstellung finden könne. Zu leisen Heikerkeits¬
746 2567 1906 2622 ausbrüchen, welche den Vorsitzenden zu einer Drohung mit der
749 2607 1905 2666 Räumung des Zuhörerraums veranlaßte, kam es, als der Ange¬
756 2646 1914 2706 klagte Forster die Tatsache, daß die Staatsanwaltschaft selbst
745 2685 1905 2742 den Rythmus der Zwischenaktsmusik als auf unzüchtigen
741 2725 1909 2780 Verkehr hinweisend bezeichnet, als die größte Erfindung
742 2765 1901 2824 dieses Jahrhunderks bezeichnet. Das interessanfeste dabei
748 2800 1910 2868 sei, daß er die „unzüchtige Musik im Jahre 1907, also vor 14
736 2845 1899 2899 Jahren, als er den „Neigen“ noch gar nicht kannte, als „Valse
741 2886 1716 2938 noir, als einen „bragischen Walzer“ komponiert habe.
815 2923 1905 2975 Hiermit ist die Vernehmung den Angeklagten beendet und es
737 2950 1909 3012 beginnf die Beweisaufnahme. Als erster Zeuge wird der
741 2994 1896 3057 von der Staatsanwaltschaft geladene Geh. Reg.-Rat Prof. Faß¬
740 3032 1909 3097 bender gehört, der zwel Aufführungen gesehen hat und empört
743 3073 1899 3128 darüber gewesen ist, namenklich, da auch viele junge Pärchen zu¬
754 3116 1904 3172 frten und die jungen Mädchen gewissermaßen gewaltsam der
746 3149 1910 3203 Prostitution in die Arme getrieben werden. Die let Szene
749 3200 1901 3249 abe durch die starke Realistik besonders drutal-unzüchtig gewirkt.
819 3230 1907 3280 Rechtsanwalt Dr. Rosenbeiger stellt an den Zeugen die
761 3265 1908 3319 rage, wie oft er ins Theaber gehe und wann er zuleßzt im Theater
750 3303 968 3359 ewesen sei.
977 3314 1052 3349 —
1061 3315 1900 3371 Zeuge schweigl. Auf wiederholle Frage
756 3351 1903 3402 rklört der Zeuge nach längerem Besinnen: Vor einem Jahr habe
757 3388 1907 3429 chmir Das Gelübde“ angesehen. Die Titel andener Stücke sind
759 3425 1907 3473 #entfallen. Vor längerer Zeit habe ich im Deutschen Theater
755 3460 1062 3514 Hamlet gesehen.
816 3481 1887 3551 Die nächste Zeugin, die 71jährige Frau von Broon
755 3539 1903 3590 chweig, eine geborene Freiin, ist Vorsitzende des Berüiner
756 3581 1902 3635 iechlich-sozialen Frauen-Vereins, des Berliner Frauenbundes zur
758 3624 1889 3670 ebung der Sittlichkeit und ist im Ausschuß zur Hebung der Volks¬
756 3662 1900 3712 ttlichkeit. Die Zeugin bekundet, daß die Mitalloder aller evan¬
739 3695 1901 3750 felisch-kirchlichen Frauenvereine auf das höchste entrüstet gewesen
758 3740 1894 3795 eien, daß ein derartiges Slück überhaupt aufgeführt werden dürfe.
734 3773 1893 3819 Sie habe das Stück selbst nicht gesehen, aber sie habe An¬
740 3812 1899 3864 stoß an den Plakaten genommen, auf denen von „Soidab und
729 3854 1908 3918 Dirne“ die Rede war, da sie wiederholt jugendliche Personen vur
1986 644 3155 737 den Plakaben habe stehen sehen, dbe ihre Bemerkungen aus¬
1984 694 2158 752 dauschben.
2061 740 3143 801 Staatsanwaltsrat von Bradke regt an, daß die Separat¬
1985 785 3141 841 vorstellung am Sonntag für das Gericht usw. aus mehr kechnischen
1983 817 3141 875 Gründen unter Ausschluß der Oeffentlichkeit statt¬
1975 853 3139 910 finde. R.=A. Wolfgang Heine billet die Presse zuzulassen.
1979 898 3140 946 Der Staatsanwalk stimmte dem zu. Nach kurzer Beratung ver¬
1975 934 3146 994 kündet der Vorsißende, Landgerichtsdirektor Brennhausen,
1991 973 3137 1034 daß das Gericht den Antrag des Staatsanwalts auf Ausschluß der
1987 1012 3143 1067 Oeffentlichkeit ablehne, da die Separatvorstellung in Gestalt einer
1987 1051 3007 1106 gerichtlichen Inaugenscheinnahme (Lokaltermin) an sich
3008 1061 3147 1107 keine
1989 1095 3138 1149 öfsenkliche Verhandlung darstelle. In dem Lokattermin sollen
1983 1136 3138 1190 nur wenige Pressevertreter zugelassen werden, welche ihre Namen
1983 1168 3155 1238 sofort zu Protokoll geben müssen. Hierauf wunde die Verhandlung“
1978 1217 2799 1270 abgebrochen und auf Dienskag 9 Uhr verfagt.
