3496 4320
416 95 545 192 11
1108 105 1537 191 box 17/5
606 94 931 198 Reigen
682 445 1174 576 Theater.
596 534 664 609 1.
658 572 1269 681 Die „Reigen“=Heße.
614 653 1407 728 Es ist wohl außer Zweifel, daß gewisse
516 704 1407 789 politische Kreise sich die größte Mühe geben, bei
515 761 1403 824 den Behörden ein Ver# weiterer Auffüh¬
526 802 1397 878 rungen von Schnitzlers „Reigen“ durchzu¬
524 862 1407 924 setzen. Aber esist bei Anwendung aller mög¬
517 900 1410 969 lichen Spitzndigeen augenblicklich nicht ein¬
527 947 1406 1022 fach, #. Basis für ein solches Verbot zu finden.
520 1001 1394 1072 De#t die Erlaubnis der öffentlichen Auffüh¬
522 1044 1398 1118 rung des „Reigen“ ging den vorgeschriebenen
530 1093 1409 1167 Weg. Sie ist nun einmal erteilt worden. Wie
521 1153 931 1226 den Rückweg finden?“
622 1167 1408 1258 Da bleibt nicht viel anderes über, als die
523 1239 1408 1315 Gefährdung der öffentlichen Ruhe, die bisher
525 1291 1408 1365 bei einer einzigen Vorstellung des „Reigen“ ge¬
534 1350 757 1425 stört wurde.
623 1388 1408 1465 Ein nachträgliches Zensurverbot ist
523 1452 1407 1513 wohl ausgeschlossen, denn der Landeshauptmann
527 1485 1412 1561 hat, nachdem die Polizeizenfur für ein Verbot
536 1540 1203 1619 war, den „Reigen“ freigegeben.
1346 1550 1430 1638 be¬
628 1564 1339 1657 Bis zur Stunde ist, wie wir erfahren,
535 1632 1422 1708 hördlicherseits keine Sistierung der
523 1685 1134 1769 „Reigen“=Aufführungen erfolgt.
559 1760 1057 1841 Na A
669 1914 1074 2006 Die „Reigen
1186 1913 1349 2014 ftäre
520 1971 1019 2059 Die gestrige, Wider##lung
1345 1974 1649 2081 Schnieler
431 2029 1000 2103 in den Kammespiefen verlief
1137 2042 1600 2117 spetkaustem Hause ohne
431 2077 681 2141 jede Störung
1055 2055 1588 2150 ist his abends keine amtliche
423 2131 1594 2201 Mittellung beid Reigen“=Allfführungen zugekommen
529 2175 1586 2241 Für die #eutige Sitzung des Wiener Landtages wird eine
386 2201 1588 2284 [Inte####lation in der „Reigen“=Anggegenheit erwartet,
430 2258 1657 2348 auf# Bürgermeister Reumann als Lanideshauptmann e###
392 2306 706 2383 widern dürfte.
879 2737 1329 2837 Der „Reigen“
829 2809 1428 2914 Die gestrige Auffübrupg.
624 2883 1716 2964 Man hat der gestrigen Aufführung  des „Reigen“ nicht
528 2921 1708 3015 (ohne Besorgnis entgegengesehen. Das Bublikum war guch
544 2981 1712 3061 anfangs etwas nervös. Als jedoch die ersten Bilder ohne jede
540 3037 1703 3102 Störung vorüberzogen, wurde die Stimmung ruhig. Die Auf¬
490 3047 550 3127 6
541 3091 1703 3168 nahme war gestern sogar lebhafter als sonst. Man hat gelach
540 3124 865 3190 und applaudiert.
655 3203 1588 3308 Der Kronen- und Markkus.
626 3286 1690 3351 Zürich, 11. Februar. Auszahlung Wien 1.5
494 3312 1684 3410 (gegen 1.55 am Vortag), österr. gestemvelte Kronen
487 3385 795 3455 noten ——
906 3393 1675 3458 —), Prag 7.90 (7.75), Berlin 10.27“
498 3441 1666 3534 (10.20), Paris 44.27½ (44.15), Moiland 22.45 (22.45
866 3518 1204 3634 12 2
693 3612 1491 3725 Neues Wiener Tagblatt. W##
2094 810 2812 916 12 # Zwei Lügen.
2257 902 2868 994 Der Streit um den „Reigen“.
2113 954 3124 1046 Auch die Kommynisten#en recht bekommen wern
1997 1026 3129 1106 sie recht haben. Und in ihier folgenden Kennzeichnung
2015 1089 2943 1145 des Streites um den d#egen haben sie recht:
2196 1116 3129 1205 Man stehP'hier vor zwei Lügen, einer christlich¬
2091 1169 3124 1244 sozialen un einer sozialdemokratischen. Wer soll den
2081 1239 3130 1292 Christlichsozialen die sittliche Entrüstung über die „Rei¬
2084 1277 3127 1349 gen“=Aufführung glauben? In Wien werden nicht erst seit
2079 1339 3121 1391 gestern, sondern seit Jahren, seit Jahrzehnten die schwei¬
2085 1371 3123 1440 nischesten Stücke aufgeführt. Haben sich die Christlich¬
2088 1428 3121 1488 sozialen jemals darüber aufgeregt? O ja, ihre Presse hat
2086 1475 3127 1536 seit jeher ab und zu der Zeiten Verderbnis bejammert,
2089 1531 3131 1583 aber mit so einer Jeremiade war die Sache auch immer
2079 1570 3117 1631 erledigt. Und nun auf einmal wollen sie der Welt ein¬
2079 1623 3130 1682 reden, daß sie sich den „Reigen“, ein Kunstwerk, das mit
2085 1669 3128 1731 jenen Spekulationen auf die Lüsternheit nichts gemein
2080 1719 3123 1777 hat, auf der Bühne unmöglich gefallen lassen können! Ja,
2081 1768 3126 1836 daß ihre Entrüstung so groß ist, daß sie nicht einmal einen
2078 1815 2591 1887 Verfassungskonflikt scheuen!
2203 1853 3121 1929 Und wer soll ernst bleiben, wenn Seitz für den
2084 1896 3130 1975 „Reigen“ seinen berühmten „letzten Revolver“ zieht?
2085 1946 3134 2025 Die Sozialdemokraten sagen freilich, es handelt sich nicht
2088 2022 3128 2069 mehr um den „Reigen“, jetzt gilt es, eine Verletzung der
2080 2054 3131 2117 Verfassung zu ahnden. Aber wer soll glauben, daß es
2081 2111 3128 2174 ihnen mit dieser Erklärung ernst ist? Sie haben erst
2077 2165 3115 2222 vor ein paar Tagen, bei der Verhandlung der Bier¬
2081 2200 3118 2269 steuererhöhung, der Regierung einen Verfassungsbruch
2080 2264 3125 2314 vorgeworfen und ein Mißtrauensvotum gegen sie bean¬
2081 2294 3120 2356 tragt. Aber nach dessen Ablehnung war die Sache für
2081 2346 3133 2409 sie erledigt — trotz dem Verfassungsbruch! Und dieser
2083 2403 3122 2468 Fall steht nicht vereinzelt da. Wie oft hätten die Sozial¬
2077 2455 3126 2511 demokraten in der letzten Zeit den ernstesten Grund ge¬
2079 2509 3125 2565 habt, den Christlichsozialen den Kampf bis aufs Messer
2088 2547 3132 2605 anzukündigen — doch sie haben sich immer mit der
2085 2595 3125 2661 „lohalen Opposition“ begnügt. Und nun soll man ihnen
2086 2657 3126 2722 glauben, daß sie die Arbeiter für den „Reigen“ zu den
2088 2696 2519 2772 Waffen rufen werden?
2115 2726 3124 2821 Man muß sagen, daß das kommunistische Blatt dies¬
2036 2819 3127 2873 nal den Nagel auf den Kopf trifft — abgesehen von der
2040 2854 3136 2935 emerkung, der „Reigen“ sei ein Kuns#erk, das nicht
2035 2900 2629 2989 uf die Lüsternheit spekuliere.
