3336 4320
234 139 387 228 11.
943 159 1350 245 box 18/1
429 162 744 243 gen
730 762 1147 883 (Pienete
1002 870 1440 1001 stechne
488 915 762 991 TOc. „
1381 1061 1438 1128 0
773 1075 1084 1140 Da. Berlino:
1250 1113 1330 1206 37
817 1176 1596 1249 Lettera teatrale. Lo scandalo suscitato
788 1227 1597 1291 a suo tempo dalla commedia di Schnitzler.
781 1261 1587 1336 „Reigen“, nella quale l’autore tentavasdf af
795 1307 1595 1362 nostrare. attraverso un succedersi monotonc
786 1348 1571 1404 di scene a due, che gli uomini in relazione
793 1387 1595 1439 erti istinti, sono tutti animali allo stessc
782 1424 1598 1480 modo, senza distinzione né di classe sociale
781 1465 1593 1514 né di educazione, né d’ intelligenza, va rinno
794 1501 1608 1553 andosi sulle scene berlinesi, per merito di
791 1547 1609 1596 un illustre ignoto, certo signor Broner, il quale
785 1588 1604 1634 all’età di diciasette anni, ha scritto una com¬
794 1624 1603 1675 media dal titolo „I parricida ed ha poi
797 1669 1601 1718 avuta la fortuna di trovare una compagnie
788 1710 1205 1766 che gliela rappresenta.
835 1743 1609 1802 E' noto che fin dalle prime rappresen¬
788 1784 1601 1837 tazioni di „Reigen“ il pubblico si divise ir
794 1826 1609 1878 due campi, pro e contro il lavoro,e che
796 1864 1607 1921 avvennero delle solenni bastonature gene¬
798 1912 1601 1963 rali, con lancio di bombette asfissianti, in
802 1944 1602 1998 ervento della polizia, polemiche sui gior
794 1979 1613 2040 nali, ed infine denunzia contro il direttöre
795 2024 1603 2085 e gli attori per offesa alla moralità, cor
793 2062 1612 2121 relativo grottesco processo, come pure é
795 2104 1609 2160 noto che di „Reigen si ebbero poi a Ber¬
790 2142 1610 2198 lino circa 200 repliche, perché gli uni anda¬
794 2179 1607 2247 vano a cercarvi lo stuzzicante, e gli altri
804 2222 1609 2285 andavano per potersi scandalizzare. Ora
800 2266 1614 2325 con „II parricida si tenta, o si minaccia, di
801 2316 1116 2369 ripetere il trucco,
838 2338 1614 2405 Alla prima rappresentazione, che ebbe
794 2393 1609 2440 luogo una settimana fa, il pubblico, appena
796 2434 1616 2480 calato il sipario, inizió una cagnara infernale.
803 2466 1612 2522 a base di fischi, da una parte, e di frenetich
799 2510 1620 2565 applausi dall altra, finché passando dalle
792 2549 1617 2600 manifestazioni auditive a quelle sensitive,
802 2587 1619 2650 gli avversari si scagliarono gli uni contro
796 2631 1615 2689 gli altri, bastonandosi di santa ragione, ces¬
798 2678 1613 2722 sando solo quando venne la polizia a cac¬
802 2715 1077 2769 ciar tutti fuori.
847 2745 1559 2808 I soggetto provocatore della tempesta
1566 2789 1620 2835 ru¬
807 2792 1562 2840 riassume in poche parole. II Broner,
810 2832 1611 2883 bacchiando dal Wedekind, dallo Hasencle
805 2881 1615 2922 ver, e ispirandosi alle tragedie dell antica
793 2913 1620 2969 Grecia, tenta di rappresentare un dramma,
1617 529 2435 582 che come idea, si pud discutere, ma come
1620 574 2432 620 svolgimento rivolta lo stomaco, per 1 insi¬
1620 605 2432 661 stenza con cui si illustrano i particolari
1622 655 2064 713 meno umani del lavoro.
1659 694 2432 756 Si tratta di un giovane studente, bastonafé
1618 740 2430 797 e maltrattato in tutti i sensi dal vecchic
1629 776 2442 835 adre, che trova rifugio, compassione ed
1627 827 2435 871 amore nella braccia della madre, giovane
1630 868 1892 916 edesuberante.
1665 909 2439 964 Un amico dello studente, vizioso e cor¬
1619 951 2447 1003 rotto, fa notare al giovanetto, che la sus
1624 995 2442 1048 passione per la madre é morbosa e diverss
1623 1030 2431 1082 di quello che egli crede, tentando di con
1626 1076 2446 1122 vertirlo, apertamente, ad altre pratiche che
1639 1106 2448 1167 p libererebbero sia dalla madre, come da
1628 1150 2438 1210 ftte le donne, ma con la sua opera rag¬
1634 1203 2437 1250 ziunge I’ effetto contrario, perché la rivela¬
1636 1232 2448 1286 ione apre gli occhi al ragazzo, che rico¬
1630 1270 2436 1324 nosce subito nel padre un rivale, e, mentre
1633 1309 2448 1373 a madre lo abbracciae gli parla in versi
1627 1347 2455 1405 al chiaro di luna, decide di ucciderlo. II
1629 1397 2445 1440 delitto viene incoraggiato, quasi provocato
1628 1437 2413 1487 dalla madre, che non cessa di lusingare
1632 1471 2453 1530 figliolo, negli istinti piu bassi, e finalmente,
1640 1511 2457 1572 compiuto, a suggello di un amore, che non
1630 1553 2454 1603 ha mai dato ai protagonisti un guizzo di sen¬
1642 1599 2457 1643 imento, ma ha sempre illuminata l’azione
1634 1637 2030 1693 di volgare sensualitä,
1679 1673 2448 1735 Questi personaggi, che sin dal primo atto
1637 1731 2448 1773 non fanno altro che abbracciarsi, e baciuc¬
1645 1761 2462 1816 hiarsi, prima fra uomini, poi fra madre e
1637 1797 2448 1864 üiglio, questa forma di esprimersi impudica
1640 1842 2449 1891 e bestiale, fa nascere nel cuore degli spet¬
1638 1885 2448 1940 taori un senso infinito di pena e di vergogna
1642 1920 2457 1982 che si pud benissimo trasformare in rivolta
1655 1972 1789 2020 iolenta.
1675 1996 2454 2056 Si racconta che il Broner, in attesa dei
1643 2040 2456 2100 successi delle suo creazioni, si guadagni
1647 2081 2454 2134 ra la vita vende do biglietti in un grande
1645 2124 2454 2172 magazzeno berlinese; é d’ augurarsi che se
1652 2161 2464 2221 1 suo cervello, non sa produrre altro di
1642 2204 2345 2274 meglio, rimanga sempre a quel posto.
1667 2261 2457 2315 Per fortuna, in un altro teatro berlinese
1650 2308 2463 2352 va ottenendo un grande successo un altro
1641 2339 2458 2401 genere di lavoro, al quale forse si possono
1653 2385 2458 2428 legare delle grandi qualitä artistico-lette¬
1643 2420 2464 2478 rarie, ma che senza dubbio rappresental
1655 2460 2460 2511 in importante innovazione nell' arte scenica.
1647 2494 2454 2548 Si tratta della commedia „Die wunderlichen
1650 2546 2440 2589 Geschichten des Kapellmeister Kreisler
1648 2589 2459 2628 nella quale il palcoscenico, subisce nel corso
1646 2630 2454 2677 dei tre atti, almeno un centinaio di trasfor¬
1649 2668 2455 2711 mazioni, con una rapidità mai sognata, tantc
1650 2699 2463 2752 che sembra d’ esser al cinematografo. Con
1655 2742 2460 2797 flochi di luce, e con apparecchi dei quali
1646 2783 2463 2839 non ho avuto modo di vedere la sistema¬
1653 2817 2474 2870 zione, il palcoscenico, viene diviso come in
1649 2860 2472 2919 tanti scompartimenti, ognuno dei quali é
1646 2902 2463 2957 unsescena sulla quale agiscono gli attori,
1755 2971 2560 3071 Cosi, si vede la prima parte dell azione
1755 3028 2558 3111 svolgersi al primo piano della scena, la se¬
1745 3064 2556 3147 conda che segue senza interruzioni, al se¬
1746 3107 2558 3194 condo piano, e la terza, la quarta al terzo,
1747 3148 2562 3239 ecosi via, senza che il pubblico abbia mai
1741 3175 2503 3275 impressione dei lavori di montatura,
1743 3225 2550 3315 veda le scene che verranno, e che sono av¬
1734 3262 2353 3336 volte nell oscuritä piu profonda.
1766 3295 2545 3406 II lavoro ha ottenuto a Berlino un tale
1722 3349 2548 3432 successo, che gia, la compagnia che ne cura
1715 3381 2544 3474 le rappresentazioni é stata ingaggiata per
1723 3424 2531 3519 una tourné in America, e nel Canadá, mentre
1715 3469 2530 3555 qui le rappresentazioni continueranno finc
1726 3501 1928 3556 ll autunno
1755 3540 2532 3643 Anche il teatro italiano, del resto, va qua¬
1712 3585 2538 3680 dagnandosi sulla piazza berlinese, un bel
1706 3629 2524 3718 nome, per merito della commedia di Nicco¬
1709 3660 2516 3757 demi „Scampolo“ che si. é rappresentata
1705 3698 2184 3775 altra sera per la centes
2186 3738 2512 3791 4 volta, sempre
1704 3744 2131 3813 con dei teatri esauriti,
2263 3773 2514 3834 n larghissima
1709 3783 2175 3852 nesse di applausi, sia a!
2338 3819 2515 3889 ome agli
1671 3821 1827 3884 Sattori.
