3532 4224
383 132 904 251 11. Reigen
1078 148 1498 253 box 18/3
1220 776 2644 870 nach schwülen Nachmittagen verheißend kühle Dämmerung in
1218 910 2638 983 blick des Daseins prellen. Diese Aufgabe ist gar nicht so leicht;
1219 975 2646 1041 ihre Lösung dürfte eigentlich nicht unterschätzt werden. Sie lautet
1213 1032 2646 1097 für den Mann jedesmal anders als für die Frau, aber auch für
1222 1099 2645 1160 jeden Mann und jede Frau wieder anders als für alle andern
1227 1145 2645 1228 Männer und Frauen. Aber von allen verlangt sie ein ungewöhn¬
1225 1216 2630 1294 liches Maß von Selbstbeherrschung, Nachsicht, Erziehung, Geistes.
1222 1273 2650 1338 gegenwart — und Schauspielerei. Trotz der kleinen Künste, deren
1228 1334 2647 1394 sie zu ihrer Bewältigung bedarf, ist es keine geringfügige verächt¬
1225 1394 2653 1458 liche Aufgabe. Denn, die sie lösen, helfen einander unbewußt
1219 1454 2643 1520 und heimlich, die wehmutsvolle und fast groteske Unbeständig¬
1213 1507 2643 1576 keit, die sie jetzt zusammenführt, jetzt wieder auseinanderjagt,
1217 1563 2647 1618 durch das ebenso angenehme wie sinnreiche Mittel einer aus¬
1218 1623 2648 1706 gleichenden Gemeinsamkeit (die die gesellschaftlichen Schranken
1234 1688 2653 1763 wirksamer überwindet als irgend eine Sozialreform), mit heiterer
2483 1750 2595 1826 R. P.
1219 1749 1790 1824 Würdelosigkeit zu tragen.
1467 2085 2423 2190 THEATERNACHRICHT
1295 2261 2657 2345 Arthur Schnitzler, der Sohn des bekannten Arztes Johann Schnitzler und
1228 2318 2644 2386 selbst Arzt. trat mit seinem „Anatol“, als seinem Erstlingswerk. 1905 hervor.
1228 2370 2646 2438 Später erschienen: „Der grüne Kakadu“. „Parazelsus“. „Die Gefährtin“ (3 Ein¬
1235 2421 2647 2484 akter. 1900). „Lebendige Stunden“ (4 Einakter. 1902): „Marionetten“ (3 Einakter,
1230 2461 2629 2528 1906), „Das Vermächtnis“ (1905). „Freiwild“ (1902,, „Schleier der Beatrice
1230 2510 2644 2562 „Ruf des Lebens“ (1905). „Der einsame Weg“ (1906).  Zwischenspiel“ (1906). end¬
1236 2547 2652 2609 lich der lange verbotene Professor Bernhardi“ sowie das Journalistenlustspiel
1235 2596 2656 2650 „Fink, und Fliederbusch“ (1917). In seinen epischen Werken liegt.
1241 2638 2653 2695 ebenso wie in dem Drama „Liebelei“ (1895), das Schwergewicht auf
1244 2681 2652 2742 der Schilderung des Liebeslebens gewisser Wièner Kreise; genannt seien die
1233 2732 2650 2784 Novellen „Sterben“ (1904), „Frau Bertha Garlan“ (1901). „Leutnant Gustl“ (1901),
1239 2783 2652 2831 „Do Frau des Weisen“ (1898), „Die Griechische Tänzerin“, „Reigen“ (1903),
1246 2817 2656 2872 Dämmerseelen“ (1907). .Der Weg ins Freie“, „Doktor Gräsler, Badearzt“ (1917),
1240 2853 2652 2918 Ein besonders gedankentiefes Schauspiel ist sein im Burgtheater oft gegebenes
1232 2908 1703 2983 Drama „Das weite Land“.
1311 2966 2651 3054 Kunstausstellung im Foyer. Da mit den gegebenen Garderobeverhält¬
1237 3050 2656 3096 nissen gerechnet werden mußte. wird, um die glatte Abfertigung sowie die all¬
1238 3080 2653 3153 mähliche Entleerung des Theaters zu ermöglichen, gebeten, die Besichtigung der
1234 3128 2657 3195 Kunstausstellung nach Schluß der Vorstellung vorzunehmen. — Auf die
1235 3176 2546 3231 Blätter aus dem Kunstverlag Dehne, Leipzig, sei besonders hingewiesen.
1536 3298 2364 3362 Herausgeber und Schriftleiter: Robert Pirk.
1291 3357 2596 3425 Verlag: Max Beck Verlag, Leipzig. Druck: Dr. Reinhold & Co., Leipzig,
