3532 4192
411 149 932 244 11. Reigen
1118 146 1528 229 box 18/3
2327 1282 2392 1327 40
1279 1342 2434 1408 Münchener Theater. Das Schauspielhaus glaubte.
1196 1399 2434 1446 sich Schnitzlers „Reigen“ nicht entgehen lassen zu dür¬
1205 1435 2439 1489 fen, obwohl das Stück schon vor zwanzig Jahren in München
1217 1482 2435 1525 Staub genug aufgewirbelt hatte; damals ließ der Akademisch¬
1206 1521 2441 1561 Dramatische Verein die Dialoge vor Geladenen nur vor¬
1211 1553 2441 1608 lesen und die Wirkung war doch so weitgehend, daß der Senat
1203 1599 2440 1647 der Universität den Verein auflöste. Zwar trat er gar nicht in
1211 1628 2447 1682 die Prüfung der Sittlichkeitsfrage ein, nachdem die Feststellung,
1207 1673 2448 1722 daß der Verein nichtstudentische Mitglieder ausgenommen, Grund
1204 1713 2437 1768 genug bot, die gewollte Auflösung zu verfügen. Wer im Schau¬
1213 1749 2440 1804 spielhause einen Skandal erwartet hatte, sah sich enttäuscht. Das
1215 1783 2436 1848 ausverkaufte Haus nahm anfangs die einzelnen Bilder schwei¬
1209 1824 2439 1881 gend entgegen, möglich, daß der eine oder der andere sich doch
1222 1867 2451 1924 schämte, sein Vergnügen an dieser seruellen Poesie öffentlich
1213 1910 2437 1962 zu dokumentieren, dann, etwa in der Mitte, trat ein einzelner
1206 1942 2453 2001 Klatscher in Funktion, er fand rasch Nachahmer, und so wurde
1216 1978 2442 2034 denn an jedem Aktschlusse stark, aber ohne lange Dauer applau¬
1215 2021 2442 2075 diert. Ein Widerspruch ward nicht laut. Die von Hermine
1214 2057 2440 2116 Körner geleitete Aufführung, die ihre Stärke in dem Arrange¬
1212 2097 2454 2156 ment molliger Liebeswinkel bot, war eine sogenannte dezente,
1213 2150 2446 2199 indem eben jedesmal im äußersten Augenblick eine Verdunke¬
1215 2174 2454 2236 lung der Szene eintrat, die das Publicum mit einiger Unruhe
1218 2216 2449 2274 aufnahm. Der eine lacht halblaut, der zweite räuspert sich, die
1221 2253 2445 2312 dritte putzt sich geräuschvoll die Nase und der vierte ruft ent¬
1216 2290 2460 2357 rüstet „bscht, bscht!“ Gespielt wurde ganz ett und möglichst
1213 2332 2453 2400 wienerisch dazu geplauscht. Straßendirnen und solche des Salons
1214 2367 2461 2433 zehnmal in der gleichen erotischen Situation zu sehen, wirkt
1216 2413 2456 2471 schließlich abstumpfend und ermüdend, so treffend Schnitzler
1216 2445 2455 2521 das wechselnde Milieu auch immer malen mag. Wir reden so
1218 2489 2451 2549 viel von dem sittlichen Wiederaufbau unseres Volkes und
1219 2523 2458 2597 lassen ihm Stücke bieten, die die kargen sittlichen Reste noch
1229 2568 2457 2628 niederzureißen geeignet sind, zumal bei dem grünen Jungvolk
1222 2606 2395 2669 beiderlei Geschlechts, das heute unsere Theater bevölkert.
1227 2649 2465 2707 Gleichzeitig wurde im Lustspielhaus „1919“, Zeitschnurre von
1233 2694 2463 2756 Toni Impekoven und Karl Mathern, sehr herzlich auf¬
2238 2718 2427 2777 L. G. O.
1217 2744 1437 2798 genommen.
1301 2758 2473 2831 Neues von den Dresdner Bühnen. Die Dresdner Oper bringt
1229 2804 2462 2863 Mräczeks neues Werk „Ildar“ (Dichtung von Guido Glück) zur Urauf¬
1227 2836 2464 2899 führung. Das Schauspielhaus hat mit Frau Steuermann (zuletzt am
1233 2867 2470 2931 Schauspielbaus in Leipzig) einen Gastspielvertrag abgeschlossen, um einen
1219 2904 2468 2966 Ersatz für die verstorbene Frau Doré zu erhalten. Frau Steuermann wird
1176 2944 2475 3019 ezuerst am Donnerstag als Isabella in der Braut von Messina auftreten.
1402 3045 2049 3148 Framkturter Nachrikg
2105 3033 2373 3184 8 341790
1457 3114 2022 3217 mi: lathellt vr Blatt
1528 3195 1954 3289 Prankfur . .
