3532 4352
23 3777 119 3846 eleg
48 3253 110 3316 Ta
1051 212 1469 299 box 18/3
358 217 874 320 11. Reigen
674 698 1895 770 Sportabteilungen der Turnvereine sind verpflichtet, den Maß¬
671 742 1903 801 nahmen der Sportverbände zu folgen. Sie werden dies ausnahms¬
674 777 1907 839 los tun, denn der Streit ist kein Kampf zwischen Turnen und
687 810 1901 879 Sport, sondern lediglich ein Streit der Führer mit veralteter
233 840 344 898 Süd.
684 856 1911 916 Anschauung, verbunden mit kleinlicher Ruhmsucht gegen neuzeit¬
229 877 630 946 hartlieber Bahn ihre
682 894 1908 957 liche, dem Drange der Herzen der deutschen Jugend folgende Arbeit
235 935 620 982 ahn haben zu Emp¬
683 939 1910 993 im deutschen Sport. Einen Kampf der Turner gegen
231 973 624 1036 wand angelegt. Auch
677 977 1902 1036 die Sportler gibt es überhaupt nicht Tausende von
674 1018 1909 1073 Turnern arbeiten seit Jahren in treuer Freundschaft mit Sport¬
236 1014 631 1078 ün. Zu den bereits
679 1048 1905 1111 kameraden in den Sportvereinen zusammen, unbekümmert um die
239 1059 627 1118 g des Publikums, die
1631 1087 1909 1137 Die Aktiven,
684 1093 1621 1147 Streitigkeiten und Prestigefragen ihrer Führer.
251 1102 635 1153 reservierten Tribüne
686 1125 1909 1189 insbesondere die gesamte turnende und sporttreibende Jugend wird
237 1145 630 1206 ren= und Zigaretten¬
684 1169 1912 1229 das Verhalten der Führer der Deutschen Turnerschaft niemals
257 1182 633 1246 ebenso wie der Platz
685 1220 853 1278 verstehen.
231 1231 630 1290 ehalten ist, hat eine
759 1241 1910 1313 Doch es gibt auch im turnerischen Lager Männer und Führer,
236 1281 630 1331 innt mit einer zwei¬
687 1279 1908 1348 die von einem Kampfe nichts wissen wollen; und an diese Männer
242 1319 632 1375 nnställe werden alles
1076 1319 1908 1384 Insbesondere gilt es in der schweren Zeit
685 1336 1026 1396 ergeht mein Ruf.
230 1361 632 1420 Pferde aus Berlin,
683 1360 1915 1428 unserem Südosten jede innere Zwistigkeit zu ersparen. Es wäre
284 1395 639 1465 Da einzelne Pferde
686 1387 1855 1461 undeutsch, wollte man unseren lieben oberschlesischen Brüdern
1262 1435 1913 1495 neben ihren schweren nationalen
241 1444 643 1515 n, ist die übersicht
683 1454 1264 1501 Turnern wie Sportlern —
693 1471 1910 1542 Sorgen, noch die Sorgen eines Kampfes aufbürden, der durchaus
690 1513 1922 1578 unnotig ist. Es muß alles aufgeboten werden, daß in unserem
242 1516 630 1587 s=Hürden=Rennen
692 1550 1910 1618 bedrängten Südosten der unheilvolle Kampf vermieden werde. Ich
235 1574 643 1625 in Gegner zu fürchten
693 1598 1912 1658 stelle mich den Führern der Schlesischen Turnerschaft zur Ver¬
241 1610 645 1660 er Wilita den zweiten
694 1628 1912 1696 fügung und erkläre mich zur übernahme der Vermittelung bereit.
240 1647 638 1704 Hartlieber Jagd¬
694 1666 1923 1734 Was im letzten Jahre gegangen ist, muß auch in Zukunft weiter
247 1683 642 1738 cht; er hat hier aller¬
690 1704 1924 1778 gehen. Die einflußreichen Fuhrer der Schlesischen Turner müssen
246 1726 641 1770 ie Stute viel Gewicht
688 1751 1914 1810 versuchen das Unrecht wieder gut zu machen, das einige wenige
242 1759 635 1812 bschneiden. Eine gute
692 1780 1925 1847 Führer der Deutschen Turnerschaft begangen haben, in offenbarer
252 1799 646 1853 n. Hier kann Penditö
1468 1824 1911 1881 schweren Folgen ihrer
243 1843 639 1886 hance haben. Wenn
699 1833 1464 1891 Verkennung der Tatsachen und der
249 1875 644 1923 nschweren Endkampf
698 1862 1915 1934 Handlungsweise für unsere Jugend. Das alte Vertragsverhältnis,
1358 1901 1926 1953 schönster Harmonie zusammen
245 1910 652 1969 chlug. Demetrius und
697 1919 1360 1971 das Turner und Sportler in
248 1951 641 2003 daß Demetrius dem
689 1943 1923 2008 arbeiten ließ, muß wieder hergestellt werden. Wenn die Führer der
256 1985 652 2040 t. Hier würde er in
693 1984 1929 2046 Deutschen Turnerschaft ihren Irrtum nicht einsehen wollen, dann
244 2029 650 2081 r finden. Im Haupt¬
703 2016 1925 2083 müssen sie durch andere Männer ersetzt werden, die der Not der
241 2059 646 2113 mu, sind Demetrius,
688 2065 1753 2127 Zeit und der Jugend mehr Rechnung zu tragen verstehen.
320 2098 648 2150 Die beste Klasse
247 2110 322 2145 .
769 2090 1927 2160 Dem Vaterlande gilt es und der deutschen Jugend, nicht der
267 2133 651 2189 hier gesattelt wird,
685 2148 1219 2216 Person einzelner Fanatiker.
246 2174 647 2232 gelschlag und Granit
1114 2161 1510 2243 Oskar Gellrich,
259 2211 646 2269 rechtigt. Als Gegner
724 2197 1903 2277 Ehrenvorsitzender des Südostdeutschen Leichtathletik=Verbandes.
254 2253 646 2306 zu, dem die Entfer¬
239 2278 645 2347 ndorfer Hürden¬
917 2279 1706 2369 Erwiderung der schlesischen Turnerschaft.
264 2328 471 2378 zu geben.
765 2330 1924 2406 Mit Herrn Gellrich wünschen auch wir febnlichst ein freund¬
241 2352 642 2416 onderzug verläßt um
692 2376 1924 2446 schaftliches Zusammenarbeiten der schlesischen Turnerschaft mit
252 2407 644 2457 ft um 208 auf dem
699 2403 1924 2482 den südostdeutschen Sportverbänden. Aber die Art und Weise, wie
260 2437 647 2487 ch 6 Uhr. Von 1 Uhr
692 2459 1927 2520 er in seinem Offenen Briefe die Führer der Deutschen Turner¬
255 2472 655 2521 on 10 Mk. pro Person
703 2498 1935 2560 schaft. zu denen doch auch die in Dortmund versammelt aewvesenen
257 2515 645 2574 trischen Straßenbahn
690 2533 1937 2598 110 Kreiswarte gehören, angreift, und das Vermissenlassen jeder
705 2571 1929 2637 Sachlichkeit dienen der Herbeiführung friedlicher Zustände gan¬
704 2607 1932 2681 gewiß nicht. Wir hätten es lieber gesehen, wenn Herr Gellrich
253 2617 649 2681 stadt, 35000 Mark.
692 2638 1942 2709 versucht hätte, die Gründe, die die D. T. am 31. März zur
247 2662 651 2722 taffelstab, 3. Linden¬
702 2678 1929 2754 Kündigung, nicht zum Bruche der Verträge veranlaßte
255 2702 648 2751 mner: Maikäfer, Wal¬
694 2717 1935 2791 zu verstehen. Für ihn waren diese Gründe nicht zwingend, für die
255 2740 650 2800 pos=Ausgleich,
695 2760 1941 2827 D. T. waren sie es gar sehr Herr Gellrich glaubt. mit welchem
245 2780 664 2834 „Kalff), 2. Volaca, 3.
699 2798 1927 2867 Recht ist uns unbekannt, sich als Wortführer der Turner auf¬
269 2816 655 2875 Unpl. Protos, Lehn¬
703 2829 1933 2907 svielen zu können, indem er saat: „Nie werden die alten Türner
245 2854 661 2917 Star, Jessy, Element,
705 2876 1939 2945 ihren Führern vergessen ... oder „Nie werden die Turnvereine
257 2891 664 2943 nen, 55000 Mark,
697 2913 1943 2987 und die Sportvereine vergessen, daß die Führer der D. T. es
269 2932 660 2988 , 2. Heinrich geh, 3.
975 2958 1946 3017 Er täuscht sich gewaltig über die Stimmuna der
254 2971 664 3025 freigeist. — Consul¬
702 2978 968 3029 waren
705 2989 1940 3060 großen Masse der deutschen Turner, insbesondere auch der schlesi¬
243 3005 658 3059 #arlatan (Bleuler)
708 3027 1937 3099 schen. Er täuscht sich auch sehr, wenn er annimmt, daß die den
253 3046 667 3106 34, 23, 28:10. Unpl.
713 3066 1942 3141 Sportverbänden angehörenden Sportabteilungen der D. T ver¬
278 3085 667 3143 II. Lola, Goddelau,
701 3103 1947 3180 pflichtet sind, den Maßnahmen der Sportverbänden eher zu folgen,
252 3123 663 3178 Nachtigall, 55000
1419 3145 1945 3200 Herr Gellrich berührt hier
714 3157 1422 3218 als denen ihres Stammverbandes.
257 3170 667 3218 einik), 2. Damenweg,
710 3185 1947 3251 unbewußt die Bestimmung der alten Verträge, durch die sich die
274 3199 668 3252 nen, 35000 Mark,
709 3225 1943 3287 Turnerschaft am meisten beenat fühlte, von deren Aufbebung aber
247 3236 660 3299 Madiola, 3. Wickinger.
720 3263 1948 3325 die Sportverbände durchaus nichts wissen wollten. Ein vraktisches
402 3276 665 3325 Engadin¬
706 3299 1947 3364 Beispiel möge der Masse der Unkundigen zur Erläuterung dienen.
259 3312 661 3359 . Kern (Bleuler),
703 3335 1941 3410 Wenn der Turngau Breslau außer seinem alljährlichen Gauspirl¬
340 3350 661 3406 Pl. 26, 19, 25:10.
278 3358 343 3400 0.
708 3376 1945 3441 und Sportfeste eine leichtathletische Veranstaltung abhalten wollte,
266 3388 664 3437 eius, Schipper, Land¬
707 3415 1941 3479 dann durften die Mitalieder der Sportabteilungen der Turn¬
259 3431 671 3492 Walhall, Dalai Lama,
710 3458 1945 3515 vereine, die dem Südostdeutschen Leichtatbletikverbande angehörten,
709 3494 1947 3552 des T. V. Vorwärts, des Alten Turnvereins, des 8. Turnvereins,
708 3532 1950 3592 des Turnklubs Jahn usw. an dieser Veranstaltung nicht teil¬
257 3530 489 3612 rbände.
724 3560 1948 3628 nehmen, wenn der Verband dazu nicht die Genehmiauna gab. Die
272 3588 668 3663 aft und dem deut¬
721 3603 1953 3667 Turnvereine und der Turngau konnten also über ihre eigenen
718 3638 1950 3706 Mitglieder nicht verfügen und man wird zugeben müssen, daß ein
264 3645 668 3715 schwimmverband
718 3678 1950 3745 solcher Zustand für die D. T. auf die Dauer unbaltbar war. Herr
265 3692 669 3761 gathletik bestanden
715 3715 1949 3785 Gellrich täuscht sich weiter, wenn er annimmt, daß die Sport¬
272 3737 673 3798 lieder an den Wett¬
719 3754 1958 3824 abteilungen der Turnvereine den Maßnahmen der Sportverbände
263 3784 675 3847 kündbar waren. Auf
720 3794 1960 3858 ausnahmslos folgen werden: sie wurzeln zum weitaus arößten
258 3828 677 3882 gen Herbst war nun
716 3828 1960 3894 Teile fester in der D. T. als Herr Gellrich zu glauben scheint. und
272 3870 667 3930 ntwickelung der deut¬
726 3874 1957 3930 der schlesische Turnkreis wird kaum Zwangsmaßnahmen anzu¬
722 3904 1952 3977 wenden haben, um ihnen ihre Pflichten gegen die D. T. zum Be¬
273 3917 675 3978 lb beschlossen worden,
1181 3942 1962 4003 Diejenigen Einzelversonen. Abteilungen
268 3959 668 4026 en über neue Verein¬
714 3964 1164 4025 wußtsein zu bringen.
722 3980 1952 4055 oder Vereine, die da glauben, daß sie als Zugehörige zur D. T.
266 4006 668 4062 die drei Sportverbänd
719 4018 1958 4091 nicht auf ihre Kosten kommen, sich insolaedessen bei uns nicht wohl
272 4050 671 4114 deutschen Turnerschaft
731 4055 1959 4129 fühlen mögen ruhig zu den Sportverbänden aeben: die D. T. wird
257 4098 680 4151 pussichtsvoll erscheinen
722 4091 1954 4175 ihren Verlust zu verschmerzen wissen. Sie wird. in sich gefestiat
259 4144 674 4200 En einer in der Deut¬
724 4129 1964 4209 und dadurch nach außen hin gestärkt, ihre Aufgaben besser ersüllen
589 4185 678 4228 Ar¬
266 4184 578 4232 ng örtliche
732 4188 1350 4260 in
1953 661 3190 741 Beziehung hat es Direktor Hubert Reusch, der mit einer Ver¬
1955 721 3181 787 liner Truppe den „Reigen“ hier gibt, ja an nichts fehlen lassen.
1962 760 3194 828 Trotzdem und trotz der Mitwirkung einiger ausgezeichneter schau¬
1962 804 3185 873 spielerischer Kräfte, wie der Damen Smolowa, Versen,
1957 855 3181 914 Müller und der Herren Tillo und Tautz, bleibt die ganze
1958 890 3183 957 Aufführung eine Verirrung, und daran ändert auch der Umstand
1968 937 3180 1004 nichts, daß man am Freitag im ausverkauften Hause einige
1958 985 3187 1048 Spitzen der Breslauer Behörden, wie den Oberpräsidenten und
2984 1028 3116 1085 A. D.
1957 1041 2733 1098 den Polizeipräsidenten bemerken konnte.
2040 1065 3182 1149 Tanzabend. Weder die Fröße noch die Menge der Plakate, die
1963 1133 3196 1200 für Donnerstag das Auftreten der Berliner Tänzerin Ellen
1964 1175 3195 1245 Larêne ankündigten, hatte den großen Konzerthaussaal zu füllen
1965 1224 3190 1279 vermocht. Wer aber von vornherein mit geringen Erwartungen
1961 1271 3191 1326 dem Auftreten der bisher völlig unbekannten Dame entgegengesehen
1963 1308 3190 1371 hatte, wurde trotzdem noch erheblich enttäuscht. Wenn beim Stif¬
1965 1355 3186 1415 tungsfest des Gesangvereins „Rauhe Gurge!“ etwa das Töchterchen
3143 1392 3196 1445 so
1962 1393 3143 1454 des Herrn Vorsitzenden sich mit solchen Darbietungen produziert.
1970 1446 3198 1499 mögen die Vereinsbrüder das mit Fassung hinnehmen. Aber vor
1974 1473 3193 1542 ein großstädtisches Publikum im gleichen Saale hinzutreten, in dem
1966 1527 3205 1591 acht Tage vorher eine Mary Wigman künstlerische Offenbarungen
1975 1565 3191 1633 gab, obwohl einem alles fehlt, was den Begriff einer Tänzerin
1969 1614 3208 1674 überhaupt bedingt, das zeugt doch von einer bedenklichen Kühn¬
1971 1654 3191 1715 heit — oder Naivität. Frl. Larène (wie mag sie in Wirklichkeit
1970 1692 3205 1766 heißen?) verfügt weder über ein reizvolles Außere (sie neigt sogar
1979 1738 3205 1803 zur Rundlichkeit), noch über Temperament, noch über geschmackvolle
1964 1783 3205 1846 Kostüme, noch über eine auch nur nennenswerte Tanztechnik. In
1969 1832 3207 1890 durchaus dilettantischer Weise hopst sie zu den Klängen des Gounod¬
1971 1871 3195 1935 schen Walzers herum, vollführt unsogbar kitschige Bewegungen bei
1974 1915 3205 1981 Griegs „Morgendämmerung,“ tänzelt müde über das Podium in
1973 1954 3200 2017 Schumanns „Carneval“ und versucht schließlich sogar Chopin
1975 2001 3197 2064 („Vision“) beizukommen. Die anschließende ause ermöglichte die
1978 2045 3196 2107 schleunige Flucht des Referenten. Es ist jetzt in dieser Spielzeit
1977 2098 3204 2152 schon der dritte Fall gänzlich unzulänglicher tänzerischer Dar¬
1976 2140 3206 2192 bietungen im Konzerthaus festzustellen. übrigens saß am Klavier
1972 2173 3205 2241 eine Dame, deren Spiel der Tanzkunst des Frl. Larène würdig war.
1971 2221 3204 2274 Daß einige junge Freikartenbesitzer sogar noch klatschten, mag man
1972 2264 3206 2338 verzeihen; immerhin konnte man auch kräftiges Zischen vernehmen.
3026 2305 3124 2364 A. D.
2038 2339 3207 2428 Vortragsabend Friedrich Castelle. Die von der Breslauer
1969 2400 3210 2467 Theatergemeinde des Bühnenvolksbundes veranstalteten Vortrags¬
1976 2438 3220 2492 abende des heimischen Schriftstellers Dr. Castelle finden großen
1980 2475 3221 2529 Anklang; am Donnerstag war der Mozartsaal bis auf den letzten
1988 2509 3222 2576 Platz besetzt. „Deutsche Frauenballaden“ verhieß das Pro¬
1975 2552 3220 2607 gramm, und man empfing wirkliche Wunderblüten deutscher Frauen¬
1982 2585 3222 2640 dichtung. In einer kurzen, literarischen Einführung legte der
1986 2628 3221 2679 Vortragende dar, wie die Kunst der Frau, der die große Schöpfer¬
1982 2661 3215 2720 kraft auf dem Gebiete der Bildhauerei, der Musik und des Dramas
1982 2700 3218 2754 versagt scheine, Ersatz dafür auf dem Gebiete der Ballade finde,
1985 2742 3219 2796 die große dramatische Stoffe geballt darstellt. Hierin stehe Annette
1979 2777 3223 2832 Droste=Hülshoff vielleicht noch immer unerreicht da. Aber die
1993 2815 3225 2868 moderne Frauenballade sei ganz anders geartet, und das erläuterte
1980 2849 3215 2906 der Redner an den angekündigten Schöpfungen unserer drei großen
1979 2886 3213 2947 lebenden Balladendichterinnen, denen ein Gedicht von Ricarda
1988 2926 3225 2983 Huch: „Heroische Landschaft“ vorangestellt war. In diesem komme
1995 2963 3227 3018 das Abklingen der Stimmung für die alte Ritterballade zum
2218 3001 3227 3055 In den Problemen, die die Königsbergerin Agnes
1994 3013 2167 3064 Ausdruck.
1994 3045 3229 3092 Miegel (von dieser standen „Der Pfalm der Elemente" und „Die
1999 3072 3215 3144 Fähre“ auf dem Programm), die Westfälin Lulu v. Strauß und
1993 3117 3220 3172 Torney („Die Mütter" „Libussa“) und die Steierin Enrica
1988 3150 3229 3209 v. Handel=Mazzetti („Das deutsche Recht“) behandeln, wherden
1992 3195 3227 3245 vor allem tiefste Tiefen des weiblichen Menschentums offenbar.
1986 3232 3224 3291 Bei Agnes Miegel tritt besonders kennzeichnend ein mystisch¬
1993 3269 3226 3320 mythisches Element hervor, allen dreien aber ist trotz der starken
1995 3303 3228 3359 Eigenart einer jeden die Neigung zum Völkischen gemeinsam. Die
2003 3334 3235 3403 Wiedergabe der Dichtungen selbst, bei der Dr. Castelle wieder mit
1997 3374 3230 3436 voller Hingebung seine ganze schon bewährte Vortragskunst auf¬
1998 3417 3237 3474 bot, brachte der Hörerschaft einen hohen Genuß und eine gerade
1987 3451 3228 3508 auch bei Dichtungen, die hohe Ansprüche an den Hörer stellen, er¬
1995 3490 3236 3547 wünschte Abwechselung in der Stimmung, da die beiden letzten
1997 3525 3235 3585 Stücke mit frohem Ausklang enden. Dem Vortragenden wurde
3150 3562 3196 3616 n.
1995 3575 2667 3635 einmütiger und anhaltender Beifall.
2071 3596 3230 3674 Wohltätigkeitskonzert. Zugunsten des Kirchbaues in Schönborn
2005 3650 3235 3708 fand am Mittwoch im Schiedmayersaal ein Konzert statt, um das
2006 3685 3222 3748 sich hauptsächlich die Brüder Erich, Walter und Herbert
1995 3735 3225 3788 Kraeker, drei auf dem Klavier, dem Cello und der Violine er¬
3169 3764 3229 3811 In
2014 3760 3109 3823 folgreich musizierende Liebhaber, verdient gemacht hatten.
2008 3797 3143 3864 Gades Noveletten (Op. 29) und in dem Klaviertrio Nr 1
2009 3839 3227 3905 Haydn zeigte sich der Geist der Einmütigkeit als Folgeerscheinung
2005 3881 3232 3943 ost gepflegter Hausmusik Die leitenden Kräfte im Klavierpart
2004 3920 3230 3978 waren hier stärker als in C. Franks Violinsonate in A=Dur, in der
2011 3953 3236 4017 sich Herbert Kraeker als talentierter Geiger vorstellte. Mit Solo¬
2003 4004 3218 4060 stücken von Mozart und Goltermann erspielte sich der Cellist herz
2003 4037 3235 4097 lichen Beifall. Charlotte Dietrich bewies mit Liedern von
2009 4079 3230 4137 Reger und Schubert, daß sie stimmlich bemerkenswerte Fortschritte
3013 4109 3228 4161 sympathisch.
2008 4113 3015 4174 gemacht hat. Ihre Art zu singen wirkt durchaus
3026 4174 3058 4206 1
2021 4147 2997 4212 Reiemmmn
