3336 4416
404 2172 441 2225 □
984 240 1408 332 box 17/6
292 245 799 347 11. Reigen
626 1240 1770 1436 Dhr Reigen um die Latrine.
1343 1399 1750 1474 Wien, 11. Februar.
728 1450 1770 1528 Das Bundesministerium des Innern hat die wei¬
643 1500 1763 1586 dere Aufführung von Schnitzlers „Reigen“ in den Kam¬
627 1554 1768 1642 merspielen untersagt. Als oberfte Polizeibehörde hat es
624 1600 1768 1678 von einem ihm unzweifelhaft zustehenden gesetzlichen
636 1651 1780 1714 Rechte Gebrauch gemacht. Maßgebend für das Vorgehen
644 1703 1769 1764 war, daß der Wiener Bürgermeister das Verbot der
649 1739 1775 1817 Wiener Polizeidirektion als erste Instanz aufhebend,
648 1798 1774 1862 allen Gegenvorstellungen gegenüber taub geblieben war
654 1839 1769 1929 und seine Genehmigung der Aufführung des schmutzigen
651 1885 1769 1954 Stückes aufrechterhalten hatte. Inzwischen hatten sich
648 1935 1777 2002 die kräftigen Proteste, die aus der Bevölkerung bei der
652 1984 1775 2057 Regierung gegen dieses ekelerregende Aergernis und
510 1975 577 2061 3
650 2034 1774 2103 die Verunglimpfung des Rufes der alten Kunststadt
645 2083 1776 2146 Wien gehäuft und die Regierung mußte aeshalb das
646 2128 1770 2193 Bundesministerium des Innern als oberste Instanz in
649 2173 1771 2243 Theatersachen eingreifen lassen. Nun sträubt sich Landes¬
650 2223 1773 2295 hauptmann Reumann, dem nach der neuen Bundesver¬
662 2272 1775 2346 fassung die Verwendung der polizeilichen Gewalt als
653 2321 1772 2403 zweite Instanz zusteht, das Verbot des Bundesministe¬
653 2372 1778 2437 riums zur Anwendung bringen zu lassen und ermuntert
654 2415 1783 2495 den famosen Theaterdirektor, dem Verbote der Regie¬
1696 2464 1780 2515 die
659 2468 1694 2538 rung offenen Widerstand zu leisten. So fordert
660 2515 1785 2582 Kompanie Reumann=Bernau, ein sozialdemokratisches
657 2569 1781 2626 Stadtoberhaupt und Theaterdirektor, der an dem
664 2606 1786 2683 schmatzenden Vergnügen geiler Gaffer schmunzelnd
657 2656 1783 2735 seine Kassen füllt, hohnlachend die Republik und ihre
655 2700 1792 2787 Autorität und Ordnung in die Schranken. Denn höher
657 2762 1780 2822 als die Republik steht selbstverständlich das für höchste
656 2814 1744 2891 Sitzpreise erreichbare Recht der Schieber auf die Zote.
763 2851 1784 2922 Das ist der Sachverhalt. Der Reigen um die
660 2891 1785 2973 Latrine wird also weiter dauern. Der sozialistische
655 2953 1791 3021 Landeshauptmann hat es geschworen, mit seinen
664 3004 1790 3067 Myrmidonen dafür zu sorgen, daß die schmutzigen
668 3045 1792 3113 Pläsierchen der neuen Reichen nicht gestört werden. Da
669 3092 1790 3159 die vollziehende Gewalt des Bundes in Polizeisachen
669 3139 1791 3210 dem Landeshauptmann anvertraut ist, so hat er es in
669 3191 1797 3259 der Hand, wenn er es auf einen Rechtskonflikt an¬
662 3238 1790 3311 kommen lassen will, der Anordnung der Bundes¬
675 3279 1789 3364 regierung die Vollziehung zu verweigern. An der Re¬
670 3326 1799 3409 gierung wird es nun sein, den seine Pflicht verletzenden
667 3377 1796 3455 Landeshauptmann vor den Verfassungsgerichtshof zur
663 3429 1800 3500 Verantwortung zu ziehen. Es ist das Verdienst des
674 3476 1798 3549 Landeshauptmannes Reumann, aus einer Schmutz¬
663 3520 1802 3605 komödie eine sozialistische Haupt= und Staatsaktion ge¬
665 3569 1799 3655 macht zu haben. Mag dabei immerhin das Ansehen
1811 1280 2921 1356 Wiens und der jungen österreichischen Verfassung zu
1819 1346 2925 1407 kurz kommen — die Hauptsache ist, daß Herr Reumann
1813 1389 2923 1468 für einige Tage den Ruhm hat, sein bewährtes System
1817 1437 2929 1510 der Stadtverunreinigung auch auf das Literarische über¬
1814 1493 2926 1558 tragen zu haben, und Direktor Bernau weiter seine
1813 1548 2774 1607 Ueberpreise für Schweinernes einheimsen kann.
1902 1586 2929 1653 Bürgermeister Reumann hat heute im Wiener Ge¬
1817 1648 2936 1705 meinderate den Standpunkt eingenommen, auch er ver¬
1814 1685 2932 1756 urteile moralisch das umstrittene Stück, doch er bestehe auf
1826 1745 2931 1806 einem Rechte, als verfassungsmäßige letzte Instanz in
1814 1785 2937 1857 Theatersachen zu entscheiden. Wenn es nur verfassungs¬
1814 1835 2934 1904 mäßige Gründe sind, die ihn abhielten, seiner Verurtei¬
1814 1888 2930 1955 lung des Stückes praktischen Ausdruck zu geben, warum
1814 1932 2929 2004 hob er das Verbot der ihm unterstellten Wiener Polizei¬
1823 1989 2937 2061 direktion, mit dem die Affäre anfing, auf? Er hätte es in
1813 2029 2937 2107 der Hand gehabt, diesen Skandal, den er kommen sehen
1812 2078 2943 2162 mußte, namentlich nach den Erfahrungen von München
1813 2128 2930 2196 und Berlin, in der Wurzel zu ersticken. Er ließ es darau
1816 2173 2936 2240 ankommen. Er und niemand anderer ##ranstaltete mit
1826 2227 2948 2290 seiner Aufhebung des bereits erfolgten polizeilichen
1823 2271 2940 2346 Verbotes eine Machtprobe, ob seine Gewalt aus¬
1832 2321 2943 2392 reiche, selbst eine solche Herausforderung der anständigen
1821 2390 2338 2452 Bevölkerung durchzusetzen.
1916 2407 2937 2503 Es entbehrt nicht eines gewissen, pikanten Reizes,
1828 2477 2941 2545 wenn wir angesichts dieser Tatsachen die Gracchen wie¬
1825 2524 2945 2598 der einmal über Aufstand klagen hören, wenn dieselben
1821 2575 2948 2645 Leute über Verfassungsbruch Zeter und Mordio schreien,
1832 2622 2945 2692 die hier selbst die Verfassung herabwürdigen und in den
1835 2665 2949 2737 Ulebergriffen ihrer Arbeiterräte, in versuchten und wirk¬
1828 2719 2944 2787 lich erfolgten Eingriffen in Schulfragen und Koalitions¬
1825 2763 2947 2840 freiheit gegenüber der Verfassung und den Rechten
1824 2829 2706 2899 des Staates reichlich das Ihre getan haben.
1921 2863 2946 2944 Bis zur Entscheidung des Verfassungsgerichtshofes
1822 2922 2945 2992 wird es also der Firma Reumann und Bernau möglich
1828 2966 2959 3045 sein, den Theaterschmutz und die Herabwürdigung der
1827 3015 2960 3087 Kunst weiter zu kultivieren. Dies umso leichter, als die
1835 3067 2952 3135 Masse der politischen Anhänger des Herrn Reumann be¬
1834 3116 2962 3184 stimmt nicht in die Lage kommen wird, sich aus eigener
1826 3167 2960 3233 Anschauung ein Urteil darüber zu bilden, mit welchem
1833 3208 2952 3282 Rechte das Oberhaupt von Wien sich schützend vor dieses
1838 3258 2956 3323 Drama der obszönen Enthüllungen stellt, die für eine
1838 3309 2960 3373 kleine Schar von jenen sittenlosen Genießern reserviert
1846 3354 2955 3427 ind, deren übersättigte und abgestorbene Instinkte durch
1833 3404 2958 3469 die zehn Reigendialoge einen neuen Kitzel erfahren.
1831 3450 2954 3520 Mit einer bemerkenswerten Offenheit räumen die
1836 3504 2958 3573 sozialdemokratischen Führer in der heutigen Sitzung der
1824 3546 2965 3620 Nationalversammlung ein, zu wissen, daß die Prole¬
2968 1255 3286 1342 tarier, die sch
2960 1327 3306 1392 Männer und Fr.
2973 1371 3279 1443 und Zugstückes
2973 1422 3300 1490 scheinlich mit E
2965 1472 3295 1536 wenden würden,
2970 1519 3311 1587 als Vorwand für
2975 1570 3294 1635 dungen von ein
2971 1615 3309 1681 Weibern verwend
2976 1666 3305 1734 daß nach dem U
2971 1715 3301 1779 innere künstlerise
2973 1763 3297 1826 geheuerliche Sche
2976 1809 3313 1875 schwerste und dus
2980 1860 3282 1936 öffener Bühne
2973 1905 3260 1969 gelten ihnen
2973 1953 3304 2020 Volkes, die Vom
2976 2003 3310 2062 und zur inneren
2983 2046 3302 2111 sittlichen Gesellsch
2981 2095 3284 2168 geschädigte Ruf
2972 2149 3297 2217 und Obhut ande
3076 2195 3302 2255 Die bobenst
2985 2240 3295 2313 ihnen nie verges
2984 2288 3299 2349 willen hohe ge
2975 2330 3310 2405 rassiger Theatern
2977 2382 3310 2444 und ihr Pubtik
2986 2429 3276 2502 gegenüber dem
2975 2483 3300 2546 aufzuspielen wa
2978 2528 3263 2603 offenkundigen
2984 2576 3278 2647 usurpirt, mit
3083 2628 3300 2682 Der wider
2987 2675 3297 2735 Gesicht marxisti
2985 2719 3262 2787 Zeit bitterster
2977 2770 3203 2843 gernden un
