3436 4384
287 177 802 284 11. Reigen
989 189 1393 268 box 17/2
1481 130 2164 207 so stelte sich denn auch ein da
1484 183 2158 255 Publikum ein, dem es ein begreifliches
1488 227 2161 298 Vergnügen machen mußte, seine „Frei¬
1485 277 2165 353 geistigkeit“ durch lauten Beifall darzu¬
1487 331 2160 397 tun. Es ist das bei der Massenverbreitung
1484 372 2169 463 dieses Freisinns gegenwärtig allerdings
1488 427 2165 500 ein ziemlich billiges Vergnügen; jeden¬
1485 470 2168 553 falls gehört unter den Umständen, von
1493 523 2176 599 denen die Entrüstungsversammlungen
1501 573 2179 642 der Goethebunde noch vor ein paar
1493 614 2183 701 Jahren Zeugnis ablegten, mehr Mut
1492 677 2171 743 dazu, sich durch die Tat zu gegenteiligen
1496 715 2181 795 Ansichten zu bekennen. Ich wenigstens
1505 766 2175 853 glaube dem „Denunzianten“ dieses Zu¬
1509 815 2190 900 geständnis machen zu müssen, wenn
1500 862 2181 945 auch sein Mut zu großem Teil mit auf
1502 919 2182 988 einer gewissen geistig sittlichen Be¬
1516 953 2190 1037 schränktheit beruhn mag. Meines Er¬
1506 1009 2196 1079 achtens ist die ganze Sache, um die
1515 1051 2201 1130 es sich dreht, des Aufhebens in dieser
1511 1104 2195 1185 Weise überhaupt nicht wert. Die Dia¬
1503 1206 2188 1270 loge Schnitzlers beleuchten das Ver¬
1500 1259 2189 1325 halten einer Reihe von „Repräsen¬
1501 1312 2189 1370 tanten der Menschheit“ inbezug auf
1505 1363 2190 1412 die „Geschlechtsfrage“ und zwar zum
1504 1409 2187 1460 größten Teil ihr Verhalten in den ver¬
1506 1456 2181 1514 schiedenen Stadien der Geschlechtser¬
1502 1503 2179 1561 regung; sie weisen zum Teil mit
1502 1552 2181 1606 „pikant“ spielendem Humore, zum Teil
1504 1601 2181 1660 mit schärferer Satire auf charakteristi¬
1505 1650 2183 1713 sche Besonderheiten und typische Vor¬
1505 1697 2178 1752 fälle dabei wie auf die vielen Lügen,
1506 1745 2176 1804 Verstellungskünste, Phrasen hin, mit
1506 1801 2181 1853 denen das Geschlechtsleben sein eigent¬
1499 1843 2178 1896 liches Wesen zu verhüllen liebt. Dieses
1499 1887 2176 1959 eigentliche Wesen wird von Schnitzler
1493 1937 2175 1999 freilich einseitig als ein durchaus raf¬
1499 1993 2174 2049 finiert oder roh, zum mindesten aus¬
1505 2038 2173 2107 schließlich sinnliches gefaßt, doch kann
1502 2093 2174 2139 ich ihm daraus bei der ausgesprochen
1495 2135 2182 2189 satirischen, also von vornherein „tenden¬
1499 2189 2184 2243 ziös“ spöttischen Richtung des Stückes
1496 2234 2176 2288 nicht gerade einen schwereren Vorwurf
1498 2285 2174 2344 machen, auch stört mich ein gelegentliches
1498 2332 2183 2387 und zuweilen selbst schablonenhaftes
1503 2383 2173 2434 Karikieren bei Schnitzler weniger als
1506 2431 2177 2501 die allzu intime und ausführliche Be¬
1499 2487 2181 2545 handlung des ganzen Themas: das
1509 2533 2181 2593 heißt denn doch, wenn man die
1509 2570 2182 2644 „Frage“ nicht weiter faßt, als Schnitz¬
1501 2623 2185 2691 ler tut, meinem Empfinden nach
1504 2676 2178 2732 der Bedeutung des Gegenstandes für
1502 2722 2182 2786 alle, die nicht besondere Liebhaber auf
1506 2781 2175 2838 diesem Gebiete sind, zu viel Ehre an¬
1495 2827 2174 2880 tun; auch tritt dadurch die geistige
1502 2872 2181 2938 Auffassung manchmal bis auf allzu
1494 2920 2166 2971 geringe Reste vor der „vertraulichen
1503 2969 2177 3025 Schilderung des oft recht übelriechenden
1503 3015 2174 3082 Stoffes zurück, der sich dann als solcher
1505 3070 2184 3128 für empfindlichere Nasen unangenehm
1498 3118 2185 3170 bemerkbar macht. Wie solche Dinge alles
1504 3165 2174 3229 stofflich Anekelnden entkleidet werden
1506 3219 2183 3280 können, wenn sie von einem kräftigeren
1510 3261 2181 3331 „geistigen Sehen“ stärker stilisiert er¬
1512 3314 2174 3379 scheinen, dafür bringt der Simpli¬
1501 3360 2183 3423 zissimuszeichner Heine in seinen zahl¬
1500 3406 2182 3461 reichen humoristischsatirischen Darstel¬
1503 3456 2182 3525 lergen und Linienspielen überzeu¬
1496 3505 2178 3566 gende Beispiele auch für den, dem
1507 3555 2179 3614 das Wesen dieses Heineschen Geistes
1504 3602 2179 3677 nicht im mindesten behagt. Unter
1529 3660 1844 3742 2. Juliheft 1903
2240 1183 2919 1275 keinen Umständen aber eignen sich, was
2234 1258 2911 1320 auch Gumppenberg in den Münchner
2234 1311 2911 1362 Neuesten Nachrichten betonte, diese Dia¬
2229 1364 2911 1424 loge dazu, mit dem vielen „Unbeschreib¬
2226 1410 2908 1468 lichen“ das die Buchausgabe unter
2241 1448 2918 1523 Gedankenstrichen begräbt, auf der Bühne
2232 1505 2912 1557 ins Leben gerufen zu werden. Be¬
2233 1556 2910 1614 denkt man ferner, daß von den zehn
2227 1600 2914 1656 Dialogen nur drei aufgeführt wurden,
2238 1651 2910 1712 die unmöglich, wie die hiesige Kritik
2226 1699 2909 1757 gleichfalls mit Recht hervorhob, die
2230 1746 2914 1811 geistige Tendenz des Autors in voller
2238 1797 2910 1852 Schärfe hervortreten lassen konnten,
2236 1851 2918 1914 so erscheint einem das Vorgehen des
2225 1898 2907 1959 Akademisch=dramatischen Vereins vom
2226 1947 2912 2006 ästhetischen Standpunkt aus vollends
2233 1995 2470 2056 unbegreiflich.
2289 2025 2915 2100 Freilich denkt man daran, was uns
2234 2092 2909 2149 unsre Bühnen in den letzten Wochen
2239 2143 2910 2204 an Premièren sonst zu verdauen ge¬
2231 2188 2913 2256 geben haben, so könnte man die Auf¬
2233 2237 2918 2305 führung des „Reigens“ beinahe doch
2228 2290 2911 2355 noch als künstlerische „Tat“ empfinden.
2231 2378 2913 2451 flauenden Saison hingehn, daß uns
2238 2434 2914 2500 das Münchner Schauspielhaus als
2239 2484 2909 2538 Gastspielstücke die sentimental ange¬
2225 2533 2919 2606 richtete Volksküchenbrühe einer Dame
2228 2580 2902 2643 aus Wien und den „Gemeinen“
2231 2631 2911 2686 Felix Saltens vorgesetzt hat, der
2234 2676 2922 2748 im wesentlichen mit denselben Wür¬
2235 2723 2910 2781 zen hantiert, wenn er auch mehr
2229 2779 2911 2838 künstlerischen Geschmack und mehr
2235 2820 2910 2890 Talent zu äußerlicher Milieudarstel¬
2228 2871 2910 2937 lung verrät! Wie aber kommt unser
2234 2919 2914 2985 „vornehmes“ Residenztheater, wie
2226 2966 2909 3034 kommt der hierzuland als kunstför¬
2228 3015 2917 3087 dernder Halbgott verehrte Herr von
2225 3065 2900 3139 Possart dazu, uns eine solche rohe Ver
2228 3114 2910 3179 gewaltigung eines tiefernsten Werkes,
2234 3176 2911 3223 eine solche plump=sentimental=konven¬
2231 3215 2909 3278 tionelle Ausschlachtung zu Sensations¬
2237 3263 2912 3333 und Kassenzwecken, wie die Drama¬
2225 3316 2914 3379 tisierung der „Auferstehung" von
2233 3351 2910 3412 Tolstoj durch H. Bataille in der
2225 3418 2910 3469 Uebersetzung von Annie Neumann¬
2229 3453 2914 3516 Hofer eine ist, mit Pomp vorzuführen?
2231 3509 2911 3565 Ich begreife, daß auch ein königliches
2227 3557 2907 3621 Hoftheater Geschäfte machen will, muß
2232 3614 2912 3677 es aber zu dem Zweck Schändungen am
2794 3686 2876 3738 581
