3392 4352
2636 448 2998 513 Preis für die Tschecho¬
436 458 813 517 Preis in Wien u. die
1578 399 1868 531 Kleine
510 495 740 551 Pront# täglich
2687 490 2949 543 Slowakei täglich
2627 529 2988 609 30 isch.=fl. Heller
485 539 754 618 80 Heller
2651 585 2975 654 Hauptverwaltung.
499 609 745 669 Schrirtleitung
2636 641 2979 684 Ankündigungen. Auf
491 656 768 712 und Druckerei:
2635 677 2981 723 nahme, Aufnahme v#
572 695 686 744 Wien,
2654 717 2981 765 Kleinen Anzeigen:
460 701 796 780 # Fletschmarkt 3,
2629 753 2988 810 I., Schulerstraße 16.
495 763 748 821 Steyrerhot 3.
1217 757 1532 835 St
2631 794 2996 854 Fernsprecher Nr. 5196
438 801 807 864 Fernsprecher Nr. 16606,
2702 831 2930 884 und Nr. 121.
1019 810 2375 904 Die Kleine Bolts=Zeitung kann nur dnrch die Verschleißstellen bezogen werden.
435 847 809 901 16602 und 20797.
1055 879 2336 940 Ankündigungen übernehmen alle Aufnahmestellen im In= und Auslande.
2652 959 3008 1039 67. Jahrgang.
1213 962 2083 1045 Wien, Samstag, 12. Februar 1921
403 974 617 1050 Nr. 42
2908 1010 3034 1084 LRL
2165 1111 3039 1156 den Ordnungsruf erhielt. Die Sozialdemo¬
1834 1106 1923 1180 44
2175 1145 3035 1194 kraten gaben ihrer Opposition gegen den
603 1153 1862 1249 Der Kumpf Ain den „Reigen
2178 1190 3035 1242 Ministar auch dadurch Ausdruck, daß sie sofort
2811 1232 3044 1286 ersten
2647 1235 2814 1289 drei
2237 1235 2501 1292 Vornahme
2498 1238 2636 1289 von
2180 1237 2242 1291 die
1440 1219 2145 1302 Richtbeachlung des Verbotes
376 1232 1305 1322 Verhot seitens der Bu##desregierung.
2172 1275 3034 1329 Lesungen, darunter zur Wehrgesetz¬
919 1297 1624 1372 seitens der Landesregierung.
2174 1319 3034 1370 novelle, verlangten; dabei wird es vor¬
2168 1363 3033 1410 aussichtlich zu neuen Sturmszenen kommen.
1287 1340 2150 1414 liche Anfrage an die Regierung ein, die sofort
408 1368 1228 1452 Käufereien und Krawalle im Nationalrat.
2175 1409 3037 1458 Auch im Budgetausschusse gaben sie ihrer
1280 1412 2139 1474 in Verhandlung gezogen werden mußte. Aus
576 1431 1089 1500 Ein Verfassungskonflikt.
2172 1452 3041 1504 Stimmung durch den Antrag Ausdruck, den
1279 1448 2141 1516 den Reden der sozialdemokratischen Wort¬
431 1477 1246 1533 * Die weiteren Aufführungen von Artur
2171 1500 3043 1554 nicht sofort anwesenden Minister Glanz zum
1299 1496 2143 1545 ührer ging hervor, daß diese sich keineswegs
367 1529 1250 1581 Schnitzlers Szeyenreihe „Reigen“ in
2176 1539 2639 1608 Erscheinen aufzufordern.
1297 1540 2138 1588 ür das Stück begeistern, daß sie aber in dem
382 1570 1256 1630 den Kammerspielen, Kdie einige junge Leute
1287 1581 2147 1634 Verbot des Ministers einen verfassungs¬
380 1614 1245 1667 am letzten Monsag durch Kaute Zwischen¬
2292 1593 2911 1695 Der Verlauf der Sitzung.
1282 1623 2142 1681 widrigen Eingriff in die Rechte des
377 1661 1255 1714 rufe zu stören sychten, sindz gestern vom
1292 1671 2144 1726 Bürgermeisters von Wien als Landeshaupt¬
2228 1668 2974 1750 Die dringliche Anfrage der Sozial¬
381 1702 1249 1757 Bundesminister fur! Inneresé Tr. Glanz
1291 1703 2146 1774 mann von Wien erblicken. Bundesminister
2473 1724 2728 1790 demokraten.
375 1754 1245 1801 auf Grund des § 50 der Theatérverordnung
1295 1758 2138 1807 Dr. Glanz fand nicht nur schärfsten Wider¬
2246 1761 3041 1835 Nach Erledigung der Tagesordnung wies
390 1790 1257 1851 vom Jahre 1850 virboten worden, ohne
1288 1797 2140 1858 spruch der Sozialdemokraten, als er seinen
2173 1814 3039 1889 Abg. Leuthner in einer dringlichen An¬
384 1823 1244 1881 daß aber dieses Vetbot die Einstellung der
1294 1843 2144 1898 Standpunkt verteidigte, der Lärm schwoll zu
2168 1872 3031 1928 frage darauf hin, daß das Verbot des „Reigen“
384 1876 1256 1943 Vorstellungen bisher zur Folge gehabt hätte.
1293 1882 2146 1939 einem riesigen Tumult an, als der Minister
2176 1907 3048 1964 verfassungswidrig sei, da zur Ausübung der
374 1922 1246 1973 Die Sozialdemokraten, die auf dem Stand¬
1294 1928 2151 1989 eine Rede mit dem Ausspruch beendete, daß
2174 1957 3036 2006 Theaterzensur in Wien einzig und allein der
374 1974 1251 2021 punkt stehen, daß der Minister damit einen
1642 1974 1756 2028 alle
1828 1973 2140 2037 anständigen
2172 1995 3048 2049 Landeshauptmann von Wien befugt sei. Das
372 2006 1249 2056 verfassungswidrigen Eingriff in die
1294 2018 2139 2072 Menschen billigen würden. Darin er¬
2172 2037 3056 2092 Verbot beweist, daß der Regierung das Diktat
387 2050 1260 2101 Rechte des Landes Wien begangen
1291 2062 2137 2114 blickten die Sozialdemokraten eine Beleidigung
2179 2081 3043 2133 er Klerikalen höher stehe, als die Be¬
380 2085 1251 2141 habe, da der Bürgermeister als Landes¬
1284 2099 2143 2147 ihrer ganzen Partei und nun erhob sich ein
2183 2125 3047 2181 timmungen der Verfassung. Es wird schließlich
384 2135 1244 2191 hauptmann die Aufführungen bewilligt hat
1289 2145 2140 2202 Sturm der Entrüstung, wie ihn das Haus noch
2180 2174 3047 2240 gefragt, ob der Bundesminister den Erlaß
386 2177 1258 2232 brachten im Nationalrat eine scharfe Inter¬
1301 2187 2141 2233 elten mitgemacht hat. Mit geballten Fäusten
2201 2202 2848 2282 ofort zurückziehen wolle.
384 2214 1261 2284 pellation ein, bei deren Erörterung es
1306 2231 2139 2281 ürmten gerade jene Sozialdemokraten, die
389 2265 1249 2325 zu Sturmszenen und Keilereien
1296 2274 2148 2331 ich besonders durch Stimm= und Kraft¬
2168 2260 3052 2340 Die Erwiderung des Ministers Dr. Glanz.
391 2304 1253 2382 zwischen Sozialdemokraten und Christlich¬
1294 2321 2145 2372 aufwand hervortun, so die Abgeordneten
2253 2329 3040 2394 Bundesminister Dr. Glanz: Schon vor
389 2352 646 2429 sozialen kam.
1284 2362 2143 2413 Zelenka, Witternigg, Forstner, auf
2174 2385 3046 2435 der Zulassung des „Reigen“, die durch den
466 2374 1261 2462 Dem Verbot des Bundesministers ging
1284 2408 2144 2462 die Ministerbank los, schlugen daselbst
2180 2423 3044 2478 Magistrat in seiner Eigenschaft als politische
375 2436 1250 2499 ein Schriftenwechsel zwischen dem Minister
1289 2450 2144 2496 auf den Tisch und riefen dem Minister im
2174 2471 3038 2529 Landesstelle erfolgt ist, hatte der Polizei¬
386 2488 1252 2540 und dem Landeshauptmann einer= und dem
1295 2491 2140 2542 Thor zu: „Was wagen Sie da zu sagen? Wer
2177 2520 3047 2565 präsident von Wien auf die schweren
388 2526 1253 2582 Polizeipräsidenten andererseits voraus. Schon
1298 2535 2143 2585 st ein unanständiger Mensch, Sie Lakaien¬
2180 2558 3040 2608 Bedenken gegen die Aufführung dieses
388 2573 1250 2623 vor der Zulassung des „Reigen“ durch den
1293 2579 2138 2632 seele!“ Die weiter rückwärts stehenden Abge¬
2182 2604 3034 2650 Bühnenwerkes aufmerksam gemacht. Die Auf¬
379 2614 1246 2667 Magistrat Wien als politischer Landesbehörde
1294 2621 2142 2668 ordneten unterstützten sie mit dem Rufe:
2183 2649 3043 2698 ührung des Stückes gab alsbald zu leb¬
391 2656 1262 2725 hatte der Polizeipräsident Schober dem
1291 2666 2143 2717 „Hinaus mit ihm, so was lassen wir uns nicht
2821 2686 3043 2740 in der
2176 2689 2824 2747 haften Erörterungen
397 2707 1250 2758 Bürgermeister Reumann die Bedenken
1289 2712 1882 2769 gefallen, das ist eine Frechheit!“
2170 2730 3040 2788 Oeffentlichkeit Anlaß. Hiebei sprach sich die
389 2742 1261 2800 mitgeteilt, die einer Aufführung des Stückes
1366 2759 2143 2822 Bleich stand Minister Glanz da, die
2177 2781 3036 2820 uberwiegende Mehrzahl der
395 2796 1252 2842 entgegenstünden. Der Magistrat holte ein
1297 2799 2139 2855 Thristlichsozialen kamen ihm zuerst mit
2183 2815 3041 2869 ffentlichen Stimmen gegen die
387 2832 1250 2884 Gutachten des Zensurbeirates ein und erteilte,
1293 2849 2141 2904 Applaus zu Hilfe, sodann aber drängten sie
2181 2844 3041 2914 Aufführung aus. (Abg. Seitz: Wo haben
385 2876 1249 2927 da dieser keinerlei Einwendungen gegen die
1294 2901 2138 2956 eiligst gegen die Sozialdemokraten heran.
2179 2904 2795 2963 Sie das gezählt? Großer Lärm.)
385 2924 1260 2971 Aufführungen erhob, die Bewilligung. Als
1288 2936 2157 3002 Und nun wurden gegenseitig Püffe
381 2964 1255 3015 dann in der Oeffentlichkeit sich Stimmen
2395 2945 2807 3042 Die Tumultszenen.
1296 2988 2154 3045 zusgetauscht und es hatte den Anschein,
383 3012 1253 3074 gegen den sittlich bedenklichen Inhalt des
1286 3024 2153 3084 als ob es jeden Augenblick zum Hand¬
2258 3022 3038 3084 Mehrere Sozialdemokraten dringen auf
383 3045 1263 3098 Stückes erhoben, richtete der Bundesminister
1292 3068 2142 3127 gemenge kommen würde. Von den Christ¬
2177 3073 3042 3126 den Platz des Ministers ein und schleudern
386 3095 1256 3152 an Bürgermeister Reumann die Aufforderung,
1287 3115 2150 3166 lichsozialen war der alte Abgeordnete Fink,
2174 3114 3041 3171 stürmische Zurufe gegen die Minister¬
383 3147 1250 3192 zu der neuen Sachlage Stellung zu nehmen.
1284 3156 2146 3201 von den Sozialdemokraten die Abgeordneten
2187 3159 3049 3209 ank. Der Präsident erteilt in dem herrschenden
389 3181 1249 3240 Reumann erklärte jedoch, daß er nicht in der
1292 3198 2152 3250 Bauer und Seitz bemüht, die Streitenden
2176 3204 3045 3258 Lärm mehreren Abgeordneten Ordnungs¬
389 3222 1251 3279 Lage sei, die erste Entscheidung abzuändern.
1300 3238 2150 3297 u beschwichtigen. Als Abg. Sever gleich¬
2181 3242 3046 3299 rufe. Der Tumult im Saale steigert
389 3267 1258 3322 Nun ging der Bundesminister mit dem Verbot
1294 3292 2144 3341 falls beruhigend eingriff, versetzte ihm der
2176 3290 3041 3346 sich, als der Minister mit den Worten schließt:
400 3316 1260 3367 vor, das gestern mittags dem Bürgermeister
1296 3330 2154 3384 christlichsoziale Abgeordnete Pischitz einen
2176 3330 3033 3393 Ich werde auf die gegen mich persönlich ge¬
396 3358 1256 3407 mitgeteilt wurde. Der Bürgermeister verwies
1294 3369 2154 3425 Stoß ins Gesicht. Minutenlang
2182 3371 3037 3433 ichteten Angriffe nicht näher eingehen, ich
386 3399 1258 3455 in seiner Antwort darauf, daß dieser Erlaß
1288 3415 2145 3463 dauerte der Larm, das Gedränge und
2176 3401 3036 3479 glaube, das Urteil über mein Wirken aber
393 3437 1252 3495 den gesetzlichen Bestimmungen nicht ent¬
1303 3459 2145 3504 oben vor der Ministerbank, man hörte die
2200 3464 3043 3533 edem anständigen Menschen
392 3488 1263 3553 spreche und daher von ihm nicht zur
1297 3502 2144 3553 Glocke des Präsidenten, vernahm aber nicht
2184 3502 2573 3564 iberlassen zu können.
396 3529 1263 3607 Kenntnis genommen werden
2256 3519 3041 3601 Die Christlichsozialen nehmen diese Worte
1294 3539 2144 3599 ein Wort. Erst nachträglich stellte sich heraus,
411 3576 567 3636 önne.
2177 3594 3036 3648 mit stürmischem Beifall auf, während die
1295 3591 2147 3636 daß er eine ganze Anzahl Ordnungs¬
2188 3634 3041 3686 Sozialdemokraten mit tobendem Lärm ant¬
1290 3637 2144 3687 rufe erteilt hat. Halbwegs ruhig wurde es
557 3630 1115 3701 Die Skandale im Parlamenk.
2180 3667 3034 3726 worten. Die Abgeordneten Zelenka,
1289 3680 2147 3737 erst, als Präsident Seitz in seiner Eigen¬
593 3698 1083 3773 Raufende Abgeordnete.
2180 3709 3039 3767 Witternigg und Forstner schlagen
1294 3718 2151 3780 schaft als Abgeordneter das Wort ergriff. Er
2175 3761 3037 3819 mit den Fäusten auf den Regie¬
485 3740 1258 3819 Im Laufe der Sitzung war im National¬
1302 3766 2154 3823 vendete sich in schärfster Weise gegen die
2177 3795 3042 3860 rungstisch und ruten in höchster Er¬
399 3808 1267 3853 rat die Verfügung des Mmisters des Innern
1300 3805 2157 3857 Ausführungen des Ministers Glanz und griff
2177 3835 3039 3895 regung: „Wer ist ein unanständiger Mensch?
400 3848 1258 3904 bekanntgeworden und der sozialdemokratische
1288 3850 2148 3905 diesen zum Schluß persönlich so hestig an, daß
2184 3886 2674 3948 Sie Lakaienseele!“
392 3891 1259 3952 Abgeordnete Leuthner brachte eine dring¬
1295 3889 2145 3967 er dafür vom Präsidenten Dr. Dinghofer
