3392 4224
954 109 1353 198 box 17/1
262 109 761 220 11. Reigen
306 1244 838 1316 müssen seinen, Ozederlelhe#,
304 1305 1296 1358 dieser nur die Konsequenzen aus dem 1867er Gesetze
310 1351 1294 1400 zieht. Er führt dann aus, daß man aus diesem Ge¬
319 1393 1306 1450 etze das ungarische Heer eskamotirt und ein gemein¬
313 1432 1294 1486 sames Heer daraus gemacht habe. Dann hat man das
312 1480 1295 1543 Recht der Nation auf ihre Sprache konsiszirt und ein
309 1521 915 1576 Majestätsrecht daraus gemacht.
390 1553 1106 1611 Präsident suspendirt die Sitzung.
307 1650 1304 1703 Charakterisirungsvermögen, seine Menschenkenntniß
313 1700 1299 1753 und sein Witz, doch der „Reigen“ selbst ist das leicht¬
313 1738 1309 1793 fertigste, aller Werke des Wiener Dichters; — selbst¬
315 1791 1302 1838 verständlich, daß es den größten Erfolg hatte. Vor
321 1824 1306 1877 Jahr und Tag schrieb Schnitzler eine Novelle: „Die
316 1873 1302 1923 Todten schweigen“, die zu den besten und schönsten
317 1905 1304 1962 Werien der deutschen Literatur gehört, doch diese
316 1959 1306 2011 tiefe, innige, rührende Arbeit ging fast spurlos ver¬
312 2001 1305 2052 loren. Anders der „Reigen“, der „Sensation“ macht
315 2041 1302 2096 und jetzt, nachdem das Buch in Deutschland verboten
312 2087 1311 2138 wurde, noch mehr Aufsehen und noch mehr Auflagen
326 2128 1304 2184 hervorrufen dürfte. Im „Reigen“ schildert Schnitzler
328 2177 1312 2224 en letzten Akt der Liebe. Wie die Dirne, die Schau¬
329 2221 1304 2265 vielerin, die kokette Frau und die dazu passenden
319 2256 1306 2306 Männchen sich geberden, wenn sie die letzten Schleier
320 2304 1308 2362 der Scham fallen lassen. Trotz der feinen Beobach¬
320 2345 1320 2396 tungen und geistvollen Bemerkungen ein abstoßendes
321 2386 1312 2439 Buch. Es macht den Eindruck einer eleganten Garcon¬
328 2428 1306 2483 wohnung, von der man nur die — Nebenräume sieht.
333 2472 1317 2525 Wenn Heine ruft: „Weißt Du, mein Kind, was Liebe
322 2512 1319 2573 ist? Ein Stern in einem Haufen Mist“, so hat
330 2569 1317 2620 Schnitzler in seinem Reigen der Liebe Alles genau
318 2600 1047 2675 geschildert, ... nur nicht den Stern.
419 2629 1321 2699 Und diese drei Bücher erzielen große Erfolge. Die
320 2688 1313 2746 enormen Auflagen können jedoch nur Diejenigen über¬
323 2729 1315 2796 raschen, welche den Dingen nicht auf den Grund gehen
1231 2771 1325 2829 die
330 2773 1218 2832 und die Zusammenhänge nicht sehen wollen,
337 2814 1325 2883 Autoren mit Lesern verbinden. Die Antoren haben
331 2860 1322 2919 nämlich absichtlich oder unabsichtlich den perversen Ge¬
332 2902 1326 2965 schmack der großen Menge getroffen. Lientenant Bilse
332 2944 1326 3009 findet Beifall, weil er der Skandalsucht fröhnt, die
332 2999 1320 3050 Frauen seiner vorgesetzten Offiziere an den Pranger
344 3041 1324 3095 tellt und das schmutzige Treiben in einer kleinen Gar¬
324 3075 1354 3147 nison enthüllt. Daß er wegen seines Buches noch ein¬
1851 1236 2350 1298 —eia. sOVe Alletouf autP T
1335 1270 2316 1353 schusses über die Vorlage betreffend die Inartikulirung
1341 1337 2314 1396 insichtlich des Schutzes der Donaufischerei mit Rumä¬
1333 1379 2320 1433 nien abgeschlossenen Vertrages vor. Der Bericht wird
1333 1428 2307 1484 in Druck gelegt, vertheilt und seinerzeit auf die Tages¬
1330 1472 1790 1536 ordnung gestellt werden.
1416 1501 2320 1572 Sodann folgte die Interpellation Julius Hor¬
1319 1542 1451 1613 väths.
1344 1642 2326 1704 jesperrt wurde, macht dieses nur interessanter, denn
1341 1689 2311 1742 dadurch wird die Authentizität der Ehebrüche sozu¬
1344 1724 2322 1788 agen antlich beglaubigt. Fräulein Mombert wieder
1345 1775 2315 1827 eizt durch ihre Persönlichkeit, denn eine junge Dame,
1339 1822 2317 1873 die ungenirt Cochonnerien erzählt, findet immer Be¬
1344 1856 2314 1915 vunderer. Der alte Schlögl hat einst in Wien dagegen
1336 1913 2319 1970 gewettert, daß kleine Kinder in Wirthshäusern Zoten
1344 1941 2321 2002 singen und sein Feldzug machte auch dieser moralischen
1341 1992 2316 2043 Roheit ein Ende. Man hört jetzt nicht mehr fünfjährige
1343 2036 2327 2093 Mädchen auf den Bühnen der „Volksmuse“ Lieder
1338 2074 2317 2134 zirpen, die einen Lieutenant (und wäre er auch aus
1341 2117 2319 2173 der kleinsten Garnison) erröthen lassen. Doch einen
1343 2165 2325 2220 ähnlichen krankhaften Reiz auf die Menge, wie ihn
1337 2204 2323 2260 die kleinen Volkssängerinen seinerzeit ausübten, übt
1348 2246 2326 2305 jetzt die vornehme junge Dame aus, welche uns das
1341 2296 2324 2351 perverse „Nixchen“ von innen und außen zeigt. Und
1354 2336 2319 2399 such Schnitzler wirkt eigentlich nur „sensationell“, weil
1345 2376 2323 2433 das Lesepublikum sehen will, wie sich ein begabter
1352 2427 2329 2484 Dichter zum Zotenerzähler erniedert. Der Zulauf, den
1349 2462 2322 2519 der „Reigen“ erzielt, ist der großen Wirkung vergleich¬
1345 2508 2321 2570 bar, die ein vornehmer Kavalier hat, der im Zirkus
1354 2558 2331 2608 auftritt. Wenn ein wirklicher König als Clown aufträte,
1345 2591 2324 2649 die Leute würden sich an den Zirkuskassen die Hälse
1359 2636 2328 2689 rechen!... Freilich, mit der Kunst hätten all diese
1358 2686 2334 2734 Wirkungen nichts zu thun und auch mit der Literatur
1361 2728 2331 2779 aben die Erfolge des Bilse=Mombert=Schnitzler=Klee¬
1356 2763 2327 2822 blättchens nichts zu schaffen. Es sind die perversen
1358 2807 2327 2864 Effekte perverser Bücher auf den perversen Geschmack.
1357 2852 2333 2908 Goethe läßt einmal einen alten Gelehrten, der in
1357 2906 2333 2948 einer Abendgesellschaft gewesen, über die Gäste klagen:
1680 2939 2332 3003 — ich würd sie nicht lesen.“ Nun
1356 2946 1680 3004 „Wärens Bücher,
1360 2980 2010 3045 denn, befolgt das Rezept Goethes!
1557 3027 2293 3114 Der Einsiedler vom Schwabenberg.
2357 1231 3289 1320 Reichbiageusgestonelen Flanz Steiner stattgeha
2363 1288 3229 1339 en Versammlung beschlossen, aus Anlaß der
2347 1328 3295 1384 26. d. stattfindenden Wahl das Mandat dem Un
2357 1383 3288 1427 versitätspoofessor Hofrath Dr. Béla Földes anz
2355 1421 3272 1473 ieten. Dies ist auch geschehen, doch hat Dr. F
2354 1472 3292 1521 des in einem an Franz Steiner gerichteten Schr
2348 1504 3288 1552 ben erklärt, daß es ihm seine Gesundheitsverhältni
2342 1552 3252 1601 verzeit nicht gestatten, dem Antrag Folge zu
2354 1643 3294 1729 Aus den Memoiren eines Theaterdirektor
2494 1718 3291 1780 Ich bin glücklich! Heute habe ich das Thea
2429 1725 2466 1781 *
2353 1770 3294 1823 übernommen und von allen Seiten regnet es bere
2605 1809 3292 1863 Zweitausendsiebenhundertunddreiß
2368 1815 2604 1872 Glückwünsche.
2352 1857 3287 1906 Gratulationsschreiben flogen mir zu und jedes die
2365 1894 3286 1954 Schreiben flehte den Segen des Himmels auf m
2355 1937 3275 2003 herab — bat aber auch um Freikarten. Wenn ich
2354 1983 3293 2036 die Hälfte der Freikartengesuche günstsc erledige, kal
2361 2035 3288 2091 ch in den ersten vier Wochen auf volle Häuser rechn
2437 2077 3292 2149 Eine Deputation von Künstlern erschien bei in
2362 2126 3285 2192 Herren und Damen in großer Toilette. Alle versp
2361 2175 3285 2242 hen, mich mit Begeisterung zu unterstützen. Der Li
2357 2224 3257 2292 haber und die Primadonna hielten wundervolle
2354 2263 3255 2317 den: .... „Ungarische Kunst... neue Aera
2365 2313 3261 2362 riotismus... Uneigennutz... Vorschuß!... Es
2363 2351 3290 2403 rührend. Alle weinten. Ich schwamm in Thränen
2366 2391 3278 2456 Wonne. O selig, o selig ein Theaterdirektor zu se
2435 2505 3271 2564 Meine größten Hoffnungen setzte ich auf eine
2366 2555 3279 2612 französische Operette, die zwei prächtige Damenro
2364 2601 3279 2651 enthielt. Doch meine Operettensängerinen wiesen
2363 2639 3283 2698 Partien entrüstet zurück. Die Eine warf mir die
2368 2685 3287 2741 Rolle vor die Füße, die Andere warf mir die and
2374 2724 3241 2790 Rolle ins Gesicht!... Ein hübscher Anfang.
2444 2781 3299 2851 Der Regisseur, den ich zu Rathe zog, erklärte
2373 2845 3259 2890 daß berühmte Operettensängerinen einen Hang
2369 2878 3269 2943 Einsamkeit haben; — wenigstens auf der Bühne.
2371 2920 3281 2974 wolien ganz allein sein, obwohl schon in der B
2379 2959 3296 3020 teht, daß es nicht gut wäre, wenn der Mensch allein
2368 3007 3294 3066 Man müßte ihnen Operetten. schreiben, in wel
2351 3052 3208 3120 überhaupt nur eine einzige Rolle vorkommt.
