3436 4224
828 170 1253 246 box 17/1
137 170 632 282 11. Reigen
202 1265 1137 1325 Frau und die junge Frau hat — wieder einmal —
199 1318 1134 1374 ein téte-ä-täte mit ihrem Gatten. Dieser selbe Gati¬
196 1366 1134 1431 soupiert mit einem süßen Mädel in einem cabiner
202 1414 1131 1471 particulier. Und das süße Mädel hat ein Verhältnis
205 1474 1131 1524 mit einem Dichter und dieser Dichter liebt eine Schau¬
198 1505 1140 1570 spielerin. Die Schauspic rin tanzt aber auch mit
195 1560 1130 1608 einem Grafen und der Graf findet sich mit derselben
196 1599 1138 1665 Dirne zusammen, die der Soldat in der ersten Szeue
198 1654 1136 1712 unter der Augartenbrücke küßte. So ist der Kreis des
195 1702 1145 1772 Reigens geschlossen. Und jede Szene ist wie ein Ro¬
198 1751 1127 1808 man, eingekapselt in einer Nuß, und all diese Romanc
200 1806 1125 1863 geben einen lustig klappernden Rosenkranz der Liebe
311 1847 1132 1909 Vor einiger Zeit ist — allerdings nur für Lieb¬
194 1880 1127 1952 haber und nicht für den Buchhandel — eine ganz
200 1942 1127 2005 prachtvolle deutsche Uebersetzung der Gespräche des
193 1991 1130 2053 Aretin erschienen. Und an Aretin muß man bei
189 2032 1128 2093 Schnitzler wiederholt denken. Nicht als ob Schnitzler
191 2082 1123 2138 die unerhörte satirische Gewalt Aretins besäße. Er
198 2130 1127 2192 ist auch beileibe nicht wie dieser der großartige Cyniter
196 2183 1132 2240 noch der virtuose Höllenbreughel der Liebe. Wo
189 2225 1123 2284 Aretin im kurioso dahinschmettert, zieht Schnitzler
197 2279 1119 2343 tempo di ralse vor. Keinen Augenblick darf und kam
198 2325 1122 2382 man vergessen, daß all die Geschichten in Wien spielen
200 2375 1120 2438 „Reigen“ verlangt nach Musik. Aber diese Suite hätte
193 2427 1117 2473 nur Johann Strauß schreiben können. Nein, die Ver¬
197 2471 1122 2519 wandtschaft mit Aretin liegt nicht in Ton und Thema
198 2517 1120 2578 sondern in einem tiefen Satze der Lebensweisheit, der
189 2569 1133 2620 beide zwar nicht aussprechen, aber den beide aus der
184 2609 1119 2674 Erlenntnis der L#be schöpfen. Man könnte dieser
189 2658 1123 2718 Satz in die Form fassen: die Liebe ist die ausgleichende
188 2712 1124 2764 Gerechtigkeit. Es ist eines der drolligsten Schauspiele
195 2759 1130 2815 in der Welt und unter Menschen, wie vor der Liebe,
189 2797 1152 2875 die selbst tausend Masken hat, alle Masken fallen.
1173 1241 2085 1351 Zan möchte, ein banales Wort varüerend, sagen
1184 1334 2098 1380 ### Liebe sind alle Katzen gran. Diese Arisheinst
1195 1379 2098 1436 enso tief. folgenschwer und gewichtig als sie irivial
1246 1422 2096 1481 alltäglich erscheint. Bei Aretin höhmt sie die
1162 1467 2093 1544 #chen und schreit auf in Haß und Verachtung.
1158 1517 2095 1584 Bel Schnitzler ist sie wie ein feines und kluges Lacheln,
1169 1571 2092 1623 wie ein liebenswürdiger Spott. Aber Schnitzler, in
1165 1610 2088 1683 Uen Werten sonst umr immer der Mann des Lächelns,
1150 1665 2091 1734 terschmäht diesmal auch das laute Lachen nicht. Es
1157 1714 2096 1771 gibt Stellen in seinem Buche, wo man lacht, bis Einem
1169 1756 2096 1826 die Thräuen kommen. Stellen von unbändigster
1157 1808 2082 1874 Komik, denn nie ist ein Meusch komischer als im Balz
1158 1854 2095 1923 gesang und =Tanz. Wir lachen über das Schneehuhn,
1157 1907 2090 1970 das auf der weißen Fläche seine verrückten Kapriolen
1158 1952 2090 2014 macht, um dem Weibchen zu gefallen und über den
1160 1994 2096 2062 Hahn, der in seinem Werbegesange den nahenden
1166 2049 2090 2110 Jäger nicht hört. Aber kein Schneehuhn und kein
1166 2096 2093 2157 Hahn kann sich an Komik mit dem Menschen messen.
1162 2145 2085 2204 Schnitzlers Buch stimmt Einen darum so heiter, wei
1158 2197 2086 2254 wir die tanzenden Paare wie durch eine Glasscheibe
1160 2238 2081 2291 von außen sehen und die Ballmusik dabei nicht hören
1157 2289 2084 2348 Wer aber jemals so als Zuschauer den Tanzenden
1154 2344 2091 2403 zugesehen hat, muß über ihr scheinbar unsinniges
1158 2386 2084 2446 Springen gelacht haben, was aber nicht hindert, da
1151 2436 2088 2494 auch er sofort mitspringt und sich mit im Kreise drehr,
1160 2475 2091 2544 wvenn die Musik an sein Ohr schlägt. Allen Lesern,
1160 2524 2082 2594 die sich weiß Gott wie erhaben dünken über die Hel¬
1160 2577 2084 2635 den des „Reigens“, mag der Liebestanzdichter die
1158 2622 2003 2701 selben Worte zurufen, die die Titentanzmalep
2020 2638 2087 2683 ver¬
1152 2672 1981 2749 kündeten: Von dir, mein Freund, ist die Rede!
1260 2709 1589 2783 Wien, 9. April.
1726 2760 2056 2838 Rudolph Lothar.
2125 1334 2650 1415 20.000 Kronen flüssig gemacht.
2224 1397 3073 1452 4% Einstellung der Güter=Auf= und Ab¬
2126 1446 3070 1497 gabe in der Halte= und Ladestelle Pisek=Stadt.
2132 1490 3059 1534 Aus Anlaß der Erweiterungsarbeiten in der Halte¬
2135 1531 3067 1583 und Ladestelle Pisek=Stadt, welche für den Personen¬
2126 1560 3065 1610 und Gepäckverkehr, sowie auch für Güter in Wagen¬
2129 1606 3060 1653 ladungen der Stadtgemeinde Pisek und der k. k. Tabak¬
2134 1642 3067 1699 abrik daselbst eröffnet ist, findet in der Zeit vom 15.
2133 1681 3074 1731 bis ungefähr 24. April 1903 keine Auf= und Abgabe
2134 1714 2425 1772 von Gütern statt.
2224 1749 3070 1831 #. Moldau=Dampfschifffahrt zwischen Karo¬
2124 1816 3068 1883 linental und Kletzan. Bei günstiger Witterung wird
2126 1863 3063 1929 während der beiden Österfeiertage die Dampfschiff¬
2126 1911 3070 1968 fahrts=Gesellschaft zur Besichtigung der Kammerschleußen
2129 1966 3060 2023 zwei Extradampfer von Karolinenthal nach Kletzan ab¬
2128 2010 3062 2075 fertigen; diese werden an allen Zwischenstationen an¬
2130 2059 3067 2119 halten. Die Abfahrt von Karolinental (Remise und
2119 2105 3062 2166 Station der elektrischen Bahn) um 2 und 2½ Uhr
2122 2150 3064 2216 Nachmittags, Rückfahrt von Kletzan um 5¾ hr Nach¬
2123 2201 2256 2267 mittags.
2192 2234 3050 2323 ** Von der Wetterwarte auf dem Keilberge.
2128 2302 3057 2369 Die Witterungsverhältnisse im verflossenen Lenzmonate
2124 2351 3071 2417 gestalteten sich sehr milde und in Folge de zahlreichen
2120 2396 3064 2466 sonnenhellen Tage (18) im Allgemeinen sehr günstig.
2124 2446 3065 2517 Die höchste Luftwärme, im Tagesmaximum mit + 11°
2125 2500 3060 2567 m Tagesmittel mit + 8•4°, wurde am 27. März ver¬
2110 2559 3059 2608 zeichnet, während die größte Kälte im Tagesminimum
2116 2598 3059 2661 mit —7•5°, im Tagesmittel mit — 5·70 per 11. März
2112 2639 3058 2713 brachte. Als mittlere Monatswärme ergibt sich —0•4%,
2106 2694 3058 2758 Am 2. und 3. März erreichte das Barometer seinen
2101 2741 3062 2811 tiefsten Stand, in dessen Begleitung sich im Gebirge
2114 2789 3062 2859 heftiger Schneesturm einstellte. Niederschläge fielen an
2111 2838 3063 2923 11 Tagen; hievon waren 6 Schneetage, an zwei Tagen
