3484 4352
1010 109 1427 192 box 18/3
300 115 835 211 11. Reigen
411 398 500 465 2
421 461 1593 557 die in Dresden die Zensur freigab, erscheinen freilich dagegen als
423 511 1210 583 wassee Ausgeburten sittlicher Entgleisungen.
1420 543 1534 599 J. K.
471 552 1584 645 Max Paulsen ist, wie uns aus Wien gedrahtet wird, als
415 586 1582 682 Nachfolger von Anton Wildgans mit der Leitung des Burgtheaters
417 633 1574 717 betraut worden. Paulsen ist mit Hedwig Bleibtreu verheiratet.
407 677 1588 758 Er hat als preußischer Offizier mit Auszeichnung den Weltkrieg
387 709 626 779 Maemacht
1198 818 1379 890 #uunzal
1337 1060 1444 1148 7.
590 1094 1240 1244 Ostsee-Zeitung
926 1226 1183 1324 Stettin
1043 1298 1314 1376 rer
895 1338 1052 1415 9.
900 1427 1287 1553 TAUG
643 1640 1372 1742 SchnitzlersReigen“ in Dresden.
479 1708 1590 1801 Aus Dresden wird uns berichtet: Im Dresdener Residenz¬
409 1767 1598 1835 theater fand die Erseaufführung von Schnitzlers „Reigen“ dieses
409 1807 1597 1876 Stückes, dessen Aufführung unserer Zeit „so not“ tut, durch das
396 1842 1593 1918 Berliner Küzistlerensemble unter der Leitung von Direktor Hubert
396 1884 1591 1954 Reusch vom Kleinen Schauspielhaus in Berlin statt. Man muß
411 1925 1500 1995 sagen, daß die Wiedergabe des Werkes in der anscheinend
1503 1943 1594 1992 für
403 1967 1487 2034 Drosden zurechtgemachten Form seinen Charakter, erheblich
1516 1985 1592 2031 ver¬
407 2010 1500 2071 wischt hat.* Sie wurde den „Intentionen“ des =Autors kaum
1505 2021 1586 2071 noch
394 2044 1596 2104 gerecht, brachte also insofern eine „Enttäuschung“. Dagegen war
398 2082 1505 2143 die Darstellung hervorragend, besonders Walter Tautz,
1528 2100 1595 2145 der
405 2120 1581 2186 glänzende Bouvicant vom Lustspielhaus, und Poldi Müller
401 2165 1581 2232 vom Kleinen Schauspielhaus zeigten eine überragende Gestal¬
390 2189 590 2260 tungstraft.
615 2507 1513 2684 ullgetheine denung, Cnotmin
913 3001 1011 3093 42
647 3135 1404 3244 Kunft und Wissenschaft.
616 3198 1511 3285 Dresdner „Sommer=Theater=Reigen“ Am Freitag
840 3235 1501 3305 im Residenztheater des rührigen Dr.
550 3273 829 3330 gab es bei uns
561 3263 1512 3350 Schreiber, zum ersten Male Schnitzlers viel angefeindeten
1230 3295 1514 3349 mnitz und Leip¬
965 3325 1015 3360 d
560 3330 958 3385 erotischen Vialpa „Reigen
556 3326 1513 3413 zia schon dorusshatten. Ein von dem Berliner Regisseur
571 3357 1517 3439 bubert Regeleitetes Ensemble vermittelte uns die
1354 3386 1518 3436 gespielten
563 3404 1342 3470 Bekanntschaft Fs darstellerisch ungleichwertia
565 3425 1515 3501 Zuklus. Vor allem imponierte von den Darstellern Jutta
1441 3450 1517 3486 in
1375 3454 1443 3493 her
1000 3462 1359 3507 Chemnitzer Wirken
575 3481 997 3532 Versen (die von ihrem
572 3483 1513 3564 Chemnitz noch in bester Erinnerung ist), durch Haltung
831 3512 1522 3574 Mit zehnjähriger Verspätung läutete
577 3553 767 3596 und Verve.
573 3544 1508 3626 Lienzels „Kuhreigen“ die Hundstagsstelle Dresdens
661 3575 1515 3646 Am vergangenen Sonntag svielte ihn die Petrenz¬
574 3621 659 3657 ein.
578 3606 1516 3685 Sommer=Over im „Alberttheater“ und hatte damit einen
571 3635 1527 3714 großen, wohlverdienten Erfola dank einer frischen, von
577 3669 1522 3744 Temperament und Routine getragenen. musikalisch, wie
592 3693 1525 3777 zenisch einwandfreien Aufführung, aus der die solisti¬
579 3728 1519 3808 schen Leistungen des zukünftigen Chemnitzer Heldentenors
587 3760 1519 3840 Zobsel (Primus Thaller) und der ihre Partie mit im¬
592 3798 1415 3868 vonierender Sicherheit durchführenden Charlotte
573 3817 1539 3903 Blanchefleur) hervorraaten. Reichlich ein Dutzendmal
1214 3857 1482 3915 —Ar
499 3913 1461 3986 konnte der Vorhana vor dem dichtgefüllten Hause empor¬
493 3950 636 4015 geben.
1329 3963 1480 4021 F. H.
1955 735 2564 874 ech
2510 936 2898 1026 Se
2458 1059 2726 1188 (8. 2 2
1935 1235 3032 1325 Im Residenztheater kann nun auch der Dresdner
1848 1271 3034 1385 die zehn Dialoge von Schnitzler „Reigen“ sehen,
1831 1331 3033 1436 „die in Berlin zum Prozeß=Anlaß gaben. Täglich ist das
1845 1383 3030 1479 Haus ausverkauft, alles will entweder sittliches Argernis
1842 1436 3025 1534 nehmen Joder, sich auf nicht mehr ganz ungewöhnliche
1844 1486 3035 1599 Weise Jamäsieren“. Beiden hat die Theaterleitung die
1838 1546 3030 1656 Rechnäng durch Striche etwas verdorben, die aber den
1841 1594 3028 1704 Nutzen haben, daß Schnitzlers „moralischer Zweck“ von
1840 1653 3027 1770 geilen Einzelheiten sonst allzusehr verbrämt schärfer zutage
1832 1707 3020 1816 tritt: Das Opfer des Einzelnen an die Gattung, der Ge¬
1832 1765 3013 1865 danke, daß vor dem Geschlechtstrieb alle ihre Freiheit
1837 1822 3017 1912 verlieren, Dirne und Dame eint und alle in gleicher
1824 1872 3020 1966 Weise reagieren läßt, auf „das große Erlebnis“! Gustav
1821 1932 3017 2028 Heppner, Jutia Versen, Maria Holm, Doldi
1821 1973 3005 2074 Müller waren passende Gestalter unter dem Berliner
1832 2030 2438 2127 „Reigen“=Regisseur Reusch.
1996 2638 2733 2758 8 um-Nochablaft,
2434 2909 2729 2984 ZHE
2313 3042 2749 3143 1 4 AUG. 1823
2459 3084 3110 3242 i enten erensun ende
2465 3143 3097 3270 enegere den der Schschne
2490 3186 3046 3307 glstre dach vervonchebenede
2030 3204 2297 3310 Im Dresbner!
1981 3263 2330 3353 SAdek=Enfemble mit
1969 3223 3051 3443 ensen dee men
1993 3286 2400 3378 g noch den Dresdenche“
