<?xml version="1.0" encoding="UTF-8" standalone="yes"?>
<PcGts xmlns="http://schema.primaresearch.org/PAGE/gts/pagecontent/2013-07-15" xmlns:xsi="http://www.w3.org/2001/XMLSchema-instance" xsi:schemaLocation="http://schema.primaresearch.org/PAGE/gts/pagecontent/2013-07-15 http://schema.primaresearch.org/PAGE/gts/pagecontent/2013-07-15/pagecontent.xsd">
    <Metadata>
        <Creator>prov=University of Rostock/Institute of Mathematics/CITlab/Gundram Leifert/gundram.leifert@uni-rostock.de:name=ONB_Newseye_GT_M1+(htr_id=10810)::::v=2.4.3
prov=University of Rostock/Institute of Mathematics/CITlab/Tobias Gruening/tobias.gruening@uni-rostock.de:name=de.uros.citlab.module.baseline2polygon.B2PSeamMultiOriented:v=2.4.3
prov=University of Rostock/Institute of Mathematics/CITlab/Tobias Gruening/tobias.gruening@uni-rostock.de:name=/net_tf/LA73_249_0mod360.pb:de.uros.citlab.segmentation.CITlab_LA_ML:v=2.4.3
Transkribus</Creator>
        <Created>2019-10-07T11:38:58.438+02:00</Created>
        <LastChange>2019-12-04T17:20:51.296+01:00</LastChange>
        <TranskribusMetadata docId="223982" pageId="9503408" pageNr="436" tsid="20405099" status="IN_PROGRESS" userId="40391" imgUrl="https://files.transkribus.eu/Get?id=UXKHVNTSZMIYSAIVTAXSPUAS&amp;fileType=view" xmlUrl="https://files.transkribus.eu/Get?id=JQXYBBTCSKFSJYIJUHNQWOFX" imageId="6193622"/>
    </Metadata>
    <Page imageFilename="223982_0436.jpeg" imageWidth="3336" imageHeight="4416">
        <ReadingOrder>
            <OrderedGroup id="ro_1711448445148" caption="Regions reading order">
                <RegionRefIndexed index="0" regionRef="r1"/>
                <RegionRefIndexed index="1" regionRef="r2"/>
                <RegionRefIndexed index="2" regionRef="r3"/>
            </OrderedGroup>
        </ReadingOrder>
        <TextRegion orientation="0.0" id="r1" custom="readingOrder {index:0;}">
            <Coords points="288,217 288,371 338,371 338,217"/>
            <TextLine id="r1l1" custom="readingOrder {index:0;}">
                <Coords points="279,327 288,328 297,337 325,328 344,330 349,269 340,266 327,268 321,263 311,263 294,255 286,255"/>
                <Baseline points="288,317 313,320 338,321"/>
                <TextEquiv>
                    <Unicode>11</Unicode>
                </TextEquiv>
            </TextLine>
            <TextEquiv>
                <Unicode>11</Unicode>
            </TextEquiv>
        </TextRegion>
        <TextRegion orientation="0.0" id="r2" custom="readingOrder {index:1;}">
            <Coords points="463,294 463,3693 1752,3693 1752,294"/>
            <TextLine id="r2l1" custom="readingOrder {index:0;}">
                <Coords points="969,332 999,342 1071,329 1124,345 1219,323 1297,332 1321,350 1384,350 1384,279 1335,257 1198,262 1146,299 1101,273 1061,285 969,262"/>
                <Baseline points="977,319 1002,321 1027,322 1052,323 1077,324 1102,324 1127,325 1152,324 1177,324 1202,324 1227,323 1252,323 1277,322 1302,322 1327,321 1352,321 1377,321"/>
                <TextEquiv>
                    <Unicode>box 17/6</Unicode>
                </TextEquiv>
            </TextLine>
            <TextLine id="r2l2" custom="readingOrder {index:1;}">
                <Coords points="455,342 660,353 685,342 696,354 778,338 780,284 746,276 617,279 592,266 533,278 458,263"/>
                <Baseline points="463,319 488,324 514,326 540,329 565,330 591,331 617,332 642,332 668,332 694,332 719,333 745,334 771,336"/>
                <TextEquiv>
                    <Unicode>Reigen</Unicode>
                </TextEquiv>
            </TextLine>
            <TextLine id="r2l3" custom="readingOrder {index:2;}">
                <Coords points="681,732 1491,736 1491,605 1461,593 681,579"/>
                <Baseline points="689,726 728,724 768,723 808,722 848,721 888,720 927,720 967,720 1007,720 1047,721 1087,721 1126,721 1166,722 1206,722 1246,723 1286,723 1325,723 1365,723 1405,722 1445,722 1485,721"/>
                <TextEquiv>
                    <Unicode>Das Verbot des „Reigen“</Unicode>
                </TextEquiv>
            </TextLine>
            <TextLine id="r2l4" custom="readingOrder {index:3;}">
                <Coords points="941,812 1101,804 1134,819 1180,803 1299,821 1343,807 1404,827 1447,813 1448,747 1398,728 1362,746 1260,728 1229,744 1198,722 1168,741 1138,728 1046,741 1018,724 942,742"/>
                <Baseline points="948,798 973,796 999,795 1025,794 1051,793 1077,793 1103,793 1129,794 1155,794 1181,794 1206,795 1232,796 1258,797 1284,798 1310,799 1336,800 1362,800 1388,801 1414,802 1440,802"/>
                <TextEquiv>
                    <Unicode>abinettsbeschluß.</Unicode>
                </TextEquiv>
            </TextLine>
            <TextLine id="r2l5" custom="readingOrder {index:4;}">
                <Coords points="812,864 1587,874 1602,818 813,807"/>
                <Baseline points="820,851 858,852 897,853 936,853 974,854 1013,854 1052,855 1090,855 1129,856 1168,856 1207,857 1245,857 1284,858 1323,858 1361,858 1400,859 1439,859 1477,859 1516,859 1555,859 1594,859"/>
                <TextEquiv>
                    <Unicode>Wie wir erfahren, erfolgte das Verbot</Unicode>
                </TextEquiv>
            </TextLine>
            <TextLine id="r2l6" custom="readingOrder {index:5;}">
                <Coords points="857,907 1083,893 1509,923 1607,917 1608,874 962,868 858,839"/>
                <Baseline points="865,900 901,900 938,900 975,900 1012,900 1049,900 1085,901 1122,901 1159,902 1196,903 1233,903 1269,904 1306,905 1343,905 1380,906 1417,907 1453,907 1490,908 1527,908 1564,908 1601,908"/>
                <TextEquiv>
                    <Unicode>Reigens“ auf einstimmigen</Unicode>
                </TextEquiv>
            </TextLine>
            <TextLine id="r2l7" custom="readingOrder {index:6;}">
                <Coords points="733,959 1628,973 1628,911 734,906"/>
                <Baseline points="741,951 787,952 833,952 879,953 926,953 972,953 1018,953 1064,953 1111,953 1157,953 1203,954 1249,954 1296,954 1342,955 1388,955 1434,956 1481,957 1527,958 1573,960 1620,962"/>
                <TextEquiv>
                    <Unicode>Beschluß der Gesamtregierung.</Unicode>
                </TextEquiv>
            </TextLine>
            <TextLine id="r2l8" custom="readingOrder {index:7;}">
                <Coords points="1570,1075 1583,1076 1587,1080 1593,1076 1598,1079 1607,1072 1618,1076 1646,1074 1647,1028 1636,1030 1616,1011 1600,1014 1589,1006 1579,1016 1572,1015"/>
                <Baseline points="1577,1060 1608,1060 1639,1062"/>
                <TextEquiv>
                    <Unicode>VIl.</Unicode>
                </TextEquiv>
            </TextLine>
            <TextLine id="r2l9" custom="readingOrder {index:8;}">
                <Coords points="1601,1150 1610,1151 1619,1148 1620,1150 1630,1151 1642,1075 1633,1074 1632,1072 1623,1076 1613,1075"/>
                <Baseline points="1612,1124 1626,1126"/>
                <TextEquiv>
                    <Unicode>5</Unicode>
                </TextEquiv>
            </TextLine>
            <TextLine id="r2l10" custom="readingOrder {index:9;}">
                <Coords points="1554,1249 1574,1247 1581,1250 1593,1243 1603,1249 1616,1246 1624,1254 1631,1251 1646,1256 1647,1200 1638,1200 1616,1188 1611,1192 1604,1187 1586,1189 1556,1178"/>
                <Baseline points="1562,1235 1587,1235 1613,1234 1639,1238"/>
                <TextEquiv>
                    <Unicode>zre</Unicode>
                </TextEquiv>
            </TextLine>
            <TextLine id="r2l11" custom="readingOrder {index:10;}">
                <Coords points="822,1825 1032,1797 1580,1838 1603,1834 1605,1736 824,1719"/>
                <Baseline points="829,1798 867,1796 905,1795 944,1794 982,1794 1021,1795 1059,1796 1097,1797 1136,1798 1174,1800 1213,1801 1251,1803 1289,1804 1328,1806 1366,1807 1405,1808 1443,1809 1481,1809 1520,1808 1558,1807 1597,1805"/>
                <TextEquiv>
                    <Unicode>as, Verbot= der „Reigen“.</Unicode>
                </TextEquiv>
            </TextLine>
            <TextLine id="r2l12" custom="readingOrder {index:11;}">
                <Coords points="927,1887 1048,1904 1133,1880 1171,1893 1296,1876 1384,1908 1424,1895 1425,1843 1370,1822 929,1804"/>
                <Baseline points="934,1871 959,1872 984,1873 1010,1873 1035,1874 1061,1874 1086,1875 1112,1876 1137,1876 1163,1877 1188,1878 1214,1878 1239,1879 1265,1879 1290,1880 1316,1881 1341,1881 1367,1882 1392,1882 1418,1882"/>
                <TextEquiv>
                    <Unicode>Mänführungen.</Unicode>
                </TextEquiv>
            </TextLine>
            <TextLine id="r2l13" custom="readingOrder {index:12;}">
                <Coords points="703,1940 1759,1968 1760,1917 1600,1892 1383,1907 1286,1875 1145,1918 957,1891 894,1917 782,1860 704,1903"/>
                <Baseline points="711,1929 763,1930 815,1932 867,1934 919,1935 971,1937 1023,1938 1075,1939 1127,1940 1179,1941 1231,1942 1283,1943 1335,1944 1387,1945 1439,1946 1491,1947 1543,1948 1595,1949 1647,1950 1699,1951 1752,1952"/>
                <TextEquiv>
                    <Unicode>All vie Aufregung und ## Getue der „Reigen“=</Unicode>
                </TextEquiv>
            </TextLine>
            <TextLine id="r2l14" custom="readingOrder {index:13;}">
                <Coords points="622,1985 1678,2014 1753,1970 623,1934"/>
                <Baseline points="629,1978 684,1979 740,1980 796,1981 852,1982 908,1983 963,1984 1019,1986 1075,1987 1131,1988 1187,1989 1242,1990 1298,1991 1354,1992 1410,1993 1466,1994 1521,1995 1577,1996 1633,1997 1689,1998 1745,1999"/>
                <TextEquiv>
                    <Unicode>Liebhaber, die bei der ersten Richricht von dem bevor¬</Unicode>
                </TextEquiv>
            </TextLine>
            <TextLine id="r2l15" custom="readingOrder {index:14;}">
                <Coords points="625,2037 1305,2066 1654,2032 1753,2066 1755,2011 626,1985"/>
                <Baseline points="632,2025 687,2026 743,2027 799,2028 855,2030 910,2030 966,2032 1022,2033 1078,2034 1133,2035 1189,2036 1245,2037 1301,2038 1356,2039 1412,2041 1468,2042 1524,2043 1579,2044 1635,2046 1691,2047 1747,2049"/>
                <TextEquiv>
                    <Unicode>stebenden Verbote der wezler Aufführungen wie</Unicode>
                </TextEquiv>
            </TextLine>
            <TextLine id="r2l16" custom="readingOrder {index:15;}">
                <Coords points="622,2082 1749,2112 1722,2056 623,2037"/>
                <Baseline points="629,2074 684,2076 740,2077 795,2078 851,2079 907,2080 962,2081 1018,2082 1074,2083 1129,2084 1185,2084 1241,2085 1296,2086 1352,2087 1408,2088 1463,2089 1519,2091 1575,2092 1630,2094 1686,2096 1742,2099"/>
                <TextEquiv>
                    <Unicode>besessen gegen diesen „kunstfeindlichen Vorstoß“ losgingen,</Unicode>
                </TextEquiv>
            </TextLine>
            <TextLine id="r2l17" custom="readingOrder {index:16;}">
                <Coords points="617,2127 1238,2152 1325,2118 1704,2165 1754,2158 1755,2118 618,2083"/>
                <Baseline points="624,2119 680,2122 736,2124 792,2126 848,2127 905,2128 961,2130 1017,2131 1073,2132 1129,2133 1186,2133 1242,2134 1298,2135 1354,2136 1410,2137 1467,2138 1523,2139 1579,2140 1635,2142 1691,2143 1748,2145"/>
                <TextEquiv>
                    <Unicode>haben nur erzielt, daß vor der bodenständigen</Unicode>
                </TextEquiv>
            </TextLine>
            <TextLine id="r2l18" custom="readingOrder {index:17;}">
                <Coords points="622,2186 1751,2205 1736,2152 624,2126"/>
                <Baseline points="630,2169 685,2170 741,2172 797,2173 852,2174 908,2175 964,2176 1019,2177 1075,2177 1131,2178 1187,2179 1242,2180 1298,2181 1354,2182 1409,2184 1465,2185 1521,2186 1576,2188 1632,2190 1688,2193 1744,2195"/>
                <TextEquiv>
                    <Unicode>Bevölkerung Wiens nur umso hachdrücklicher verlangt</Unicode>
                </TextEquiv>
            </TextLine>
            <TextLine id="r2l19" custom="readingOrder {index:18;}">
                <Coords points="622,2227 1745,2253 1746,2205 1646,2195 623,2188"/>
                <Baseline points="629,2218 684,2219 739,2219 795,2221 850,2221 906,2222 961,2224 1017,2224 1072,2226 1128,2227 1183,2228 1238,2229 1294,2230 1349,2231 1405,2233 1460,2234 1516,2235 1571,2237 1627,2238 1682,2240 1738,2241"/>
                <TextEquiv>
                    <Unicode>wurde, diesem beispiellosen Skandal ein Ende zu bereiten.</Unicode>
                </TextEquiv>
            </TextLine>
            <TextLine id="r2l20" custom="readingOrder {index:19;}">
                <Coords points="592,2294 933,2268 1745,2304 1745,2251 947,2257 594,2201"/>
                <Baseline points="599,2266 658,2267 718,2268 778,2269 838,2270 898,2271 958,2273 1018,2274 1078,2275 1138,2276 1198,2277 1258,2279 1318,2280 1378,2281 1438,2283 1498,2284 1558,2286 1618,2288 1678,2289 1738,2291"/>
                <TextEquiv>
                    <Unicode>Dies ist heute geschehen. Die Regierung hat</Unicode>
                </TextEquiv>
            </TextLine>
            <TextLine id="r2l21" custom="readingOrder {index:20;}">
                <Coords points="612,2320 1754,2348 1754,2312 1692,2296 613,2274"/>
                <Baseline points="619,2314 675,2315 731,2316 788,2317 844,2318 900,2319 957,2320 1013,2321 1069,2322 1126,2323 1182,2324 1238,2325 1295,2326 1351,2327 1407,2328 1464,2329 1520,2331 1576,2332 1633,2334 1689,2335 1746,2337"/>
                <TextEquiv>
                    <Unicode>bereits die Einstellung der weiteren</Unicode>
                </TextEquiv>
            </TextLine>
            <TextLine id="r2l22" custom="readingOrder {index:21;}">
                <Coords points="611,2371 1744,2408 1745,2360 1555,2331 613,2319"/>
                <Baseline points="619,2362 674,2363 730,2364 786,2365 842,2367 898,2368 954,2369 1010,2370 1066,2371 1122,2372 1178,2374 1233,2374 1289,2376 1345,2377 1401,2378 1457,2379 1513,2380 1569,2381 1625,2383 1681,2384 1737,2385"/>
                <TextEquiv>
                    <Unicode>Aufführungen des „Reigen“ in den Kammer¬</Unicode>
                </TextEquiv>
            </TextLine>
            <TextLine id="r2l23" custom="readingOrder {index:22;}">
                <Coords points="616,2435 752,2411 858,2435 887,2418 985,2418 1105,2440 1126,2436 1127,2383 1058,2392 993,2375 951,2391 617,2368"/>
                <Baseline points="624,2416 650,2414 676,2414 702,2413 728,2412 754,2412 780,2413 806,2413 832,2413 858,2414 885,2415 911,2415 937,2416 963,2417 989,2417 1015,2418 1041,2418 1067,2418 1093,2418 1120,2417"/>
                <TextEquiv>
                    <Unicode>spielen angeordnet.</Unicode>
                </TextEquiv>
            </TextLine>
            <TextLine id="r2l24" custom="readingOrder {index:23;}">
                <Coords points="710,2473 1738,2498 1748,2447 711,2411"/>
                <Baseline points="717,2458 768,2459 819,2460 870,2461 921,2462 972,2463 1023,2464 1074,2465 1125,2465 1176,2466 1228,2467 1279,2468 1330,2469 1381,2471 1432,2472 1483,2473 1534,2475 1585,2477 1636,2479 1687,2481 1739,2484"/>
                <TextEquiv>
                    <Unicode>Bezeichnenderweise war vor allem Anfang an die</Unicode>
                </TextEquiv>
            </TextLine>
            <TextLine id="r2l25" custom="readingOrder {index:24;}">
                <Coords points="613,2517 1677,2546 1741,2540 1742,2494 614,2449"/>
                <Baseline points="620,2505 675,2506 731,2507 787,2508 843,2508 898,2509 954,2511 1010,2512 1066,2513 1121,2514 1177,2515 1233,2517 1289,2519 1344,2520 1400,2522 1456,2523 1512,2525 1567,2526 1623,2528 1679,2530 1735,2531"/>
                <TextEquiv>
                    <Unicode>Stellungnahme der maßgebenden Behörden gegen die</Unicode>
                </TextEquiv>
            </TextLine>
            <TextLine id="r2l26" custom="readingOrder {index:25;}">
                <Coords points="603,2562 1749,2590 1729,2545 1617,2532 604,2522"/>
                <Baseline points="610,2555 666,2556 723,2557 779,2557 836,2558 892,2559 949,2559 1005,2560 1062,2561 1118,2562 1175,2563 1232,2564 1288,2565 1345,2566 1401,2567 1458,2569 1514,2570 1571,2572 1627,2573 1684,2575 1741,2577"/>
                <TextEquiv>
                    <Unicode>Zulassung der „Reigen“=Aufführungen. Auch die zu¬</Unicode>
                </TextEquiv>
            </TextLine>
            <TextLine id="r2l27" custom="readingOrder {index:26;}">
                <Coords points="607,2622 1738,2643 1748,2596 608,2562"/>
                <Baseline points="614,2602 670,2603 726,2604 782,2605 839,2606 895,2607 951,2608 1008,2609 1064,2610 1120,2611 1177,2612 1233,2613 1289,2614 1345,2615 1402,2616 1458,2617 1514,2619 1571,2620 1627,2621 1683,2623 1740,2625"/>
                <TextEquiv>
                    <Unicode>ständige Polizeimstanz sprach sich gegen die Aufführungen</Unicode>
                </TextEquiv>
            </TextLine>
            <TextLine id="r2l28" custom="readingOrder {index:27;}">
                <Coords points="606,2650 1736,2675 1736,2640 1662,2624 606,2623"/>
                <Baseline points="613,2651 668,2651 724,2651 780,2651 836,2652 892,2653 947,2654 1003,2655 1059,2656 1115,2657 1171,2658 1226,2659 1282,2661 1338,2662 1394,2663 1450,2664 1505,2666 1561,2666 1617,2667 1673,2668 1729,2669"/>
                <TextEquiv>
                    <Unicode>aus. Direktor Bernau abei rekurierte gegen diese Ent¬</Unicode>
                </TextEquiv>
            </TextLine>
            <TextLine id="r2l29" custom="readingOrder {index:28;}">
                <Coords points="612,2713 1698,2735 1733,2683 800,2686 613,2654"/>
                <Baseline points="620,2698 675,2699 730,2700 785,2701 841,2701 896,2702 951,2703 1007,2703 1062,2704 1117,2705 1173,2706 1228,2707 1283,2708 1338,2709 1394,2710 1449,2711 1504,2712 1560,2714 1615,2716 1670,2717 1726,2719"/>
                <TextEquiv>
                    <Unicode>scheidung an den Landeshauptmann Neumann als</Unicode>
                </TextEquiv>
            </TextLine>
            <TextLine id="r2l30" custom="readingOrder {index:29;}">
                <Coords points="605,2750 1745,2776 1725,2728 606,2716"/>
                <Baseline points="613,2746 669,2746 725,2747 781,2747 838,2748 894,2749 950,2749 1006,2750 1063,2751 1119,2752 1175,2753 1231,2754 1288,2755 1344,2756 1400,2758 1456,2759 1513,2760 1569,2762 1625,2763 1681,2765 1738,2766"/>
                <TextEquiv>
                    <Unicode>nächste Zensurbehörde für Wien. Und leider kam der</Unicode>
                </TextEquiv>
            </TextLine>
            <TextLine id="r2l31" custom="readingOrder {index:30;}">
                <Coords points="611,2815 1371,2801 1700,2835 1732,2833 1733,2779 612,2749"/>
                <Baseline points="618,2794 673,2794 728,2795 784,2796 839,2797 894,2797 950,2798 1005,2798 1060,2799 1116,2800 1171,2801 1226,2802 1282,2803 1337,2804 1392,2805 1448,2806 1503,2808 1558,2810 1614,2812 1669,2814 1725,2816"/>
                <TextEquiv>
                    <Unicode>Herr Bürgermeister=Landeshauptmann — wir nehmen zu</Unicode>
                </TextEquiv>
            </TextLine>
            <TextLine id="r2l32" custom="readingOrder {index:31;}">
                <Coords points="600,2849 1406,2881 1727,2874 1728,2833 601,2796"/>
                <Baseline points="608,2840 663,2842 719,2843 774,2844 830,2845 886,2846 941,2847 997,2848 1052,2849 1108,2850 1164,2851 1219,2851 1275,2852 1330,2853 1386,2854 1442,2855 1497,2857 1553,2858 1608,2860 1664,2861 1720,2863"/>
                <TextEquiv>
                    <Unicode>seiner Ehre an, daß er den „Reigen“ gar nicht kennt,</Unicode>
                </TextEquiv>
            </TextLine>
            <TextLine id="r2l33" custom="readingOrder {index:32;}">
                <Coords points="599,2904 1179,2889 1694,2929 1731,2881 600,2850"/>
                <Baseline points="606,2889 661,2890 717,2891 773,2892 829,2893 885,2893 941,2894 996,2895 1052,2896 1108,2896 1164,2897 1220,2898 1276,2899 1332,2900 1387,2901 1443,2902 1499,2904 1555,2905 1611,2907 1667,2909 1723,2911"/>
                <TextEquiv>
                    <Unicode>sonst würde er sicher wie in einem ähnlichen Falle</Unicode>
                </TextEquiv>
            </TextLine>
            <TextLine id="r2l34" custom="readingOrder {index:33;}">
                <Coords points="603,2943 1728,2959 1728,2920 1614,2910 604,2906"/>
                <Baseline points="611,2936 666,2938 722,2939 777,2939 833,2940 888,2941 944,2942 999,2943 1055,2943 1110,2944 1166,2945 1221,2946 1277,2947 1332,2947 1388,2948 1443,2949 1499,2951 1554,2952 1610,2953 1665,2955 1721,2956"/>
                <TextEquiv>
                    <Unicode>voriges Jahr sein Parteigenosse Sever als Landes¬</Unicode>
                </TextEquiv>
            </TextLine>
            <TextLine id="r2l35" custom="readingOrder {index:34;}">
                <Coords points="593,2993 1729,3013 1729,2981 1608,2957 594,2947"/>
                <Baseline points="600,2984 656,2985 712,2986 768,2987 824,2988 880,2988 936,2989 992,2989 1048,2990 1104,2990 1160,2991 1216,2992 1272,2992 1328,2993 1384,2994 1440,2995 1496,2997 1552,2998 1608,3000 1664,3002 1721,3005"/>
                <TextEquiv>
                    <Unicode>hauptmann gehandelt haben — diesem Wunsche zu¬</Unicode>
                </TextEquiv>
            </TextLine>
            <TextLine id="r2l36" custom="readingOrder {index:35;}">
                <Coords points="595,3054 786,3028 1716,3075 1730,3015 596,2991"/>
                <Baseline points="602,3030 658,3032 714,3033 770,3034 826,3035 882,3036 938,3037 994,3038 1050,3038 1106,3039 1162,3039 1218,3040 1274,3041 1330,3042 1386,3043 1442,3044 1498,3045 1554,3046 1610,3048 1666,3050 1722,3053"/>
                <TextEquiv>
                    <Unicode>stimmend entgegen. Die täglich wachsende Mißstimmung</Unicode>
                </TextEquiv>
            </TextLine>
            <TextLine id="r2l37" custom="readingOrder {index:36;}">
                <Coords points="592,3090 1423,3081 1682,3119 1733,3074 593,3050"/>
                <Baseline points="599,3081 655,3082 711,3082 768,3083 824,3083 880,3084 937,3084 993,3084 1049,3085 1106,3085 1162,3086 1218,3087 1275,3088 1331,3089 1387,3089 1444,3091 1500,3092 1556,3094 1613,3096 1669,3098 1726,3101"/>
                <TextEquiv>
                    <Unicode>gegen die Zulassung der weiteren Aufführungen,</Unicode>
                </TextEquiv>
            </TextLine>
            <TextLine id="r2l38" custom="readingOrder {index:37;}">
                <Coords points="592,3146 1728,3150 1728,3113 1449,3095 592,3104"/>
                <Baseline points="599,3128 655,3128 711,3128 767,3128 823,3129 879,3129 935,3130 991,3131 1047,3131 1103,3132 1160,3133 1216,3134 1272,3135 1328,3137 1384,3138 1440,3139 1496,3140 1552,3142 1608,3143 1664,3144 1721,3146"/>
                <TextEquiv>
                    <Unicode>die ja auch in der Kritik der Wiener Presse ein größten¬</Unicode>
                </TextEquiv>
            </TextLine>
            <TextLine id="r2l39" custom="readingOrder {index:38;}">
                <Coords points="592,3176 1728,3216 1729,3156 592,3147"/>
                <Baseline points="599,3174 655,3175 711,3175 767,3176 823,3177 879,3178 935,3178 992,3179 1048,3180 1104,3181 1160,3182 1216,3183 1272,3184 1328,3185 1385,3186 1441,3187 1497,3188 1553,3190 1609,3191 1665,3193 1722,3194"/>
                <TextEquiv>
                    <Unicode>teils ablehnendes Urteil fanden, hat die Regierung</Unicode>
                </TextEquiv>
            </TextLine>
            <TextLine id="r2l40" custom="readingOrder {index:39;}">
                <Coords points="591,3226 1722,3254 1723,3214 1653,3195 592,3193"/>
                <Baseline points="599,3223 654,3223 710,3224 766,3224 822,3225 878,3226 933,3226 989,3227 1045,3227 1101,3228 1157,3229 1212,3229 1268,3231 1324,3231 1380,3233 1436,3234 1491,3235 1547,3237 1603,3238 1659,3240 1715,3242"/>
                <TextEquiv>
                    <Unicode>veranlaßt, Landeshauptmann Reumann nahezulegen,</Unicode>
                </TextEquiv>
            </TextLine>
            <TextLine id="r2l41" custom="readingOrder {index:40;}">
                <Coords points="594,3273 1408,3313 1548,3281 1695,3308 1723,3254 594,3228"/>
                <Baseline points="601,3272 656,3272 712,3272 768,3272 823,3272 879,3273 935,3274 990,3274 1046,3275 1102,3276 1158,3277 1213,3278 1269,3279 1325,3280 1380,3281 1436,3282 1492,3283 1547,3284 1603,3285 1659,3286 1715,3288"/>
                <TextEquiv>
                    <Unicode>daß er seine Erlaubns zurückziehe. Da Landes¬</Unicode>
                </TextEquiv>
            </TextLine>
            <TextLine id="r2l42" custom="readingOrder {index:41;}">
                <Coords points="593,3324 1732,3342 1711,3301 1533,3288 1405,3316 594,3273"/>
                <Baseline points="601,3319 657,3319 713,3319 769,3319 825,3319 882,3320 938,3320 994,3321 1050,3322 1106,3323 1163,3324 1219,3325 1275,3326 1331,3327 1387,3328 1444,3329 1500,3330 1556,3332 1612,3333 1668,3334 1725,3336"/>
                <TextEquiv>
                    <Unicode>hauptmann Reumann dies ablehnte, verfügte nun</Unicode>
                </TextEquiv>
            </TextLine>
            <TextLine id="r2l43" custom="readingOrder {index:42;}">
                <Coords points="593,3369 1722,3388 1722,3350 1638,3334 594,3324"/>
                <Baseline points="600,3366 655,3366 711,3366 767,3367 823,3367 878,3368 934,3368 990,3369 1046,3369 1101,3370 1157,3371 1213,3372 1269,3373 1324,3373 1380,3374 1436,3375 1492,3376 1547,3377 1603,3378 1659,3380 1715,3381"/>
                <TextEquiv>
                    <Unicode>heute die Regierung selbst das Verbot der weiteren Auf¬</Unicode>
                </TextEquiv>
            </TextLine>
            <TextLine id="r2l44" custom="readingOrder {index:43;}">
                <Coords points="600,3419 1550,3448 1724,3440 1725,3405 601,3374"/>
                <Baseline points="608,3411 663,3412 718,3413 774,3414 829,3415 885,3415 940,3416 996,3417 1051,3417 1107,3418 1162,3419 1217,3420 1273,3420 1328,3421 1384,3422 1439,3423 1495,3424 1550,3426 1606,3427 1661,3428 1717,3430"/>
                <TextEquiv>
                    <Unicode>führungen. Damit findet das wenig erbauliche Zwischen¬</Unicode>
                </TextEquiv>
            </TextLine>
            <TextLine id="r2l45" custom="readingOrder {index:44;}">
                <Coords points="597,3468 931,3482 1023,3450 1111,3487 1731,3495 1732,3430 598,3420"/>
                <Baseline points="604,3458 660,3459 716,3460 772,3461 828,3462 884,3463 940,3463 996,3464 1052,3464 1108,3465 1164,3466 1220,3466 1276,3467 1332,3468 1388,3469 1444,3470 1500,3472 1556,3474 1612,3476 1668,3478 1724,3480"/>
                <TextEquiv>
                    <Unicode>spiel des Versuches, mit Gewalt der Bevölkrrung das</Unicode>
                </TextEquiv>
            </TextLine>
            <TextLine id="r2l46" custom="readingOrder {index:45;}">
                <Coords points="578,3534 859,3501 1736,3529 1661,3480 579,3469"/>
                <Baseline points="586,3504 643,3506 700,3508 757,3509 814,3511 871,3512 928,3513 985,3513 1042,3514 1099,3514 1157,3515 1214,3516 1271,3516 1328,3517 1385,3518 1442,3519 1499,3521 1556,3523 1613,3525 1670,3528 1728,3531"/>
                <TextEquiv>
                    <Unicode>Theater als sexuelle Lehranstalt auszwingen zu wollen,</Unicode>
                </TextEquiv>
            </TextLine>
            <TextLine id="r2l47" custom="readingOrder {index:46;}">
                <Coords points="583,3584 924,3564 1417,3608 1590,3579 1707,3613 1733,3532 584,3530"/>
                <Baseline points="590,3556 646,3557 703,3558 760,3559 816,3560 873,3561 930,3562 986,3563 1043,3564 1100,3565 1157,3566 1213,3567 1270,3568 1327,3569 1383,3571 1440,3572 1497,3573 1553,3575 1610,3576 1667,3578 1724,3580"/>
                <TextEquiv>
                    <Unicode>vom Freitag, den 11. d. an, sein nur zu begrüßendes Enden</Unicode>
                </TextEquiv>
            </TextLine>
            <TextLine id="r2l48" custom="readingOrder {index:47;}">
                <Coords points="766,3673 1657,3718 1658,3641 766,3641"/>
                <Baseline points="773,3668 816,3668 860,3669 904,3670 948,3672 992,3673 1036,3674 1080,3675 1124,3676 1168,3677 1212,3678 1255,3679 1299,3679 1343,3680 1387,3681 1431,3681 1475,3681 1519,3681 1563,3681 1607,3680 1651,3679"/>
                <TextEquiv>
                    <Unicode>A. .v. MIAR 2</Unicode>
                </TextEquiv>
            </TextLine>
            <TextEquiv>
                <Unicode>box 17/6
Reigen
Das Verbot des „Reigen“
abinettsbeschluß.
Wie wir erfahren, erfolgte das Verbot
Reigens“ auf einstimmigen
Beschluß der Gesamtregierung.
VIl.
5
zre
as, Verbot= der „Reigen“.
Mänführungen.
All vie Aufregung und ## Getue der „Reigen“=
Liebhaber, die bei der ersten Richricht von dem bevor¬
stebenden Verbote der wezler Aufführungen wie
besessen gegen diesen „kunstfeindlichen Vorstoß“ losgingen,
haben nur erzielt, daß vor der bodenständigen
Bevölkerung Wiens nur umso hachdrücklicher verlangt
wurde, diesem beispiellosen Skandal ein Ende zu bereiten.
Dies ist heute geschehen. Die Regierung hat
bereits die Einstellung der weiteren
Aufführungen des „Reigen“ in den Kammer¬
spielen angeordnet.
Bezeichnenderweise war vor allem Anfang an die
Stellungnahme der maßgebenden Behörden gegen die
Zulassung der „Reigen“=Aufführungen. Auch die zu¬
ständige Polizeimstanz sprach sich gegen die Aufführungen
aus. Direktor Bernau abei rekurierte gegen diese Ent¬
scheidung an den Landeshauptmann Neumann als
nächste Zensurbehörde für Wien. Und leider kam der
Herr Bürgermeister=Landeshauptmann — wir nehmen zu
seiner Ehre an, daß er den „Reigen“ gar nicht kennt,
sonst würde er sicher wie in einem ähnlichen Falle
voriges Jahr sein Parteigenosse Sever als Landes¬
hauptmann gehandelt haben — diesem Wunsche zu¬
stimmend entgegen. Die täglich wachsende Mißstimmung
gegen die Zulassung der weiteren Aufführungen,
die ja auch in der Kritik der Wiener Presse ein größten¬
teils ablehnendes Urteil fanden, hat die Regierung
veranlaßt, Landeshauptmann Reumann nahezulegen,
daß er seine Erlaubns zurückziehe. Da Landes¬
hauptmann Reumann dies ablehnte, verfügte nun
heute die Regierung selbst das Verbot der weiteren Auf¬
führungen. Damit findet das wenig erbauliche Zwischen¬
spiel des Versuches, mit Gewalt der Bevölkrrung das
Theater als sexuelle Lehranstalt auszwingen zu wollen,
vom Freitag, den 11. d. an, sein nur zu begrüßendes Enden
A. .v. MIAR 2</Unicode>
            </TextEquiv>
        </TextRegion>
        <TextRegion orientation="0.0" id="r3" custom="readingOrder {index:2;}">
            <Coords points="2177,1157 2177,3368 3058,3368 3058,1157"/>
            <TextLine id="r3l1" custom="readingOrder {index:0;}">
                <Coords points="2414,1190 2495,1208 2547,1187 2570,1203 2610,1186 2713,1209 2737,1196 2764,1207 2818,1198 2819,1111 2625,1125 2602,1112 2543,1127 2469,1106 2415,1110"/>
                <Baseline points="2422,1182 2448,1181 2474,1181 2500,1181 2526,1181 2552,1181 2578,1182 2604,1182 2630,1182 2656,1183 2682,1183 2708,1184 2734,1184 2760,1184 2786,1184 2812,1184"/>
                <TextEquiv>
                    <Unicode>THEATER</Unicode>
                </TextEquiv>
            </TextLine>
            <TextLine id="r3l2" custom="readingOrder {index:1;}">
                <Coords points="2171,1318 2643,1306 2697,1338 3046,1307 3045,1211 3016,1204 2456,1211 2372,1242 2215,1190 2170,1207"/>
                <Baseline points="2178,1305 2221,1304 2264,1304 2307,1303 2350,1303 2393,1303 2436,1303 2479,1302 2522,1302 2565,1302 2608,1302 2651,1302 2694,1302 2737,1301 2780,1301 2823,1301 2866,1300 2909,1299 2952,1299 2995,1298 3039,1296"/>
                <TextEquiv>
                    <Unicode>Der verbotene „Reigen“.</Unicode>
                </TextEquiv>
            </TextLine>
            <TextLine id="r3l3" custom="readingOrder {index:2;}">
                <Coords points="2238,1381 3032,1382 3047,1312 2839,1336 2764,1315 2719,1340 2550,1316 2503,1343 2341,1312 2237,1340"/>
                <Baseline points="2245,1372 2284,1373 2324,1373 2364,1373 2404,1372 2444,1372 2483,1372 2523,1371 2563,1371 2603,1370 2643,1369 2682,1369 2722,1368 2762,1368 2802,1367 2842,1367 2881,1366 2921,1366 2961,1366 3001,1365 3041,1365"/>
                <TextEquiv>
                    <Unicode>Plötzlich also, nach zirka zehn Aufführungen,</Unicode>
                </TextEquiv>
            </TextLine>
            <TextLine id="r3l4" custom="readingOrder {index:3;}">
                <Coords points="2169,1435 2498,1421 2684,1447 2861,1413 3054,1434 3053,1378 3013,1373 2169,1389"/>
                <Baseline points="2177,1425 2220,1424 2264,1423 2307,1422 2351,1421 2394,1421 2438,1420 2481,1419 2525,1418 2568,1418 2612,1417 2655,1416 2699,1416 2742,1415 2786,1414 2829,1414 2873,1413 2916,1413 2960,1413 3003,1412 3047,1412"/>
                <TextEquiv>
                    <Unicode>gefährdet der „Reigen“ die öffentliche Moral in</Unicode>
                </TextEquiv>
            </TextLine>
            <TextLine id="r3l5" custom="readingOrder {index:4;}">
                <Coords points="2174,1490 2209,1472 2273,1486 2290,1474 2324,1495 2389,1469 2470,1481 2484,1466 2524,1492 2574,1475 2573,1431 2538,1424 2463,1435 2446,1425 2416,1439 2376,1428 2295,1440 2230,1425 2219,1437 2173,1436"/>
                <Baseline points="2181,1474 2206,1472 2232,1471 2258,1469 2283,1468 2309,1468 2335,1467 2361,1467 2386,1467 2412,1467 2438,1467 2464,1468 2489,1468 2515,1467 2541,1467 2567,1467"/>
                <TextEquiv>
                    <Unicode>so hohem, Grade, daß</Unicode>
                </TextEquiv>
            </TextLine>
            <TextLine id="r3l6" custom="readingOrder {index:5;}">
                <Coords points="2185,1533 3021,1529 3058,1517 3058,1480 2185,1484"/>
                <Baseline points="2193,1526 2235,1526 2278,1526 2321,1526 2364,1525 2407,1524 2450,1524 2493,1523 2536,1522 2579,1521 2622,1520 2664,1519 2707,1518 2750,1518 2793,1517 2836,1516 2879,1516 2922,1516 2965,1516 3008,1516 3051,1516"/>
                <TextEquiv>
                    <Unicode>Auf, deutsch: Es ist den sechs Schreiern des</Unicode>
                </TextEquiv>
            </TextLine>
            <TextLine id="r3l7" custom="readingOrder {index:6;}">
                <Coords points="2174,1584 3027,1578 3055,1575 3054,1515 3006,1540 2173,1538"/>
                <Baseline points="2180,1576 2223,1576 2266,1575 2310,1575 2353,1574 2397,1573 2440,1573 2483,1572 2527,1571 2570,1570 2614,1569 2657,1568 2700,1568 2744,1567 2787,1566 2831,1565 2874,1565 2917,1565 2961,1565 3004,1565 3048,1565"/>
                <TextEquiv>
                    <Unicode>kürzlichen „Reigen"=Tumultes (oder waren es</Unicode>
                </TextEquiv>
            </TextLine>
            <TextLine id="r3l8" custom="readingOrder {index:7;}">
                <Coords points="2181,1652 2254,1650 2299,1630 2319,1640 2369,1619 2391,1638 2409,1627 2476,1638 2558,1625 2557,1592 2494,1580 2464,1591 2431,1577 2398,1590 2355,1573 2326,1592 2180,1587"/>
                <Baseline points="2187,1622 2213,1622 2239,1623 2265,1622 2291,1622 2317,1622 2343,1621 2369,1621 2395,1620 2421,1620 2447,1619 2473,1619 2499,1618 2525,1618 2551,1618"/>
                <TextEquiv>
                    <Unicode>fünfgehn?) gelungen.</Unicode>
                </TextEquiv>
            </TextLine>
            <TextLine id="r3l9" custom="readingOrder {index:8;}">
                <Coords points="2258,1687 2729,1671 3040,1692 3053,1624 2918,1610 2875,1639 2567,1632 2532,1653 2464,1629 2426,1651 2257,1637"/>
                <Baseline points="2265,1678 2304,1678 2343,1677 2382,1677 2421,1676 2460,1676 2499,1675 2538,1675 2577,1674 2616,1674 2656,1673 2695,1673 2734,1672 2773,1671 2812,1671 2851,1670 2890,1670 2929,1669 2968,1669 3007,1668 3047,1668"/>
                <TextEquiv>
                    <Unicode>Es gelingt den Schreiern immer. Hierorts.</Unicode>
                </TextEquiv>
            </TextLine>
            <TextLine id="r3l10" custom="readingOrder {index:9;}">
                <Coords points="2172,1739 3036,1729 3056,1691 2728,1673 2539,1708 2171,1681"/>
                <Baseline points="2179,1729 2222,1728 2266,1727 2309,1727 2353,1726 2396,1725 2440,1724 2483,1723 2527,1723 2570,1722 2614,1721 2657,1720 2701,1720 2744,1719 2788,1718 2831,1718 2875,1717 2918,1717 2962,1717 3005,1716 3049,1716"/>
                <TextEquiv>
                    <Unicode>In allen Belangen. Und bei allen Behörden.</Unicode>
                </TextEquiv>
            </TextLine>
            <TextLine id="r3l11" custom="readingOrder {index:10;}">
                <Coords points="2869,1784 2887,1785 2901,1771 2916,1779 2942,1768 3009,1781 3025,1771 3054,1767 3052,1726 3033,1729 3013,1719 2979,1728 2955,1726 2941,1738 2925,1731 2907,1742 2883,1732 2867,1738"/>
                <Baseline points="2875,1769 2903,1769 2932,1768 2961,1766 2989,1765 3018,1763 3047,1763"/>
                <TextEquiv>
                    <Unicode>.. nun</Unicode>
                </TextEquiv>
            </TextLine>
            <TextLine id="r3l12" custom="readingOrder {index:11;}">
                <Coords points="2171,1787 2773,1788 2864,1772 2864,1724 2171,1740"/>
                <Baseline points="2179,1777 2212,1776 2246,1775 2280,1774 2314,1774 2348,1773 2382,1772 2416,1772 2450,1771 2484,1771 2518,1770 2551,1770 2585,1769 2619,1769 2653,1769 2687,1768 2721,1768 2755,1768 2789,1768 2823,1768 2857,1768"/>
                <TextEquiv>
                    <Unicode>Nur kg. Aufseh'n. Man ist also geger</Unicode>
                </TextEquiv>
            </TextLine>
            <TextLine id="r3l13" custom="readingOrder {index:12;}">
                <Coords points="2171,1832 3053,1820 3042,1771 2171,1797"/>
                <Baseline points="2179,1827 2222,1825 2265,1824 2308,1822 2352,1821 2395,1821 2438,1820 2482,1819 2525,1818 2568,1817 2612,1817 2655,1816 2698,1815 2741,1815 2785,1814 2828,1813 2871,1813 2915,1812 2958,1811 3001,1810 3045,1809"/>
                <TextEquiv>
                    <Unicode>gegen alles, was Aufsehen erregen könnte. Ohne</Unicode>
                </TextEquiv>
            </TextLine>
            <TextLine id="r3l14" custom="readingOrder {index:13;}">
                <Coords points="2174,1880 3047,1873 3027,1817 2173,1834"/>
                <Baseline points="2181,1871 2223,1870 2266,1869 2309,1869 2352,1868 2395,1867 2438,1867 2481,1866 2524,1865 2567,1865 2610,1864 2652,1863 2695,1862 2738,1862 2781,1861 2824,1860 2867,1860 2910,1859 2953,1858 2996,1858 3039,1857"/>
                <TextEquiv>
                    <Unicode>Unterlchied der Qualität. Auch Gustav Mahler</Unicode>
                </TextEquiv>
            </TextLine>
            <TextLine id="r3l15" custom="readingOrder {index:14;}">
                <Coords points="2177,1932 2364,1938 2434,1908 2470,1939 3010,1924 3048,1917 3048,1873 2176,1879"/>
                <Baseline points="2184,1921 2226,1919 2269,1918 2312,1917 2355,1917 2398,1916 2441,1915 2483,1915 2526,1914 2569,1914 2612,1914 2655,1913 2698,1913 2741,1912 2783,1911 2826,1911 2869,1910 2912,1909 2955,1908 2998,1906 3041,1904"/>
                <TextEquiv>
                    <Unicode>hat Aüfsehen erregt. Man war gegen Gustav</Unicode>
                </TextEquiv>
            </TextLine>
            <TextLine id="r3l16" custom="readingOrder {index:15;}">
                <Coords points="2179,1973 3035,1981 3062,1917 2504,1919 2451,1946 2381,1925 2346,1954 2178,1932"/>
                <Baseline points="2186,1967 2229,1966 2273,1965 2316,1964 2360,1964 2403,1963 2447,1963 2490,1962 2534,1961 2577,1961 2621,1960 2664,1960 2708,1959 2751,1959 2795,1958 2838,1957 2882,1956 2925,1955 2969,1955 3012,1954 3056,1952"/>
                <TextEquiv>
                    <Unicode>Mahler. Und sicherlich hätten die Behörden</Unicode>
                </TextEquiv>
            </TextLine>
            <TextLine id="r3l17" custom="readingOrder {index:16;}">
                <Coords points="2175,2023 2224,2038 2308,2018 2580,2028 2751,2011 2750,1968 2726,1965 2629,1983 2583,1963 2443,1964 2413,1986 2281,1969 2257,1989 2175,1985"/>
                <Baseline points="2182,2017 2210,2016 2238,2016 2266,2015 2294,2014 2322,2014 2350,2013 2378,2012 2406,2012 2434,2011 2462,2010 2490,2010 2518,2010 2546,2009 2574,2009 2602,2008 2630,2008 2658,2008 2686,2008 2714,2008 2743,2009"/>
                <TextEquiv>
                    <Unicode>auch ihn am liebsten verboten.</Unicode>
                </TextEquiv>
            </TextLine>
            <TextLine id="r3l18" custom="readingOrder {index:17;}">
                <Coords points="2248,2082 2561,2069 2706,2092 3047,2066 3046,2016 2248,2029"/>
                <Baseline points="2255,2069 2294,2069 2333,2069 2372,2068 2411,2068 2451,2068 2490,2067 2529,2067 2568,2066 2607,2066 2647,2066 2686,2065 2725,2065 2764,2064 2803,2064 2843,2063 2882,2063 2921,2062 2960,2062 2999,2062 3039,2061"/>
                <TextEquiv>
                    <Unicode>Diesmal war das „Aufsehen“ sehr durch¬</Unicode>
                </TextEquiv>
            </TextLine>
            <TextLine id="r3l19" custom="readingOrder {index:18;}">
                <Coords points="2176,2141 2234,2141 2248,2128 2276,2136 2294,2120 2324,2134 2358,2122 2380,2136 2438,2126 2483,2137 2497,2131 2496,2088 2387,2077 2372,2089 2334,2072 2298,2087 2217,2069 2174,2078"/>
                <Baseline points="2183,2120 2208,2120 2234,2120 2259,2120 2285,2119 2310,2119 2336,2118 2361,2117 2387,2116 2412,2116 2438,2116 2463,2116 2489,2116"/>
                <TextEquiv>
                    <Unicode>sichtig. Trotzdem</Unicode>
                </TextEquiv>
            </TextLine>
            <TextLine id="r3l20" custom="readingOrder {index:19;}">
                <Coords points="2496,2129 2503,2129 2512,2123 2522,2129 2529,2130 2535,2127 2540,2127 2543,2130 2547,2126 2555,2126 2555,2095 2545,2096 2537,2090 2530,2096 2520,2095 2519,2093 2506,2097 2496,2097"/>
                <Baseline points="2503,2120 2547,2120"/>
                <TextEquiv>
                    <Unicode>*</Unicode>
                </TextEquiv>
            </TextLine>
            <TextLine id="r3l21" custom="readingOrder {index:20;}">
                <Coords points="2246,2179 2665,2192 2739,2168 3059,2167 3044,2127 2746,2112 2685,2143 2504,2118 2447,2145 2245,2144"/>
                <Baseline points="2253,2175 2295,2174 2337,2173 2379,2173 2421,2172 2463,2171 2505,2171 2547,2170 2589,2170 2631,2170 2673,2169 2715,2169 2757,2168 2799,2168 2841,2167 2883,2167 2925,2166 2967,2165 3009,2164 3052,2163"/>
                <TextEquiv>
                    <Unicode>Nun scheint bescheidenem Verstande einzu¬</Unicode>
                </TextEquiv>
            </TextLine>
            <TextLine id="r3l22" custom="readingOrder {index:21;}">
                <Coords points="2172,2230 3054,2225 3053,2171 2172,2188"/>
                <Baseline points="2179,2225 2222,2224 2265,2223 2309,2222 2352,2221 2395,2221 2439,2220 2482,2220 2525,2219 2569,2218 2612,2218 2655,2217 2699,2217 2742,2216 2785,2215 2829,2215 2872,2214 2915,2213 2959,2213 3002,2212 3046,2211"/>
                <TextEquiv>
                    <Unicode>leuchten: Die Frage, ob die Aufführung des</Unicode>
                </TextEquiv>
            </TextLine>
            <TextLine id="r3l23" custom="readingOrder {index:22;}">
                <Coords points="2173,2284 3046,2264 3046,2230 2758,2215 2173,2229"/>
                <Baseline points="2181,2274 2223,2273 2266,2271 2309,2270 2352,2269 2395,2268 2438,2267 2481,2267 2524,2266 2567,2266 2610,2265 2652,2265 2695,2265 2738,2264 2781,2264 2824,2263 2867,2263 2910,2262 2953,2261 2996,2260 3039,2259"/>
                <TextEquiv>
                    <Unicode>„Reigen“ statthaft, hat die Zensur bereits ent¬</Unicode>
                </TextEquiv>
            </TextLine>
            <TextLine id="r3l24" custom="readingOrder {index:23;}">
                <Coords points="2181,2330 2851,2310 2907,2336 3053,2310 3052,2280 2961,2264 2867,2290 2362,2276 2325,2305 2181,2283"/>
                <Baseline points="2189,2320 2231,2319 2274,2318 2317,2317 2360,2317 2403,2316 2446,2315 2488,2315 2531,2315 2574,2314 2617,2314 2660,2313 2703,2313 2746,2313 2788,2312 2831,2312 2874,2311 2917,2310 2960,2309 3003,2308 3046,2307"/>
                <TextEquiv>
                    <Unicode>schieden. Hat entschieden, daß die gewiß be¬</Unicode>
                </TextEquiv>
            </TextLine>
            <TextLine id="r3l25" custom="readingOrder {index:24;}">
                <Coords points="2176,2385 2346,2356 2808,2385 3051,2362 3039,2318 2905,2334 2851,2310 2176,2331"/>
                <Baseline points="2183,2367 2226,2366 2269,2365 2312,2364 2355,2363 2398,2363 2441,2362 2484,2362 2527,2361 2570,2361 2613,2360 2656,2360 2699,2360 2742,2359 2785,2359 2828,2359 2871,2358 2914,2357 2957,2357 3000,2356 3044,2356"/>
                <TextEquiv>
                    <Unicode>stehende Gefahr der mißverständlich depra¬</Unicode>
                </TextEquiv>
            </TextLine>
            <TextLine id="r3l26" custom="readingOrder {index:25;}">
                <Coords points="2172,2432 3056,2425 3055,2362 2171,2386"/>
                <Baseline points="2179,2414 2222,2413 2265,2412 2309,2412 2352,2411 2396,2410 2439,2410 2483,2409 2526,2409 2570,2408 2613,2408 2656,2408 2700,2407 2743,2407 2787,2407 2830,2406 2874,2406 2917,2406 2961,2405 3004,2405 3048,2405"/>
                <TextEquiv>
                    <Unicode>vierenden Wirkung auf Minderjährige gering</Unicode>
                </TextEquiv>
            </TextLine>
            <TextLine id="r3l27" custom="readingOrder {index:26;}">
                <Coords points="2179,2470 3059,2469 3032,2415 2178,2425"/>
                <Baseline points="2186,2463 2229,2463 2272,2462 2315,2462 2359,2461 2402,2460 2445,2459 2488,2459 2532,2458 2575,2457 2618,2456 2661,2456 2705,2455 2748,2454 2791,2454 2834,2453 2878,2452 2921,2452 2964,2452 3007,2451 3051,2451"/>
                <TextEquiv>
                    <Unicode>wiege gegen die Bedeutung der Dichtung und</Unicode>
                </TextEquiv>
            </TextLine>
            <TextLine id="r3l28" custom="readingOrder {index:27;}">
                <Coords points="2180,2522 3029,2510 3051,2473 2179,2474"/>
                <Baseline points="2187,2509 2229,2508 2272,2507 2315,2507 2358,2506 2401,2506 2444,2505 2486,2505 2529,2504 2572,2503 2615,2503 2658,2502 2701,2502 2744,2501 2786,2501 2829,2500 2872,2500 2915,2499 2958,2499 3001,2498 3044,2497"/>
                <TextEquiv>
                    <Unicode>die — künstlerische — Diskretion der Wieder¬</Unicode>
                </TextEquiv>
            </TextLine>
            <TextLine id="r3l29" custom="readingOrder {index:28;}">
                <Coords points="2172,2579 2383,2572 2413,2545 3048,2570 3059,2514 2171,2530"/>
                <Baseline points="2179,2559 2222,2558 2266,2557 2309,2556 2353,2555 2397,2554 2440,2553 2484,2553 2528,2552 2571,2552 2615,2551 2659,2551 2702,2550 2746,2550 2790,2549 2833,2549 2877,2549 2921,2548 2964,2547 3008,2547 3052,2546"/>
                <TextEquiv>
                    <Unicode>gabe. Eine Erkenntnis, die sich die Zensur¬</Unicode>
                </TextEquiv>
            </TextLine>
            <TextLine id="r3l30" custom="readingOrder {index:29;}">
                <Coords points="2176,2619 2662,2597 3037,2618 3056,2565 2176,2579"/>
                <Baseline points="2183,2607 2226,2606 2269,2605 2312,2604 2356,2603 2399,2602 2442,2601 2486,2600 2529,2600 2572,2599 2616,2599 2659,2598 2702,2598 2745,2598 2789,2597 2832,2597 2875,2597 2919,2596 2962,2596 3005,2596 3049,2595"/>
                <TextEquiv>
                    <Unicode>gewaltigen versönlich bei einer eigens für sie</Unicode>
                </TextEquiv>
            </TextLine>
            <TextLine id="r3l31" custom="readingOrder {index:30;}">
                <Coords points="2184,2667 2430,2647 2484,2672 2574,2661 2642,2682 2662,2662 2822,2658 2822,2611 2183,2617"/>
                <Baseline points="2191,2652 2222,2651 2253,2651 2284,2651 2315,2650 2347,2649 2378,2649 2409,2649 2440,2648 2471,2648 2503,2647 2534,2647 2565,2647 2596,2646 2627,2646 2659,2646 2690,2645 2721,2645 2752,2645 2783,2645 2815,2645"/>
                <TextEquiv>
                    <Unicode>veranstalteten Generalprobe holten.</Unicode>
                </TextEquiv>
            </TextLine>
            <TextLine id="r3l32" custom="readingOrder {index:31;}">
                <Coords points="2256,2740 2723,2709 3058,2724 3057,2658 2983,2649 2852,2682 2737,2660 2607,2686 2256,2681"/>
                <Baseline points="2263,2717 2302,2717 2341,2717 2381,2716 2420,2716 2460,2715 2499,2715 2538,2714 2578,2714 2617,2713 2657,2713 2696,2712 2735,2712 2775,2711 2814,2711 2854,2711 2893,2710 2932,2710 2972,2710 3011,2710 3051,2711"/>
                <TextEquiv>
                    <Unicode>Jetzt soll man hinterher darüber streiten,</Unicode>
                </TextEquiv>
            </TextLine>
            <TextLine id="r3l33" custom="readingOrder {index:32;}">
                <Coords points="2179,2779 3055,2770 3054,2721 3015,2716 2896,2744 2817,2716 2178,2726"/>
                <Baseline points="2186,2766 2229,2766 2272,2765 2315,2765 2358,2764 2401,2764 2444,2763 2487,2762 2530,2762 2573,2761 2616,2761 2659,2761 2702,2760 2745,2760 2788,2760 2831,2759 2874,2759 2917,2759 2960,2759 3003,2759 3047,2759"/>
                <TextEquiv>
                    <Unicode>ob der „Reigen“ eine Dichtung, ob . .. Nein,</Unicode>
                </TextEquiv>
            </TextLine>
            <TextLine id="r3l34" custom="readingOrder {index:33;}">
                <Coords points="2176,2825 2921,2823 3056,2808 3056,2768 2176,2779"/>
                <Baseline points="2183,2813 2226,2812 2269,2812 2312,2812 2356,2811 2399,2811 2442,2811 2486,2810 2529,2809 2572,2809 2616,2808 2659,2808 2702,2807 2745,2807 2789,2806 2832,2806 2875,2805 2919,2805 2962,2804 3005,2804 3049,2804"/>
                <TextEquiv>
                    <Unicode>diese Beleidigung möchte ich Schnitzler, Wien</Unicode>
                </TextEquiv>
            </TextLine>
            <TextLine id="r3l35" custom="readingOrder {index:34;}">
                <Coords points="2184,2869 3009,2872 3057,2866 3057,2808 2184,2831"/>
                <Baseline points="2191,2861 2236,2860 2281,2860 2326,2859 2371,2859 2417,2859 2462,2858 2507,2858 2552,2858 2597,2857 2643,2857 2688,2856 2733,2856 2778,2855 2823,2855 2869,2855 2914,2854 2959,2853 3004,2852 3050,2852"/>
                <TextEquiv>
                    <Unicode>und — Verzeihung — auch den Behörden nicht</Unicode>
                </TextEquiv>
            </TextLine>
            <TextLine id="r3l36" custom="readingOrder {index:35;}">
                <Coords points="2187,2929 2204,2928 2211,2921 2239,2922 2247,2915 2258,2922 2271,2916 2304,2913 2303,2869 2261,2876 2245,2863 2236,2870 2223,2869 2215,2876 2205,2871 2195,2878 2186,2878"/>
                <Baseline points="2193,2909 2219,2907 2245,2907 2271,2908 2297,2907"/>
                <TextEquiv>
                    <Unicode>antun!</Unicode>
                </TextEquiv>
            </TextLine>
            <TextLine id="r3l37" custom="readingOrder {index:36;}">
                <Coords points="2262,2975 3058,2968 3057,2911 3025,2907 2261,2917"/>
                <Baseline points="2269,2963 2308,2963 2347,2963 2386,2963 2425,2962 2464,2962 2503,2962 2542,2961 2581,2961 2620,2960 2659,2959 2698,2959 2737,2958 2776,2958 2815,2957 2854,2957 2893,2956 2932,2956 2971,2956 3010,2956 3050,2956"/>
                <TextEquiv>
                    <Unicode>Bleibt also einzig die Lächerlichkeit eines</Unicode>
                </TextEquiv>
            </TextLine>
            <TextLine id="r3l38" custom="readingOrder {index:37;}">
                <Coords points="2178,3018 3063,3019 3041,2962 2444,2984 2178,2958"/>
                <Baseline points="2186,3012 2229,3012 2273,3011 2316,3010 2360,3010 2403,3009 2447,3009 2490,3008 2534,3008 2577,3007 2621,3007 2664,3006 2708,3006 2751,3005 2795,3005 2838,3005 2882,3004 2925,3004 2969,3004 3012,3004 3056,3004"/>
                <TextEquiv>
                    <Unicode>Rückzuges vor einer Demonstrotion, deren einer</Unicode>
                </TextEquiv>
            </TextLine>
            <TextLine id="r3l39" custom="readingOrder {index:38;}">
                <Coords points="2174,3069 2987,3068 3048,3063 3048,3026 2173,3016"/>
                <Baseline points="2181,3061 2224,3061 2267,3060 2310,3059 2353,3059 2396,3058 2439,3057 2482,3057 2525,3056 2568,3056 2611,3055 2654,3055 2697,3054 2740,3054 2783,3054 2826,3053 2869,3053 2912,3053 2955,3053 2998,3053 3041,3052"/>
                <TextEquiv>
                    <Unicode>Hauptteilnehmer öffentlich erklärt hat, er kenne</Unicode>
                </TextEquiv>
            </TextLine>
            <TextLine id="r3l40" custom="readingOrder {index:39;}">
                <Coords points="2191,3116 3057,3109 3056,3061 3029,3058 2516,3060 2475,3090 2416,3064 2191,3073"/>
                <Baseline points="2198,3108 2240,3107 2283,3107 2325,3106 2368,3106 2410,3105 2453,3105 2495,3104 2538,3104 2580,3103 2623,3103 2666,3103 2708,3102 2751,3102 2793,3102 2836,3101 2878,3101 2921,3101 2963,3100 3006,3100 3049,3100"/>
                <TextEquiv>
                    <Unicode>den Inhalt der „Reigen“=Szenen nicht einmal!</Unicode>
                </TextEquiv>
            </TextLine>
            <TextLine id="r3l41" custom="readingOrder {index:40;}">
                <Coords points="2176,3172 3056,3166 3055,3112 3004,3104 2175,3112"/>
                <Baseline points="2183,3155 2226,3154 2269,3154 2312,3153 2356,3153 2399,3152 2442,3152 2485,3151 2529,3151 2572,3151 2615,3151 2658,3150 2702,3150 2745,3150 2788,3150 2831,3149 2875,3149 2918,3148 2961,3148 3004,3148 3048,3147"/>
                <TextEquiv>
                    <Unicode>Bleibt der Schildbürgerversuch, die Sittlichkeit</Unicode>
                </TextEquiv>
            </TextLine>
            <TextLine id="r3l42" custom="readingOrder {index:41;}">
                <Coords points="2179,3217 2213,3232 2268,3208 2673,3201 2793,3232 2826,3223 2825,3160 2321,3164 2291,3188 2232,3159 2178,3172"/>
                <Baseline points="2185,3207 2216,3205 2248,3204 2280,3202 2311,3202 2343,3201 2375,3200 2406,3200 2438,3199 2470,3199 2502,3199 2533,3199 2565,3199 2597,3199 2628,3198 2660,3198 2692,3198 2723,3198 2755,3197 2787,3197 2819,3196"/>
                <TextEquiv>
                    <Unicode>gegen einen Dichter zu verteidigen.</Unicode>
                </TextEquiv>
            </TextLine>
            <TextLine id="r3l43" custom="readingOrder {index:42;}">
                <Coords points="2256,3266 2410,3270 2453,3258 2486,3269 2508,3258 2549,3269 2605,3255 2626,3264 2626,3208 2470,3207 2437,3220 2413,3203 2397,3216 2256,3212"/>
                <Baseline points="2263,3251 2288,3251 2313,3250 2339,3250 2364,3249 2390,3249 2415,3248 2441,3248 2466,3248 2491,3247 2517,3247 2542,3247 2568,3248 2593,3248 2619,3249"/>
                <TextEquiv>
                    <Unicode>Welche Perspektive!</Unicode>
                </TextEquiv>
            </TextLine>
            <TextLine id="r3l44" custom="readingOrder {index:43;}">
                <Coords points="2257,3311 2844,3326 3066,3310 3066,3265 2257,3267"/>
                <Baseline points="2264,3303 2303,3303 2343,3303 2383,3304 2422,3303 2462,3303 2502,3303 2541,3303 2581,3303 2621,3302 2661,3302 2700,3301 2740,3301 2780,3301 2819,3301 2859,3300 2899,3300 2938,3301 2978,3301 3018,3301 3058,3302"/>
                <TextEquiv>
                    <Unicode>Ceterum censeo: Gegen das Kunstwerk hat</Unicode>
                </TextEquiv>
            </TextLine>
            <TextLine id="r3l45" custom="readingOrder {index:44;}">
                <Coords points="2917,3386 2930,3386 2936,3380 2947,3384 2971,3380 2979,3384 2994,3376 3006,3383 3013,3377 3030,3383 3030,3318 3010,3320 2997,3307 2963,3307 2951,3314 2917,3307"/>
                <Baseline points="2924,3350 2957,3350 2990,3351 3023,3349"/>
                <TextEquiv>
                    <Unicode>L. U.</Unicode>
                </TextEquiv>
            </TextLine>
            <TextLine id="r3l46" custom="readingOrder {index:45;}">
                <Coords points="2176,3365 2245,3360 2284,3381 2455,3357 2509,3375 2686,3349 2686,3324 2632,3311 2515,3329 2476,3312 2176,3315"/>
                <Baseline points="2183,3357 2209,3356 2235,3355 2261,3355 2287,3355 2313,3354 2339,3354 2365,3354 2391,3354 2417,3354 2444,3353 2470,3353 2496,3353 2522,3353 2548,3352 2574,3352 2600,3351 2626,3351 2652,3350 2679,3349"/>
                <TextEquiv>
                    <Unicode>die Zensur immer unrecht.</Unicode>
                </TextEquiv>
            </TextLine>
            <TextEquiv>
                <Unicode>THEATER
Der verbotene „Reigen“.
Plötzlich also, nach zirka zehn Aufführungen,
gefährdet der „Reigen“ die öffentliche Moral in
so hohem, Grade, daß
Auf, deutsch: Es ist den sechs Schreiern des
kürzlichen „Reigen"=Tumultes (oder waren es
fünfgehn?) gelungen.
Es gelingt den Schreiern immer. Hierorts.
In allen Belangen. Und bei allen Behörden.
.. nun
Nur kg. Aufseh'n. Man ist also geger
gegen alles, was Aufsehen erregen könnte. Ohne
Unterlchied der Qualität. Auch Gustav Mahler
hat Aüfsehen erregt. Man war gegen Gustav
Mahler. Und sicherlich hätten die Behörden
auch ihn am liebsten verboten.
Diesmal war das „Aufsehen“ sehr durch¬
sichtig. Trotzdem
*
Nun scheint bescheidenem Verstande einzu¬
leuchten: Die Frage, ob die Aufführung des
„Reigen“ statthaft, hat die Zensur bereits ent¬
schieden. Hat entschieden, daß die gewiß be¬
stehende Gefahr der mißverständlich depra¬
vierenden Wirkung auf Minderjährige gering
wiege gegen die Bedeutung der Dichtung und
die — künstlerische — Diskretion der Wieder¬
gabe. Eine Erkenntnis, die sich die Zensur¬
gewaltigen versönlich bei einer eigens für sie
veranstalteten Generalprobe holten.
Jetzt soll man hinterher darüber streiten,
ob der „Reigen“ eine Dichtung, ob . .. Nein,
diese Beleidigung möchte ich Schnitzler, Wien
und — Verzeihung — auch den Behörden nicht
antun!
Bleibt also einzig die Lächerlichkeit eines
Rückzuges vor einer Demonstrotion, deren einer
Hauptteilnehmer öffentlich erklärt hat, er kenne
den Inhalt der „Reigen“=Szenen nicht einmal!
Bleibt der Schildbürgerversuch, die Sittlichkeit
gegen einen Dichter zu verteidigen.
Welche Perspektive!
Ceterum censeo: Gegen das Kunstwerk hat
L. U.
die Zensur immer unrecht.</Unicode>
            </TextEquiv>
        </TextRegion>
    </Page>
</PcGts>
