3336 4416
560 201 868 293 Reigen
1058 194 1488 300 box 17/6
2025 466 2192 536 Seite 2
2856 479 3033 545 Samstag
1979 553 3207 621 verletzung des Bundesministeriums haben wir in dieser Zeit, in
1983 605 3207 659 der die Verletzung geschriebenei und ungeschriebener Gesetze an der
1982 652 3196 695 Tagesordnung ist, nicht notwendig gehabt. Nebenbei war der Vor¬
1980 690 3201 762 gang des Heirn Dr. Glanz nicht bloß eine schwere Schädigung
1984 749 3199 796 des Staatsbegrisses, er war auch eine Ungeschicklichkeit sonder¬
1987 795 3196 856 gleichen. Mit diplomatischen Mitteln hätte er vielleicht etwas
1996 846 3209 905 erreichen können. Er ist mit der Polizeifaust dareingefahren und
1991 890 3207 955 hat sich nur eine Blamage geholt. Würde sie nur seine Person
1985 937 3198 995 betreffen, die aus dem Dunkel einer uninteressanten Beamtenlauf¬
1991 988 3212 1045 bahn gekommen ist und sich bishei in keiner Weise interessanter
1984 1032 3211 1103 gemacht hat, so wäre das Uebel nicht groß. Aber sie trisst auch
1984 1087 2954 1140 den Staat selbst und das ist allerdings bede##der.
2108 1111 3206 1197 Fast möchte man glauben, daß die Partei des Herrn
1981 1179 3196 1237 Dr. Glanz alle diese Argumente selbst fühlt. Sie hat es gar
1984 1232 3199 1283 nicht versucht, das Vorgehen des Bundesministers irgendwie gesetz¬
1992 1270 3211 1338 lich zu stützen, sondern ihre bewährtesten Zwischenrufer vorgeschickt
1986 1322 3197 1388 und sich mit Argumenten beholfen, die gerade für einen litera¬
1988 1363 3194 1419 rischen Anlaß ziemlich simpel sind. Und ebenso möchte man glauben.
1985 1416 3186 1467 daß die Christlichsozialen bei dieser ganzen Anacke gegen den „Reigen“
1990 1464 3206 1520 mehr auf die Taktik als auf das Endergebnis gesehen haben Sie
1983 1510 3203 1568 wollten der unbequemen Wiener Landesregierung eins versetzen
1983 1563 3202 1622 und haben sich dazu einen Anlaß gewählt, bei dem sie eine An¬
1985 1606 3211 1665 zahl von Mutläufern aus angeblich eihischen Gründen zu finden
1990 1663 3206 1714 hofften. Aber gerade als Regierungspartei kätten sich die Christ¬
1998 1702 3213 1754 lichsozialen ihrer Verantwortlichkeit bewußt sein müssen und den
1985 1745 3210 1805 schwanken Staat nicht unnötig belasten dürfen. Wenn die
1993 1796 3197 1853 Regierungspartei, die selbst die Bundesverfassung gefördert hat,
1989 1842 3216 1900 und wenn ihre eigene Regierung, an deren Spitze der Schöpfer
1997 1885 3215 1943 der Bundesverfassung steht, diese nicht achten, dann sieht man
1989 1946 3204 2004 einfach, daß in diesem unglücklichen Oesterreich nichts mehr einen
1975 1985 3208 2043 Halt hat und da die Verfassung keinen Deut mehr wert ist als
1997 2032 3224 2091 irgend ein Preistreibergesetz, das ein landläufiger Schieber bei¬
1996 2075 2217 2147 seite schiebt.
2114 2101 3219 2182 Es gibt Leute, die die Aufführung des „Reigen“ nicht vom
2002 2174 3208 2230 ethischen Standpunkt aus betrachten, der eigentlich für erwachsene
1993 2225 3217 2277 Menschen eine Privatangelegenheit ist, sondern vom literarischen
1998 2274 3210 2330 Standpunkt. Diesen Leuten war Artur Schnitzker ein Führer, der
1998 2323 3216 2373 mit seiner feiner Dialektik auch für unsere Zei nach gewissen
1996 2368 3196 2426 Richtungen ein Repräseniant ist. Nun sieht man, daß die Anarchie
1988 2418 3215 2485 wie so vieles, auch das Theater überschwemmt hat. Was nennt
1991 2463 3208 2530 sich heute nicht alles Theater! Ballungen von Worten,
1991 2513 3208 2568 dunkel empfundene Gefühle, die in dem immerwährenden Aus¬
1997 2563 3213 2623 rufe: „O Mensch!“ ihren angeblich höchsten Ausdruck finden
2004 2608 3215 2673 Unverständlichkeiten jeder Art und jeder Formlosigkeit. Ein
1997 2656 3216 2730 Meister der dramatischen Form hätte daran denken müssen, daß
1991 2699 3218 2776 sein „Reigen“ nicht Theater ist, sondern gegen alle Gesetze
1998 2751 3212 2809 des Theaters verstößt, Schnitzler hat daran, nicht gedacht
2001 2800 3222 2852 Auch hier Anarchie und auch hier ist es gerade ein Führer, dei
1993 2837 3223 2895 berufen ist, die Idee seines Lebens hoch zu halten und sie ver¬
2002 2885 3219 2955 lassen hat. Genau so wie Dr. Glanz — hüben und drüben sei
1999 2939 3221 2998 für diese Nebeneinanderstellung um Verzeihung gebeten — dem
2000 2984 3224 3049 ohne Nachweis seiner Eignung zu einem Hüter der Verfassung
1999 3036 3227 3089 berusen ist, diese im Stich läßt, sobald ihm andere Ziele
1992 3080 3217 3145 erstrebenswerter erscheinen. Die Anarchie der Kompetenzen haß
2002 3128 3227 3189 eben alles mitgerissen, was an höherer Stelle steht sei es durch
1999 3176 3231 3238 die Berufung des großen Talents oder durch die geringfügigere
2002 3228 3223 3284 einer Partei. Und das ist das bedauerliche Ergebnis dieses
1992 3271 3221 3353 neuesten Konflikts, wahrscheinlich sein einziges Ergebuis, in sach¬
1986 3318 2315 3399 licher Beziehung.
1983 3443 2779 3563 Der Kampf au den „
2826 3402 3056 3562 eigen
2371 3577 2827 3689 Rulionaltal.
1992 3658 3215 3749 #ie stürmische Sitzung. — Die Stellung des Mi¬
2260 3721 2970 3782 nisters Dr. Glanz erschüttert.
2098 3777 3211 3832 Der Natior alrat ##t gestern eine stürmische Sitzung erlebt
1993 3823 3223 3884 Der Minister des Innern Dr. Glanz hat über den Kopf des
1998 3874 3213 3934 Landeshauptmannes von Wien Bürgermeister Reumann
2004 3925 3214 3984 hinweg, der allein hiefür zuständig gewesen wäre, ein Verbot
1994 3973 3215 4024 gegen die weiteren Aufführungen von Schnitzleis „Reigen“ in
2001 4021 3211 4075 den Kammerspielen erlassen, das der Landeshauptmann zwar
1991 4069 3208 4123 nicht zur Kenntuts genommen hat und auch nicht durchführen
1997 4110 3197 4161 ließ, das aber durch die damit begangene Verletzung der Ver¬
1991 4159 3196 4208 fassung zu einem schweren parlamentanischen Konflikt Anlaß aab
