3436 4224
329 149 412 228 11
518 151 844 245 Reigen
1025 138 1450 237 box 18/2
1780 260 1816 309 n
1777 561 1819 645 7
1777 746 1822 789 #
1778 787 1814 827 #
1781 891 1820 953 r
1782 1053 1831 1093 22
1792 1193 1835 1236 7
1786 1242 1841 1296 1
1794 1825 1840 1889 &
1793 1880 1837 1926 1
1795 1576 1848 1638 4
1803 2248 1845 2326 2
1808 2325 1842 2365 1
1801 2366 1848 2415 5
1808 2417 1845 2482 22
1817 2682 1854 2735 n
1819 2731 1854 2779 1#
1810 2776 1852 2841 5
1816 2092 1862 2169 u
1862 88 2108 143 ngenche
1866 124 2960 189 135 Kronen, in der dritten Fernzone (Linz, Klagenfurt, Graz,
1857 160 2950 232 Salzburg, Ebensee, Ischl, Gmunden, Prag, Brünn, Budweis,
1869 206 2951 283 Zwittau, Tannwald, Raab, Sternberg usw.) von 75 auf
1859 252 2963 328 225 Kronen; in der vierten Fernzone (Innsbruck, St. Anton,
2886 302 2967 357 von
1869 307 2809 381 Bludenz, Bregenz, Berlin, München, Dresden usw.)
1863 354 2964 423 120 auf 360 Kronen und in der fünften Fernzone (Hamburg,
1857 403 2963 472 Frankfurt usw.) von 150 auf 450 Kronen erhöht. Nach
1870 447 2963 515 Deutschland gelten die inländischen Tarife. Nach den Orten
1870 497 2960 565 der Tschecho=Slowakei gelten die Inlandstarife mit einem
1867 547 2969 616 Zuschlag von 90 Kronen für die erste, 100 Kronen für
1877 590 2959 658 die zweite, 110 Kronen für die dritte und 120 Kronen
1871 641 2964 710 für die vierte Fernzone. Nach den Orten der Schweiz wird
1873 695 2962 757 die Sprechgebühr auf 1360 Kronen (bisher 560 Kronen),
1870 746 2964 812 nach Ilalien auf 2000 Kronen (bisher 357 Kronen), nach
1870 788 2977 853 Trieft auf 3800 Kronen (bisher 1850 Kronen) per drei
1873 832 2966 911 Minnien erhöht. Nach Budapest wird die Sprechgebühr auf
1876 894 2968 957 750 Kronen (bisher 370 Kronen) erhöht. Nach Jugoslawien
1876 940 2967 1001 (Marburg, Pettau und Cilli) wird die Sprechgebühr auf
1875 989 2972 1049 2000 Kronen (bisher 910 Kronen), nach Laibach, Brod an
1877 1049 2973 1097 der Sare, Agram 2400 Kronen (bisher 1092 Kronen) er¬
1874 1083 2975 1155 höht. In der Praxis werden fast für alle Stationen die
1878 1133 2978 1199 dreifachen Gebühren zu entrichten sein, da einfache Gespräche
1886 1184 2976 1254 kaum Aussicht haben, an die Reihe zu kommen und fast
1875 1226 2979 1287 ausnahmslos nur sogenannte dringende Gespräche abgewickelt
1882 1277 2976 1350 werden, zumal der Sprechverkehr auch zur Nachtzeit kein
1878 1321 2985 1396 wesentlich geringerer ist, als während der Tagesstunden. Nach
1875 1388 2889 1448 Polen werden die neuen Tarife erst festgesetzt werden.
2228 1496 2645 1589 Unsittlichkeit.
2227 1575 2987 1638 In der „Prager Presse“ widmet Oskar
2180 1623 2987 1684 Bie (Berlin) dem abgelaufenen „Reigen“¬
2177 1661 2996 1734 Prozeß in Berlin eine Betrachtung, der wir
2179 1711 2577 1778 folgendes entnehmen:
1980 1750 2986 1822 Der „Reigen“=Prozeß ist abgeschlossen. Ich glaube,
1893 1818 2988 1877 wenn der Freispruch nicht erfolgt wäre, hätte es eine
1892 1857 2983 1931 Revolution der deutschen geistigen Welt gegeben. Viel¬
1890 1906 2987 1977 leicht einen Boykott sämtlicher Theater und Schrift¬
1902 1956 2995 2030 steller, bis diese Schande wieder ausgelöscht worden
1890 2009 2996 2082 wäre. Heute lacht man über die Dummheit, die da
1893 2068 2998 2135 zutage gefördert worden ist. Es ist aber nötig, auch ein
1900 2105 2990 2170 ernstes Wort dazu zu sagen, denn es hat sich ein solcher
1893 2155 2990 2227 Abgrund von Unbildung und Urteilslosigkeit geöffnet,
1892 2207 2990 2278 daß es an der Zeit ist, diesen Zustand einmal prinzipiell
1906 2257 3001 2325 zu prüfen. Der „Reigen“=Prozeß war schließlich nur
1897 2304 3000 2371 das wichtigste Glied in der Kette von allerlei An¬
1896 2353 2999 2416 klagen, die aus derselben Kenntnislosigkeit hervorgehen.
1891 2404 2994 2476 Es schadet nichts, noch einmal im allgemeinen darauf
1898 2460 2378 2522 in syrechen zu kommen.
2001 2495 3003 2563 Von der Jurisprudenz weiß ich nicht viel. Aber
1903 2545 2997 2611 ich verstehe nicht, wie man die Mitglieder der ver¬
1900 2594 2999 2671 schiedenen Jünglings= und Jungfernvereine, die an dem
1908 2644 3014 2712 Stücke Anstoß nahmen, Zeugen nennen kann. Das sind
1906 2699 3012 2764 nicht Zeugen, sondern Toren. Bezengen kann ich nur,
1905 2746 3015 2818 daß eine Tatsache existiert. Schon daß eine Tatsache
1914 2796 3011 2860 nicht existiert, kann ich kaum bezeugen. Daß ein Drama
1906 2841 3013 2917 sittlichen Anstoß erragt, kann niemals eine Tatfache
1905 2889 3018 2968 sein, sondern ist nur eine Meinung. Meinungen aber
1917 2943 3003 3019 sind keine Zeugen in einem so variablen Gebiet, wie
1902 2979 3009 3065 es die Sittlichkeit ist. Innerhalb des Begriffs der
1910 3037 3003 3099 Sittlichkeit können nur Menschen, die auf der Höhe
1906 3086 3000 3152 der Zeitbildung stehen, beurteilen, ob ein Anstoß vor¬
1906 3135 3008 3205 liegt oder nicht. Denn sie sind es, die diese Grenzen
1907 3187 3017 3265 ziehen. Und wenn ein zurückgebliebener Zuschauer sich
1914 3234 3015 3311 innerhalb dieser Grenzen nicht zurechtfindet, so muß
1913 3288 3009 3359 er belehrt und erzogen werden. Aber es ist kein Zenge
1915 3342 2437 3411 wider den besiegten Geist.
2009 3371 3015 3455 Ich will noch weit zurückgreifen. Was ist Sitt¬
1913 3438 3016 3507 lichleit? Sittlichkeit ist Idealismus, ist ein Prinzip,
1908 3479 3017 3548 das das Gewissen der Menschen reguliert und einem
1914 3524 3010 3606 höheren Zwecke dient. Und es ist klar, daß die Zeiten,
1914 3577 3017 3655 die das geschlechtliche Leben nicht verheimlichen, weniger
2360 3657 3028 3758 „Taborstrasse 48 En gres
1847 3728 3030 3827 EirkGbat Telephon 47179 1074 En detall
