3444 4320
355 131 463 224 11
554 132 862 230 Reigen
1052 121 1454 224 box 18/1
1453 1182 1982 1273 ee Sesen Couner
1482 1258 1854 1357 Abendugab
1978 1289 2224 1402 2.1920
1588 1332 1789 1431 Berlin
1350 1367 1474 1431 1920
1377 1473 2254 1574 Cheater, Hlusik und Kunst
1386 1564 2305 1628 Das Verbot der „Rigen“=Aufführung
1315 1619 2316 1670 zurückgezogen. Das Kultutzministerium bzw. die
1318 1665 2317 1727 Hochschule für Musik haben siurch die Tatsachen
1322 1718 2310 1779 eines Besseren belehren lassen: sielhäben, wie wir er¬
1321 1757 2316 1826 fahren, ihren Einspruch gegen die Aufführungen von
1326 1819 2306 1878 Schnitzlers „Reigen“ im Kseinen Schau¬
1319 1857 2326 1921 spielhaus zurückgezogen, und Gertrud Eysoldt
1323 1916 2312 1979 und Marimilian Sladek werden sich, durch keine
1312 1966 2315 2017 Haftstrafe bedroht, ihrer Freiheit erfreuen dürfen.
1317 2016 2310 2072 Diese plötzlich geänderte Meinung basiert auf dem
1320 2065 2320 2131 Eindruck der gestrigen Vorstellung, deren Diskretion
1323 2110 2322 2177 und Dezenz die Leitung der Hochschule eine ganz
1319 2164 2313 2213 andere Wertung des verpönten Schnitzler=Stücks ge¬
1318 2220 2321 2277 winnen ließen. Die Hochschule bestreitet übrigens
1319 2266 2322 2333 die gestern abend von Frau Eysoldt aufgestellte Be¬
1315 2305 2348 2384 hauptung, sie habe nur einen Vorwand gesucht, um
1314 2363 2323 2430 die Pächter aus dem Haus zu drängen, das sie für
1313 2414 2313 2466 ihre eigenen Zwecke brauche. Sie läßt durch R.=A.
1311 2463 2322 2513 Dr. Alsberg erklären, sie habe lediglich vermeiden
1314 2514 2326 2584 wollen, daß man ihr den Vorwurf mache, sie dulde in
1315 2559 2321 2628 ihren Räumen ein Werk wie „Reigen“. Aber ihr
1317 2617 2328 2671 kurzes Gedächtnis läßt sie übersehen, daß sie (wir
1317 2660 2311 2722 wiesen schon gestern darauf hin) „Die Büchse der
1310 2715 2311 2772 Pandora“ ohne jeden Widerspruch und recht lange
1314 2748 2329 2824 geduldet hat. (Was wir ihr selbstverständlich nicht
1312 2813 2313 2871 zum Vorwurf machen.) Die Direktion Eysoldt¬
1313 2854 2322 2917 Sladek fühlt sich übrigens mit Recht dadurch be¬
1309 2903 2320 2965 schwert, daß die Herren von der Hochschule keiner der
1315 2966 2309 3032 Aufforderungen, durch Teilnahme an einer Probe sich
1311 2998 2368 3072 selbst ein Bild von der Aufführung zu verschaffen,
1308 3055 1545 3126 gefolgt sind.
2327 1584 2358 1631 0
