3392 4256
280 112 424 195 11.
477 109 801 205 Reigen
999 111 1394 204 box 18/1
1572 973 1824 1051 Die Zukunft
1043 964 1127 1045 146
1041 1059 2363 1149 In Frostbrand erstarrt ihr Frühlingsaft. Heilig hell aber tönt,
1041 1125 2349 1191 von der Vogelweide her, aus Walthers Menschenmund die
1043 1180 2353 1249 Celesta: „Es that den kleinen Vögeln weh; da schwiegen sie
1039 1247 2255 1314 im Leide.“ Und unsere Lachlust muß weiter fasten.
1439 1315 1963 1399 Knospen im Schnee
1130 1376 2344 1461 Deutschland tanzt seit zweifahren, als könne das Prestis¬
1041 1435 2347 1514 simo das Gift vom Biß der kriegerischen Apuliertarantel
1039 1501 2359 1560 aus seinem schwitzenden Leib treiben. Paris hat erst jetzt
1043 1561 2355 1635 sich zu Wiederaufnahme des Opernballes entschlossen; nach
1046 1621 2353 1685 langem Zögern, mancher barschen Abmahnung und mit dem
1037 1676 2347 1748 Gelöbniß, das Kantharidinfest der Offenbachzeit ins Entlüdert¬
1044 1733 2359 1794 Ehrbare zu läutern. Deutschland meint, da die rühmlich Re¬
1038 1793 2347 1861 girenden nur in der Reichshauptstadt achthundert Dienst¬
1048 1851 2361 1923 automobile halten, für diese Tag und Nacht, nicht etwa immer
1042 1909 2358 1973 zu Dienstleistung, benutzten Wagen also im Jahr ungefähr
1043 1971 2357 2039 sechzig Millionen auf Bürgerkosten ausgeben, brauche es sich
1045 2025 2357 2089 auch nicht in Erheuchelung der früh und spät gepredigten
1038 2090 2348 2156 Sparsamkeit zu bequemen. Paris ist von Fremden aus allen
1048 2146 2346 2208 Länder hoher Valuta überfüllt und muß ihnen Vergnügens¬
1045 2208 2357 2276 möglichkeiten bieten. Der Pariser selbst, erst recht die fran¬
1047 2271 2346 2347 zösische Provinz, lebt, nach glaubwürdigem Augenzeugniß,
1048 2328 2352 2397 noch karg; und liest mit grimmig gefurchter Stirn, was von
1053 2385 2357 2467 Ballfluth, Rennwettenumsatz, Schlemmerei, Auktionenertrag,
1040 2438 2358 2511 Modeschau, Tanzturnier, Schaumweinverzehr, Juwelengehäuf
1052 2502 2352 2577 und ähnlicher Ueppigkeit aus Deutschland gemeldet wird.
1041 2558 2358 2622 Da die Meldung Wahrheit spricht, dürfen gerade die Macher
1044 2621 2362 2686 der Zeitungen, die täglich so unwürdig antisoziales Handeln
1055 2681 2350 2761 wie holde Wohlthat feiern und im Inseratentheil dazu auf¬
1045 2797 2352 2869 gewöhnt, der Besiegte lebe in behaglicherer Breite als er und
1055 2855 2352 2918 könne drum, müsse drum geschwind die höchste Schuldsumme
1049 2918 2356 2980 tilgen. Diesem Glauben, lasen wir, habe Ministerpräsident
1043 2970 2358 3042 Briand in seiner Antrittsrede einen das deutsche Gefühl em¬
1042 3040 2352 3113 pörenden Ausdruck gegeben; sein Wort habe Deutschland
1045 3098 2354 3169 als ein Kanaan oder gar Eden gemalt. Wem kann solche
1046 3155 2351 3219 Lüge nützen, wem muß sie schaden? Die dazu mißbrauchten
1046 3210 2360 3286 Sätze der behutsam abgewogenen Rede, die der neuen Re¬
1045 3267 2345 3342 girung eine Sechssiebentelmehrheit eintrug, sagen ganz An¬
1048 3330 2359 3405 deres. „Deutschland ist besiegt, aber kein Schacht, keine
