3532 4192
384 103 544 184 11.
623 105 693 169 e
1093 115 1510 208 box 18/2
594 126 911 210 igen
756 819 1907 903 Dr. Johannes Eckardt: Chronik der Kunst und Wissenschaft.
2307 847 2394 910 441
769 875 2383 960 —.
766 942 1461 1025 sierenden Ton um seine Wirkung
1476 958 1543 1026 ge¬
1650 969 2393 1038 Im Zusammenhange damit möchten
764 1004 1540 1051 bracht wird. Im Gegenteil! Die über¬
1608 1020 2388 1074 wir auf den „Totentanz 1921“ von Leo
767 1043 1543 1101 wiegende Mehrzahl der Zuschauer wird
1602 1055 2394 1110 Weismantel hinweisen. Wir haben in
759 1079 1545 1130 diesen ironisierenden Ton nur mißver¬
1602 1093 2392 1154 der „Chronik“ von dem Dichter wiederholt
762 1117 1546 1174 stehen, wird vielleicht mit ihm über das
1606 1132 2384 1191 schon gesprochen. Wir erwähnten auch
758 1159 1550 1216 Gegenständliche schmunzeln und sich daher
1602 1175 2386 1225 den Erfolg seines Heimatspieles in der
753 1200 1551 1247 aber doch hauptsächlich an dem rein Stoff¬
1596 1210 2384 1265 Rhön vom Sommer 1921. Nun hat Weis¬
751 1231 1549 1293 lichen unterhalten. Wir dürfen uns doch
1604 1256 2390 1311 mantel einen Bilder=Zyklus in dramatischer
751 1276 1535 1328 über die Wirkung solcher Aufführungen
1603 1287 2387 1345 Form geschaffen, dem man den Titel
760 1312 1540 1366 keiner Täuschung hingeben. Je raffinierter
1602 1317 2384 1384 „Der Totentanz 1921“ gab, und den man
768 1351 1542 1410 ie gemacht werden, und je mehr Geist,
1599 1369 2374 1409 in der alten Meistersinger=Kirche, der Katha¬
760 1390 1536 1440 Witz und Ironie an ihnen formte, desto
1599 1406 2383 1460 rinenkirche in Nürnberg, zur Uraufführung
757 1429 1351 1477 bedenklicher ist die Wirkung.
1358 1435 1540 1485 Und was
1590 1442 2384 1501 brachte. Weismantel stellt den Tod mitten
760 1470 1542 1525 nützt uns schließlich auch vom rein künst¬
1599 1482 2266 1533 in das Leben unserer Gegenwart.
2316 1488 2382 1536 Um
751 1506 1545 1558 lerischen Standpunkt gesprochen eine noch
1595 1517 1722 1570 einige
1753 1522 2307 1572 seiner Bilder herauszugreif
2309 1529 2373 1570 en:
762 1547 1542 1604 so gepflegte Form für derartige Stoffe,
1601 1557 2305 1614 Bauern sitzen mit Regierungsvertretern
2307 1565 2375 1613 zu¬
757 1590 1535 1629 wenn die Wirkung einer solchen Auffüh¬
1596 1599 2295 1663 sammen und wollen eine wesentliche
2314 1605 2376 1650 Er¬
752 1624 1544 1679 rung auf die weitesten Zuschauerkreise
1589 1638 2252 1691 höhung des Milchpreises erreichen.
2312 1642 2369 1689 Sie
751 1666 1532 1714 zum mindesten dahin geht, daß die heilige
1593 1675 2375 1730 kümmern sich nicht um die Not der Städter,
754 1701 1542 1746 Scham vor solchen Dingen, die Ehrfurcht
1592 1719 2376 1762 sondern um die Möglichkeit des Verdienstes.
753 1740 1535 1792 vor den menschlichen Beziehungen der
1597 1751 2375 1808 Da tritt der Tod in ihren Kreis. Der
755 1775 1531 1836 Liebe ihrer Köstlichkeit und Zartheit ent¬
1591 1790 2373 1840 kleine Bauernjunge will vom Baume
754 1807 1043 1870 kleidet wird.
1042 1819 1543 1877 Die heutige Zeit mit all
1588 1829 2364 1886 Apfel pflücken; es sind aber Totenköpfe.
748 1847 1538 1909 ihrem krassen, egoistischen Materialismus
1593 1867 2367 1924 Die Quelle gibt kein frisches Wasser mehr,
748 1892 1536 1948 fordert mehr denn je eine Verinnerlichung
1596 1903 2371 1954 sondern nur rotes Blut; die Kuh keine
738 1932 1530 1988 des persönlichen Lebens, eine Vertiefung
1585 1947 2367 2000 Milch, sondern Blut. Kurzum, das Dä¬
749 1972 1531 2025 des rein Menschlichen, eine bewußtere,
1584 1982 1784 2032 monische,
1784 1980 2360 2031 Schreckliche des unerbittlichen
755 2010 1529 2055 seelische Erfassung der Beziehungen zwischen
1588 2020 2360 2074 Todes greift in dieses egoistische Bauern¬
747 2047 1531 2104 Mensch und Mensch, zwischen Mann und
1588 2061 2358 2115 leben. Ein anderes Bild: der Pressekönig.
754 2084 1526 2138 Weib. Nur aus einer solchen innigen Ver¬
1585 2098 2363 2154 Er sitzt wie eine Spinne in seinem Gewebe,
739 2123 1527 2180 bindung kann neuer Geist werden; diese
1586 2139 2359 2189 beherrscht den Börsenmarkt, die öffentliche
740 2161 1530 2214 Innigkeit, dieses scheue Bewußtsein um
1583 2175 2355 2223 Meinung und glaubt, ein Herrscher zu
741 2201 1523 2257 die Wunder der Liebe sollte heute mehr
1587 2213 2367 2270 sein, gegen den es keine Gewalten gibt,
738 2238 1516 2289 denn je unausgesprochen bleiben und dar
1580 2256 2366 2304 bis der Tod auch ihn zwingt, über sich eine
737 2277 1525 2338 niemals zum Gegenstand theatermäßiger
1584 2290 2360 2342 höhere Macht anzuerkennen. Weismantel
738 2316 1456 2370 Unterhaltung herabgewürdigt werden.
1571 2329 2361 2384 bringt Bilder aus dem Schützengraben,
781 2352 1521 2403 Wenn dieses Bewußtsein stärker und
1572 2369 2352 2422 aus dem Alltagsleben in der Familie,
736 2389 1518 2436 aktiver wird, dann wäre wohl auch der
1580 2402 2360 2458 Bilder, die immer unmittelbar aus unserer
738 2429 1518 2484 Boden für deutsche Kultur aufgeackert;
1580 2440 2356 2496 Zeit genommen sind, und die daher viel
731 2463 1527 2524 das Unkraut könnte ausgejätet, der gute
1574 2484 2360 2531 tiefer wirken als irgend eine legendäre
746 2504 1518 2559 Same gestreut werden. Die Ansätze dafür
1577 2519 2369 2573 entzeitlichte Belebung eines ähnlichen
734 2549 1528 2594 mehren sich. Allenthalben findet man in
1584 2557 2363 2605 Stoffes. Weismantels sichrer Blick für
735 2581 1521 2635 den Spielplänen der großen und kleinen
1576 2595 2350 2642 Wirkungen, vor allem sein unleugbarer
738 2622 1514 2669 Theater ernste Stücke, die an die letzten
1569 2633 2353 2688 Instinkt für das Theater verstehen es,
737 2658 1527 2714 Fragen des Lebens greifen. Es mehren
1572 2662 2360 2727 Bilder von höchster Lebendigkeit zu schaffen.
736 2701 1512 2748 sichldie Versuche, alte Legendenspiele zu
1576 2711 2355 2760 Der dämonische Einschlag seinerdichterischen
733 2739 923 2784 erneuern.
965 2738 1520 2794 Es mag sein, daß hier viel
1578 2749 2362 2796 Begabung kommt diesem Stoffe besonders
738 2775 1514 2824 Modestimmung mit entscheidet und mit¬
1573 2785 1703 2836 zugute.
1770 2784 2359 2845 Das Bildhafte ist entschieden
730 2813 1516 2868 unter vielleicht das eigentlich Schöpferische
1572 2827 2354 2878 sicher gesehen, wenn es auch ideell nicht
726 2858 1520 2903 aus dem Leben der Zeit heraus fehlt.
1571 2866 2345 2919 bis ins Letzte ausgeschöpft, abgerundet,
729 2891 1519 2944 Jedenfalls aber dürften diese Symptome
1566 2896 1914 2949 geformt erscheint.
1973 2902 2358 2955 Aber all diese mit
728 2934 1524 2973 nicht unterschätztswerden. Es kommt ja
1562 2940 2351 2987 wenigen Strichen hingezeichneten Eindrücke
722 2963 1518 3017 dazu, daß einzelne Werke dieser Art bereits
1565 2978 2345 3030 beweisen ein ernstzunehmendes dramatisches
731 3010 1512 3056 versuchen, aus dem unmittelbaren Erleben
1565 3016 2345 3074 Talent, das durch die überaus sorgfältig
729 3043 1509 3100 der Zeit, der Gegenwart heraus diese
1568 3062 2351 3122 vorbereitete Nürnberger Uraufführung nur
724 3082 1476 3153 Fragen der Zeitlichkeit zu beantworten.
1569 3096 2220 3152 noch deutlicher in Erscheinung trat.
1654 3133 2287 3198 Dr. Johannes Eckardt, München.
1719 3266 2235 3347 SSSPGS
1543 3291 2314 3403 Sesegerr
