3444 4416
813 618 982 691 Seite 2
768 705 1771 764 des Theatergesetzes („Beweggründe der öffentlichen
778 752 1769 820 Lienung“) zur Erwirkung des Verboies eine Lüge
786 795 1765 853 ist, da nirgends die öffemliche Ordnung gestört
775 840 1764 894 wurde, so gab sich der Landeshauptmann für diese
770 880 1765 935 Lüge einfach nicht her und so schritt denn die Mayr¬
783 923 1770 970 regierung zum Verfassungsbruch und verbot ohne
786 967 1763 1028 jede gesetzliche Handhabe aus eigenem weitere Auf¬
781 1011 1764 1067 führungen. Das ist ein so aufreizendes Verhalten, daß
779 1065 1769 1119 der schärfste Protest dagegen nicht scharf genug sein
787 1098 1761 1146 kann, zumal jedes Kind weiß, daß sich diese christlich¬
780 1141 1758 1196 soziale Regierung den Nullen ihrer parteigenössischen
776 1188 1763 1239 Landeshauptleute gegenüber nicht einmal das Ver¬
789 1240 1768 1290 angen nach Einhaltung der Gesetze zu stellen er¬
782 1271 1765 1326 laubt. In Wien handelt es sich aber um einen
788 1323 1759 1373 Sozialdemokraten, und einem Sozi gegenüber ist
773 1359 1764 1415 doch wohl, wenn er sich auf Gesetz und Recht stützt,
780 1405 1758 1462 ein bißchen Verfassungbrechen noch am Platze. Das
778 1451 1765 1502 will die „sittliche" „Tagespost“ nicht offen sagen,
790 1496 1758 1552 und so lieber die Methode Funder, der Lüge und
783 1539 1764 1595 Verleumdung, der Begeiferung und Herabsetzung
781 1585 1754 1629 dessen, was ist. Ernste und, anständige Menschen de
790 1625 1764 1694 handeln die Frage freilich von einem anderen Ge¬
785 1675 1762 1725 sichtspunkt als die böswilligen Schwachköpfe der
787 1715 1771 1767 „Tagespost“, und man lese nur, wie etwa die „Neue
776 1755 1759 1816 Freie Presse“, die, wie die Erfahrung lehrt, gewis
781 1814 1761 1868 gerne bereit ist, den Jargon der „Tagespost“ einzu¬
790 1848 1766 1904 hängen, wenn sie dazu nur halbwegs Gelegenheit
787 1895 1762 1948 hat, sich zu der Angelegenheit verhält. Sie schreibt
790 1939 1772 1992 „Das Verbot der Regierung ist erfolgt aus Rücksicht
778 1983 1770 2036 gegenüber einer parteipolitischen Strömung, die sich
783 2026 1765 2074 gänzlich unberechtigterweise in diese rein künstlerische
790 2069 1770 2122 Frage eingemengt hat. Nachträgliche Verbote haben
784 2116 1762 2170 überhaupt viel Gehässiges und sind ein Armuiszeng.
783 2162 1764 2207 nis für die Behörde, die nicht imstande war, im
784 2204 1765 2256 vorhinein zu dem richtigen Schlusse zu gelangen,
782 2244 1772 2298 Entweder das Ministerium haiie die Ansicht, daß
779 2290 1773 2342 diese Aufführung nicht statifinden dürfe, dann hätte
787 2334 1761 2388 von allem Ansang an die Entscheidung in diesen
777 2376 1769 2436 Sinne erfließen müssen. Zuerst jedoch die Aufführung
778 2426 1765 2477 erlauben, dann aber den politischen Strömungen
785 2470 1769 2511 nachgeben, ist inkonsequent und kennzeichnet die
790 2505 1764 2569 Flüchtigkeit, mit der in Österreich über wichtige
781 2546 1769 2604 künstlerische Fragen entschieden wird.“ Man ver¬
788 2599 1774 2647 gleiche damit die gehässigen Ausfälle der Grazer
789 2636 1765 2700 Kuppelpresse, die sich erdreistet, zu schreiben, der
792 2686 1765 2749 „rote Terror“ habe sich des „Reigens“ bemachtigt
784 2731 1776 2783 während die Wahrheit ist, daß der weiße Terror die
779 2765 1763 2831 Verfassung bricht und die journalistische Gelegen¬
777 2817 1486 2879 heitsmacherin die Mauer dazu macht.
846 2856 1765 2918 Noch sind wir nicht so weit, daß auf jeden Win
781 2916 1762 2968 eines Piffl die Verfassung gebrochen werden kann
791 2951 1765 2998 Gen. Reumann, der Wiener Landeshaupimunn, an¬
782 2991 1770 3057 erkennt den Verfassungsbruch nicht und leitet dem¬
782 3037 1775 3098 gemäß den gesetzwidrigen Erlaß auch nicht weiter,
794 3088 1764 3146 o daß das Theaterstück runig aufgeführt werden
783 3130 1764 3203 kann, bis der Verfassungsgerichtshof entschieden
787 3165 1013 3233 haben wird.
775 3232 1764 3306 Für den Schutz der Rechte des Laudeshauptmannes.
851 3299 1763 3369 Wien, 11. Februar. In der heutigen Sitzung de¬
788 3343 1765 3400 Landtages stellte Gemeinderat Speiser namens der
789 3398 1762 3447 Sozialdemokraten einen Dringlichkeitsantrag, worit
795 3438 1776 3499 unter Hinweis darauf, daß das vom Minister des
1406 3483 1440 3507 *
793 3484 1759 3541 Innern erlassene Verbot der Aufführung von Schniß
785 3533 1768 3576 lers „Reigen“ in die Kompetenz des Landtages ein¬
785 3575 1765 3634 greife, der Bürgermeister als Landeshauptmann auf¬
786 3618 1770 3679 gefordert wird, die Autonomie des Landes gegen je¬
786 3665 1763 3722 den Eingriff der Bundesregierung energisch zu
785 3704 938 3763 wahren.
860 3748 1764 3811 Sowohl bei der Verlesung des Antrages, als bei
785 3791 1775 3842 der Begründung desselben durch den Abg. Speiser
787 3842 1763 3899 kam es zu stürmischen Szenen zwischen den Sozial¬
792 3891 1775 3951 demokraten und den Christlichsozialen, wobei die
799 3926 1762 3982 letzteren mit den Pultdeckeln Lärm schlugen. Schließ
800 3976 1764 4034 ich wurde dem Antrage die Dringlichkeit zuerkannt
800 4025 1771 4077 Von seiten der. Christlichsozialen wurde das erlassene
788 4058 1119 4124 Verbot verteidigt.
861 4109 1770 4162 Der Landeshauptmann und Bürgermeister er¬
782 4154 1772 4206 klärte unter lekhaftem Beifall der Sozialdemokraten,
798 4203 1772 4259 nichts werde ihn dazu bringen, die Aufführung des
792 4245 1775 4298 „Reigens“ zu verbieten. Er lasse die Verfassung der
795 4290 1763 4337 Stadt Wien nicht schänden. Er werde von seinen
791 4331 1224 4390 Rechte nicht abweichen.
2139 625 2409 692 „Arbeitertille“
1799 745 2779 839 Die Alpine, die „Bossische Zei¬
1803 828 2781 929 tung, die „Tagespost“ und die
2137 911 2446 1008 Italiener.
1868 996 2774 1074 Wenn dem Großschieber Castiglioni, der seit dem
1811 1054 2778 1105 Zusammenbruch durch die Mitwirkung des italieni¬
1804 1100 2774 1152 schen Generals Segré zum Herrn und Gebieter fast
1799 1145 2781 1191 der meisten Wirtschaftszweige in Österreich und Un¬
1796 1185 2772 1242 garn geworden ist ser ist Herr der Alpinen, Gebieter
1799 1231 2773 1285 von Daimler, Fiat und Puch, kontrolliert ein halbes
1812 1279 2775 1337 Dutzend Großbanken usw usw.), die Lüftung des
1802 1322 2774 1371 Schleiers über seinen Alpineaktienkauf durch die
1799 1359 2783 1417 Berliner „Vossische“ zu Gesicht bekommen haben
1811 1411 2773 1472 ollte, so wird der gute Mann herzlich über den Ult
1801 1455 2778 1511 gelacht haben, den sich da einer mit der sonst gewiß
1800 1510 2770 1561 ganz ernsten, alten „Vossin“ erlaubt hat. Die reichs¬
1803 1550 2773 1606 deutlchen Leser der Berliner Zeitung haben vom
1801 1589 2783 1645 steirischen Erzberg, den Betriebsverhältnissen bei der
1810 1626 2772 1682 Alpinen und den Aktienkäufen durch den Triestiner
1796 1677 2783 1727 Arzt Castiglioni sicherlich ebensoviel Kenntnis wie
1814 1726 2777 1778 insere meisten Leser vom Kontrapunkt, und so darf
1810 1769 2770 1819 es nicht wundern, wenn ein Artikel, der die Tenden
1801 1815 2773 1862 hat, zu beweisen, wie sehr sich Ententetapitalisten bei
1804 1856 2778 1910 ihren Schiebereien verrechnen können, produziert
1811 1902 2785 1952 wverden kann, der den haarsträubendsten Blödsinn
1804 1950 2771 1994 über das traurigste österreichische Wirtschaftskapite
1805 1995 2763 2051 zum Inhali hat. Wir hätten die „Enthüllungen
1803 2043 2765 2089 ruhin vorübergehen lassen, wenn nicht die „Tages
1801 2084 2779 2135 post“ durch Wiedergabe des ganzen Artikels bewiesen
1810 2126 2778 2182 hätte, wie sehr ihr auch die primitivsten Kenntnisse
1805 2170 2779 2230 der wirtschaftlichen Vorkommnisse fehlen und wie sehr
1811 2214 2781 2266 sie jeder Dummheit aussitzt, die sich mit „Eingeweiht¬
1814 2263 2775 2318 heit“ drapiert. Ist schon die Unkenntnis der Berliner
1810 2307 2781 2361 „Vossischen Zeitung" über Wirtschaftsvorgänge bei
1809 2357 2785 2407 uns blamabel, noch dazu bei soviel Häufung von
1802 2395 2785 2449 handgreiflichem Unsinn, wie man ihn sonst nicht leicht
1811 2437 2775 2493 findet, so ist die Wiedergabe des Artikels durch die
1805 2489 2782 2541 Grazer „Tagespost“ eine wahre Schande und eine
1805 2527 2778 2584 Zumutung an ihre Leser, die sich wohl fragen müß¬
1804 2575 2782 2635 ten, ob denn dieses Blatt nicht einen Menschen hat,
1804 2625 2786 2674 der imstande wäre, einen Wirtschaftsaufsatz, der dies
1807 2658 2779 2720 größte steirische Werk behandelt, auf seine annähernde
1803 2709 2785 2764 Richtigkeit zu prüfen, ehe er der Offentlichkeit über¬
1812 2755 2603 2810 geben wird, noch dazu an leilender Stelle.
1879 2783 2775 2850 Damit wir dem ehrenwerten und fachweisen
1809 2842 2778 2903 Blatt, das nach Abdruck des Berliner Artikels selbst¬
1801 2888 2778 2955 gefällig „die Wahrheit der Darstellung im großen und
1811 2937 2781 2988 ganzen“ feststellt, nicht Unrecht tun, führen wir an,
1803 2979 2782 3034 daß ihm eine Stelle des Berliner Alpine=Artikels,
1803 3036 2777 3080 allerdinas die schreiendste und für jeden Schuljungen
1804 3072 2781 3126 als Blödsinn erkennbare, selber auffällt. nämlich die,
1808 3118 2790 3169 auf die sich der Bossische Arlikel aufbaut und von
1806 3159 2779 3201 dem der von der „Tagespost“ besonders hervorgeho¬
1808 3201 2776 3266 bene Satz gilt, daß „die Mitteilungen in den Einzel¬
1814 3250 2776 3298 heiten bisher nur ganz wenigen Eingeweihten be¬
1808 3292 2773 3347 kannt seien und sie kein Dementi und keine Abschwä
1812 3342 2778 3388 chung auch nur um ein Jota zu erschüttern ver¬
1807 3380 2782 3441 möchte“. Die „Vossische Zeitung“ erzählt und die
1815 3431 2779 3484 „Tagespost“ setzt es ihren Lefern vor, daß der Schie¬
1808 3473 2781 3528 der Castiglioni sich durch Käufe von Alpineaktien
1809 3522 2780 3574 zu phantastischen Preisen in den Besitz der Aktien¬
1802 3565 2782 3617 majorität brachte und einen großen Teil davon der
1813 3609 2787 3665 Turiner Fiat-Gruppe zu noch phantastischerem
1805 3651 2773 3699 Preise überließ. Warum tun das Castialioni und die
1807 3694 2776 3761 Fiat=Gruppc? Aus valutarischen Erwägungen etwa?
1807 3740 2773 3797 Mag sein, sagen die „Vossin“ und die „Tagespost“
1813 3786 2771 3833 „Weit stärker aber war der Wunsch der Italiener
1805 3823 2779 3888 sich dieses glänzenden österreichischen Unternehmens
1808 3876 2774 3928 zu bemächtigen, wobei sicherlich, wenn nicht die zu¬
1816 3920 2775 3978 versichtliche Erwartung, so doch mindestens die stille
1811 3961 2777 4017 Hoffnung mitsprach, das Ergebnis der Abstimmung
1812 4015 2769 4071 werde diesen Teil Dentschösterreichs zu Italien schla
1799 4050 2779 4112 gen.“ (Sieast es!] „Daß solche Erwartungen aufs
1805 4100 2769 4152 gröbste getäuscht worden sind, ist bekannt.“ (Aber hof
1818 4145 2777 4192 entlich nicht erst durch die „Vossische“.) „Damit zer¬
1813 4188 2771 4238 schlug sich die letzte Hoffnung der Italiener, aus die
1816 4240 2773 4284 em Geschäte mit einem blauen Auge herauszukom¬
1812 4280 2774 4331 men.“ (Hofft nei weiter!) Diese Zeugnisse von Trot¬
1806 4319 2783 4371 teshaftgikeit bezeichnet die „Tachcost“ bescheiden,
1822 4370 1856 4418 vi
3204 626 3339 695 Sonni
2809 706 3317 767 Landesregierung Hilfe der
2813 745 3328 817 nicht „in den Nesseln sitzt“,
2809 795 3220 859 reichische Bevölkerung.
2865 837 3327 902 Bevor sich der Triestiner
2810 881 3343 943 danken trug, die Aktienmajor
2802 929 3348 990 sen, hatte die österreichische
2815 975 3349 1039 sion einen Plan ausgearbei
2814 1023 3334 1083 gemeinwirtschaftliche Anstalt
2821 1062 3346 1128 Tagespost“ und vornehmlich
2818 1109 3343 1180 rische Landesregierung prote
2811 1151 3307 1214 Staat sich anmaße, über di
2816 1197 3339 1261 lichen Erzlager zu verfügen.
2812 1241 3348 1302 behender und mit wohlwoll
2820 1288 3336 1351 Banken und des von den
2821 1334 3355 1388 assenen Schumpeter bemächt
2809 1376 3347 1444 dem Rücken des Protestes der
2811 1420 3350 1488 gespost“ eines großen Teil
2826 1462 3349 1522 130.000 Stück und nich
2821 1495 3354 1568 und die „Tagespost“ von 190
2819 1546 3303 1614 „Tagespost“ und steirische
2811 1607 3342 1649 es, die die Alpineaktien an
2818 1639 3354 1700 verschachern hälsen, das nur
2814 1685 3344 1747 über unser größtes Unterne
2810 1736 3338 1788 vollste Rohstoffquelle erhielt.
2814 1778 3340 1834 fidie ohnegleichen, wenn die
2818 1823 3331 1874 aufbringt zu behaupten, daß
2823 1864 3299 1919 Regierung die Tragweite
3299 1866 3356 1917 di
2813 1908 3342 1969 erkannt hat. Das Gegenteil
2813 1957 3318 2002 erkannte die Tragweite nur
2818 1998 3344 2051 gespost“ und der christlichso
2812 2045 3348 2105 war die Lösung durch Herrn
2818 2088 3353 2154 lieber als die Verwaltung di
2814 2130 3137 2199 den Staat selbst.
2875 2168 3345 2233 Das zur impertinenten B
2819 2217 3359 2295 an Unwissenheit, sondern auc
2828 2264 3330 2316 eidenden „Tagespost“. Und
2817 2309 3349 2369 Behauptungen, wie stark Cas
2816 2353 3356 2407 sitzt. Als Castiglioni Alpine
2826 2395 3350 2461 talienischer Baluta, kostetee
2819 2447 3353 2506 recht erinnern, ungefähr 50
2822 2490 3351 2554 oder nach dem damaligen
2820 2530 3349 2583 sage und schreibe einhundert
2830 2574 3356 2644 amten Aktienposten von 13
2822 2619 3351 2682 13 Millionen Lire. Für 6##
2820 2664 3359 2729 scheffler à la Castiglioni ein
2819 2715 3350 2771 13 Millionen Lire konnte m
2816 2762 3294 2818 mehr als vielleicht einen
2823 2840 3332 2906 Aktie vo. 500 K per Stück
2827 2889 3346 2943 Kronen per Stück gestiegen.
2821 2938 3361 3000 Castiglioni die 130.000 Stü
2827 2981 3354 3048 aufte, ungefähr 65 Million
2818 3064 3357 3126 ger als 689 Millionen Kron
2835 3108 3340 3173 o „in den Nesseln“, daß er
2830 3154 3347 3205 inen nicht weniger als die §
2821 3198 3350 3260 lionen Kronen verdienen wü
2827 3251 3335 3306 „blaue Auge“ ist, mit dem
2830 3297 3354 3353 Alpinekauf davonkommen wer
2823 3333 3350 3396 „Vossin“ und die „Tagespost
2818 3380 3362 3433 gewinn noch zu gering und di
2818 3428 3355 3480 dere Verdienste gewöhnt. So
2816 3469 3351 3519 des Artikelschreibers und da
2821 3510 3365 3572 post“ aus. Was nun die üb
2829 3559 3321 3614 Artikel über Arbeiter und
2819 3603 3346 3668 hätte sich der Eingeweihte u
2826 3652 3347 3706 einem Artikel des Direktors
2812 3687 3347 3753 pinen in der Weihnachtsnum
2817 3739 3364 3796 Presse“ besser unterrichten kö
2877 3786 3366 3842 Es ist kaum der Mühe wa
2820 3823 3355 3881 von der unmöglichen Beschäf
2813 3871 3326 3929 beiter bei der Alpinen, mit
2820 3925 3347 3975 gerechnet haben soll, einzuge
2820 3962 3364 4018 witzer Hofarbeiter weiß, daß
2832 4007 3348 4058 ofern sie beschäftigt wurden
2828 4054 3354 4106 lawischen Arbeitern höchsten
2828 4093 3334 4152 Verwendung fanden, da sie
2815 4142 3346 4189 Hochofenarbeit den einheimi
2817 4184 3183 4234 deutend nachstanden.
2882 4225 3325 4287 So glauben wir gezeigt
2834 4264 3351 4328 chaftsweisheit der „Tagespo
2827 4315 3350 4377 nlicht einmal imstande ist, ei
2867 4360 2960 4429 gebei
3012 4361 3267 4418 das kaum zwei
2819 4365 2868 4422 zu
