3392 4320
254 131 376 220 11.
441 144 759 227 igen
949 127 1347 215 box 18/1
975 674 1545 765 Berliner Theater.
1586 743 1807 832 „Eäsar und
693 746 1495 839 Wildes „Salome“. — Schniglers Reigen“.
1059 811 1468 879 Cleopatra“ von Shaw.
971 856 1551 942 (Von unsgrem Korrespondenten.)
737 912 1569 990 Ae (— Berlin, 24.
1597 915 1769 997 Bzember.
750 978 1803 1040 Daß das Theater in der Königgrätzerstraße eines Tages
705 1023 1797 1074 Oeear Wildes „Salome“ spielen würde, — man brauchte
706 1069 1808 1114 weder Jochanaan noch sonst ein Prophet zu sein, um dies
702 1111 1800 1158 vorauszusagen. Denn dort lebt man von und für Frävlein
710 1145 1800 1192 Orska. Und daß Maria Orska Spezialistin für bekadente
707 1182 1786 1233 Grotik sei, das ist noch viel zu wenig gesagt. Sie ober ihr
702 1222 1796 1279 ganzer theatralischer Ruf, ihre ganze schauspielerische Er¬
705 1263 1795 1315 scheinung ist überhaupt und ganz und gar nichts anderes,
701 1299 1797 1347 als eine morbide, schmachtend gierige, süchtig trillernde,
702 1340 1797 1380 kätchenhaft gereckte Geschlechtlichkeit. Mit deren virtuosen
710 1379 1803 1427 und völlig ungehemm en Ausarbeitung hat Maria Orska sich
705 1417 1796 1468 und ihrem Theater ein mächtig zahlendes Publikum erebert.
710 1460 1798 1510 Es ist aber nicht leicht, zur Entfaltung ihrer Eigenschaft ge¬
712 1495 1806 1543 eigne'e Relsen herbeizutreiben. Wedelind und Strindberg, die
717 1533 1804 1578 a wohl nicht ganz so gemeint, aber immerhin so zu gebrauchen
708 1566 1801 1623 sind hat sie nachgerade abgeweidet. Und einmal hat sie sich
707 1613 1793 1654 in der Verzweiflung an Schillers Lady Milford vergriffen.
705 1651 1791 1697 Oscar Wildes „Salome“ ist ja aber schlechthin das klaf¬
712 1692 1801 1737 fische Stück ihrer ganzen Richtung. Dies subtile Spiel, das
712 1730 1795 1772 lange, ehe Richard Strauß eine Oper daraus machte, eine der
709 1771 1795 1817 ersten Erfelge Reinhardts mit Gertrud Eysoldt am „Kleinen
713 1808 1803 1849 Theater“ war, — dies Sviel ist wirklich nichts als eine
714 1837 1807 1887 kostbar schillernde Sumpfblume. Der große irische Artist
708 1885 1798 1931 hat die Welt gottlßs verwesender Sinnlichkeit, die in dem
711 1930 1795 1973 mörderischen Liebesbegehren der Prinzes in Salome nach des
705 1962 1801 2012 Täufers Haupt ausbricht, gestaltet — gestaltet mit feierlich
709 2001 1803 2047 zarten stimmungsvollen Verskünsten, aber ganz ohne eine
717 2032 1803 2083 tellusgnehmende, geistig distanzierende Kraft, ganz hinge¬
707 2076 1805 2125 geben an den giftig schönen Rausch dieser sinnlos=sinnlichen
712 2117 1793 2164 Welt. Und so kam al'es, wie es kommen mußte: Maria Orska
719 2154 1787 2203 lötete, Fril'erte und schmachtete und gierte die „Salon##
707 2200 1792 2250 und der vielberühm'e Conrad Beldt, dessen hektisch schmach¬
706 2233 1801 2277 tende Schlankheit sich schon längst zu einem männlichen Pen¬
704 2274 1798 2340 hant der Orska entwickelt, machte wirklich den Jochanaan
711 2311 797 2366 bagu
768 2349 1799 2411 Die Gertrud Eysolbt aber, die vor 17 Jahren als
709 2401 1796 2455 Salome berühmt wurde, zelchnet heute als Direktorin des
701 2450 1801 2499 „Kleinen Schausvlelhauses“, das sich in der Seaatlichen Hoch¬
707 2484 1796 2538 schule für Musik am Steinplatz bescidet. (N.O. sie zeichnet,
709 2525 1798 2577 aber der Konzern des Drutschen Thetters liefert Schauspfeler
707 2566 1806 2617 und Regisseure und scheint überhaupt ganz sonverän über
711 2600 1794 2654 das Institut zn verfügen). Diese Gertrud Cysoldt also kün¬
704 2638 1811 2701 digte die Aufführung von Arthur Schnitzlers Mei¬
1572 2774 1811 2893 EUr 1020
1411 2869 1618 2958 #####
775 2883 972 2969 Neue 1#
1867 591 2933 647 en“ an. Es sind dies zehn sexuelle Dialoge, die nur durch
1843 651 2935 693 Personalunion zusammenhängen, in denen jedesmal ein Pas¬
1850 689 2930 732 us der ersten Begegnung noch in der zweiten mitspielt, bis in
1840 719 2932 772 der zehnten der Graf den Kreislauf mit jener Dirne schließt,
1840 752 2930 802 die mit dem Soldaten das Spiel begann. So ist das Ganze ein
1842 795 2940 849 böser Witz, und die einzelne Szene, in deren Mitte jedesmal
2591 832 2937 886 jenen Punkt andeu¬
1842 836 2403 895 bedeu ungsvolle Gedankenstriche
1850 880 2938 928 en, der überall, wo Seele und Leidenschaft nicht mitspielen,
1845 913 2930 959 denn frellich der einzig wesentliche Punkt bleibt, — auch die
1846 959 2942 1005 einzelnen Szenen zeigen oft genug die bekann'e, melancholisch¬
1849 992 2936 1039 ronische Anmut Schhitzler'scher Dialoge. Sie werden be¬
1852 1026 2930 1074 onders lustig, wenn in der zwelten Hälfte die allgemeine
1844 1074 2929 1120 Verlogenheit der erotischen Phrase durch Fachleute, Schrift¬
1847 1109 2938 1155 steller und Schauspielerin, mit phantastischer Energie gehand¬
1842 1147 2930 1194 habt wird. Das Buch gibt der Sinnlichkeit der entseelten
1854 1191 2932 1240 Welt gewiß keinen mystisch dämonischen Schimmer wie der
1840 1220 2930 1270 Wildesche Alt, aber es seziert den gleichen Zustand einer
1846 1265 2932 1312 Erotil, der alles Seelische zur Lüge wird mit trockenster Ironie
1840 1310 2930 1352 und wird dadurch in einem kaum vergleichlichen Grade deut¬
1905 1351 2922 1392 — Früher hatte der Zensor sogar das Buch verboten,
1849 1346 1909 1397 ich
1852 1380 2938 1428 etzt sgibt es keine Zensur mehr, aber in diesem speziellen
1855 1424 2931 1486 falle hatte das Kultusministerium, zu dem die Hochschule für
1845 1465 2931 1509 Musik gehört, Rechte des Hausherrn. Es erklärte die Auf¬
1849 1505 2928 1553 führung eines solchen Stücks in seinen Räumen für vertrags¬
1840 1538 2943 1590 widrig und erwirk'e wenige Stunden vor der Aufführung eine
1852 1582 2930 1630 jerichtliche Verfügung, die das Spiel bei Haftstrafe der Di¬
1843 1621 2932 1663 rektion verbot. Dennoch ging nach einer emphatischen An¬
1850 1660 2933 1710 prache der Frau Eysoldt die Schnitzlersche Szenenreihe über
1843 1696 2931 1749 die Breiter und das Premierpublikum demonstrierte mit hef¬
1842 1733 2785 1797 tigem Beifall für die bedrohte „Freiheit der Kunst.“
1920 1749 2940 1822 Die Aufführung mit sehr hübschen Szenenbildern
1844 1819 2931 1863 von Ernst Stern und manchen hübschen schauspielerischen
1850 1850 2930 1901 Einzelleistungen (besonders die Herren Götz, Schwannecke, der
1847 1899 2943 1941 nene Komiker Karl Etlinger und Blanche Dergan, die sehr
1844 1929 2937 1985 lustig eine einst berühmte Heroine parodierte, die schon dem
1846 1974 2936 2031 Dichter Vorbild für seine, Schausplelerin“ sein soll —
1840 2001 2941 2063 diese ganze Aufführung war nicht ohne Qualität und nach
1842 2044 2175 2115 Möglichkeit dezent.
1908 2082 2938 2139 Trotzdem bringe ich die rechte Entrüstung über biesen
1843 2120 2928 2180 tückischen Angri'f auf die freie Kunst nicht auf. Wenn der¬
1841 2175 2930 2222 artige Stücke (und an der gleichen Stelle hat man mehrere
1843 2209 2938 2259 hundert Male die „Büchse der Pandora“ gesoielt) ihren
1840 2250 2925 2295 Kassenerfolg machen, so tun sie es ganz gewiß nicht durch die
1846 2290 2936 2334 n ihnen enthaltenen artistischen oder geistigen Werte. Als
1841 2330 2943 2371 Unternehmen bleibt das eine trübe Spekulation mit niedersten
1840 2368 2941 2414 Masseninstinkten, wobei man den Gebrauch großartiger Worte
1837 2410 2933 2456 nur eswa dem unbegrenzten Mangel an Selbsterkenntnis bei
1837 2444 2928 2495 allen Theaterleuten zugute halten kann. Verbote werden wohl
1836 2483 2936 2530 nicht die richtigen Mittel sein, um Aufführungen solcher
1838 2527 2931 2567 Art zu bekämpfen; daß sie aber bekämpfenswert sind, meine
1848 2563 2945 2615 ch allerdings. Arkisti'che Studien über entfesselte Sexnalität
1843 2601 2932 2649 mögen ihre technische Qualität und kulturgeschichtliches Inter¬
1846 2643 2963 2701 essa haben — als Massennabrung auf dem Theater dargeboten
1879 3274 2980 3344 wirken solche Proben zersetzter Kultur weiter zersetzend und
1874 3335 2516 3392 sind zweisellos eine Kulturgefahr.
1948 3376 3001 3440 „ „M u. #n
2977 721 3023 782 je
2975 779 3020 818 tr
2973 855 3012 908 zu
2981 896 3014 937 sa
2981 966 3013 1015 S
2977 1047 3022 1095 st
2986 1085 3024 1138 2
2985 1130 3016 1164 b
2973 1159 3019 1206 9
2975 1200 3010 1246 ft
2974 1241 3019 1300 2
2969 1319 3007 1379 K
2968 1416 3002 1459 G
