3532 4224
1064 66 1478 160 box 18/2
354 60 874 175 11. Reigen
748 719 1914 838 kreffende Angelegenheit dem interfraktionellen Ausschusse zur
1935 758 3083 857 stetigen und ruhigen Fortgang der Regierungsarbeiten ver¬
742 786 1410 851 Entscheidung vorgelegt zu haben.
1927 819 3078 892 bürgt. Dann, aber nur dann, wird der 5. November 1921
843 827 1903 913 Nur auf diesem Wege wird es möglich sein, eine wirklich
1926 863 3087 932 mit seiner Gründung der ersten großen Koalitionsregierung
752 851 1903 951 aktionsfähige Regierungsmehrheit zusammenzuhalten und da¬
1928 904 3083 997 in Preußen ein geschichtlicher Wendepunkt in der Periode des
747 918 1910 1002 mit dann vielleicht erstmals ein Kabinett zu haben, das einen
1933 946 2554 1023 Wiederaufbaues werden können.
2844 1068 2969 1169 16
903 1132 2928 1240 die Zeugenaasfagen abee den „Neigen.
1474 1204 1872 1282 Berlin, 8. November.
1910 1219 3089 1308 Ausschluß dex Oeffentlichleit, was jedoch wiederum
821 1250 1896 1324 Der Kampf um den „Reigen“ wurde heute nach der
1917 1285 2310 1349 abgelehnt wurde.
732 1272 1905 1372 Separatvorstellung im Kleinen Schauspielhause und nach ein¬
1989 1305 3090 1391 Im Gegensatz zu ihm hat die Zeugin Doris Witt¬
739 1337 1892 1410 tägiger Pause vor der 6. Strafkammer des Landgerichts I wieder
1918 1358 3092 1451 ner die Aufführung gelegentlich der Premiere „gragiös“ und
742 1383 1895 1457 aufgenommen. Leider stand für die heutige Verhandlung kein
1929 1412 3084 1489 „dezen!“ eupfunden und auch jetzt noch keinen Anstoß daran
735 1429 1888 1502 größerer Raum zur Verfügung, da bei allen Schwurgerichten
1923 1464 3084 1529 genommen. Der Kaufmann Köhne ist wiederum anderer
741 1475 1896 1546 gegenwärtig Hochbetrieb herrscht und sämtliche Schwurgerichts¬
1924 1510 3088 1577 Ansicht. Er bofürchtet eine Demoralisievung der Jugend, die
733 1513 1886 1586 säle demzufolge besetzt sind. Dah.r mußte die Verhandlung in
1927 1550 3083 1615 die Tendenz des Stückes mißverstehen könne und durch das
736 1558 1885 1638 dem gewöhnlichen kleinen Sitzungssaal der Strafkammer statt¬
1919 1593 3080 1668 Stück nicht abgeschreckt, sonden ansezogen würde, wenn er sich
737 1598 1885 1670 finden. Angesichts der zahlreichen Angeklagten und Sachver¬
1907 1638 3080 1712 auch andererseits vorstellen könne, daß gereifte Menschen sich da¬
735 1643 1883 1716 ständigen konnte der kleine Raum schon kaum diese, geschweige
1915 1684 2608 1761 durch abschregen ließen. Seine Frau,
721 1687 1892 1765 denn die Zeugen fassen. Da auch ein stanker Andrang des Publi¬
728 1727 1893 1809 kums herrschte, war der Saal natürlich bald überfüllt, so daß eine
1941 1747 3045 1835 Vorsitzende des Berliner Frauenvereins gegen den Alkohol,
729 1770 1894 1850 Luft zum Ersticken herrschte und die stundenlange Sitzung große
1910 1805 3078 1876 war gleichfalls bedrückt durch den Schmutz, der durch die Auf¬
731 1813 1490 1890 körperliche Anstrengungen erforderte.
1478 1833 1829 1908 Nach Eröffnung
1911 1854 2515 1925 führung ans Licht gezert wurde,
727 1853 1180 1935 Sitzung erfolgte sogleich
1979 1884 3080 1967 Die Zeugin Frau Christ, Rektorin und Vorsitzende des
1055 1919 1565 2011 der Aufmarsch der Zeugen,
1895 1914 3071 2018 Vereins Berliner Lehrerinnen, bestreitet dem „Reigen“ irgend
1907 1989 3075 2051 einen erzieherischen Wert, der sonst einem Dramg inne¬
720 1962 1883 2077 Me über ihre Auffassung der Darstellung und ihre Gmpfindungen
1905 2035 3075 2093 wohnt. Se sieht in ihm nur das Negative einer erzieherischen
720 2033 1874 2115 dabei Aufschluß geben sollten. Zunächst wurden zwei Ent¬
1906 2071 3067 2152 Wirkung. Die Jugeno, die das Stück sieht, muß den Eindruck
708 2072 1881 2154 lastungszeugen, Sanitätsrat Dr. Peyser und der
1912 2122 3078 2190 gewinnen, daß das Leben sich um nichts weiter dreht, als was
712 2120 1884 2202 praktische Arzt Dr. Römer vernommen, die übereinstimmend
1909 2167 3067 2229 das Stück darstellt. Die Stellung der Frau darin stellt eine
707 2164 1876 2240 bekundeten, daß sie durch die Aufführung angenehm
1901 2203 3063 2290 Erniedrigung des weiblichen Geschleches dar, wogegen Zeugin
803 2206 1868 2280 rrascht, sie als rein künstlerisch angesehen und keinen
1897 2250 2283 2307 als Frau protestiert.
710 2244 1466 2325 sir en Anstoß daran genommen hätten.
1968 2275 3064 2362 Fräulein Grade, Lehrerin, hält die Aufführung ge¬
779 2295 1870 2376 Einer entgegengesetzten Ansicht war der nächste Zeuge,
1891 2308 3062 2407 gegenüber dem Buch für etwas gemildert, von dem, was übrigblieb,
703 2344 1878 2418 Direktor Steinweg, der Direktor des Zentralausschusses der
1900 2379 3068 2449 hatte sie jedoch auch noch den Eindruck, etwas stark Ugsitt¬
703 2385 1867 2455 inneren Mission, der evangelischen Kirche, der dort die sittlichen
1899 2423 3066 2500 liches zu sehen. Alles in allem hält sie den Inhalt des Stückes
706 2426 1866 2503 Fragen bearbeitete. Bei der Vorstellung hatte dieser Zeuge den
1892 2463 2685 2527 für unkünstlerisch und unsittlich.
709 2477 1870 2555 elementaren Eindruck des Anstoßes und Aergernisses ge¬
1958 2497 3059 2578 Dr. Schreiber, Theologe, Vorsitzender der deutsch=evange¬
705 2513 1874 2599 habt. Der Inhalt, jede Szene und Bewegung gaben ihm dazu
1886 2525 3059 2628 lischen Missionshilfe und des Ausschusses der Berliner Vereine
700 2555 1870 2629 Anlaß. Die Szene mit der „jungen Frau“ hat ihn mit größtem
1889 2591 2633 2671 für Fragen der Volkssittlichkeit und des
703 2599 1866 2673 Widerwillen erfüllt und er ist der Ueberzeugung, daß die
696 2643 1872 2725 Darstellung solcher internen und intimen Dinge das
2138 2650 2805 2727 Vereins für Anstand und gute Sitte,
700 2686 1858 2766 Empfinden weiter Kreise erregt, zumal sie ethisch voll¬
1878 2687 3057 2779 hat, als er nach einer diesbezüglichen Anfrage des Staatsanwalts
694 2728 1859 2809 komyten indisferent behandelt werden. Die künstlevische Dar¬
1879 2757 3047 2825 einer Aufführung beiwohnte, zunächst als Berliner daran
701 2773 1859 2860 stellung hat sich zwar nach seiner Ansicht in den Schranken ge¬
1885 2792 3047 2868 Anstoß genommen. Weder das kunstsinnige München, noch
701 2819 1859 2903 halten, doch gelangte zum Durchbruch die Darstellung des
1884 2837 3054 2914 das lebensfrohe Wien, noch das schöne Dresden kannten
701 2864 1854 2931 rochen sinnlichen Genusses, was unsere ganz
1884 2880 3044 2953 damals noch eine Aufführung des „Reigen“. Zeuge faßt sich
686 2901 1864 2983 Atmosphäre vergiftet. Die Verteidigung richtet an ihn, wie auch
1884 2923 3052 3003 dann dahin zusammen, daß er die Aufführung als „Durstellung
692 2943 1866 3025 später an die meisten übrigen Zeugen eine Reche von Fragen,
1885 2975 3041 3056 der Unzcht, Mißbrauch der Kunst, Verletzung der Sittlichkeit,
694 2993 1860 3084 wieso sie in das Theater gekommen seien und von wem sie die
1884 3007 2877 3083 Gefährdung des Volkes und damti der Jugend ansieht.“
689 3029 1720 3116 Billetts erhalten hätten, um festzustellen, daß es sich um
1952 3055 3052 3118 Der Lehrer Rost. Milglied des Deutschvölki¬
1882 3086 3045 3171 schen Vereins, war „empört“ über das, was dort als Kunst
1035 3100 1521 3178 organisiertes „Aergernis“
1875 3142 3053 3210 „verzapft“ wurde. Das habe mit Kunst nichts zu tun und als
685 3151 1848 3237 handele, um eine Organisation des Professor
1874 3184 3051 3254 Zweck nur die Aufreizung der Sinne. Er hat es schließlich mit
679 3213 1852 3296 Brunner. Wie die Verteidigung hervorhebt, habe der Staats¬
1877 3224 2660 3295 seiner Würde nicht für vereinbar gehalten,
682 3259 1854 3354 anwalt an 22 Organisationen eine Anfrage gerichtet, ob sie sich
2214 3283 2695 3362 berartige „Schweinereien“
683 3297 1479 3373 dem Protest gegen den Reigen anschlössen.
1878 3327 3039 3418 weiter mit anzusehen, so daß er nach dem 4. Bilde fortging.
762 3348 1838 3426 Die nächste Zeugin, Frau Reineck, General
1867 3385 3045 3464 Ihm schloß sich der Lehrer Siebert an, der einen ekelerregenden
674 3385 1842 3479 sekretärin der evangelischen Bahnhofshilfe,
1869 3433 3042 3505 Eindruck hatte. Frau Hauptmann Müller sah sich den Reigen
681 3443 1840 3520 war durch die Vorstellung von Anfang bis Ende in „ihrem sitt¬
1875 3473 3041 3544 an, nachdem in ihrer Gegenwart vielfach in nationalistischen
680 3482 1306 3537 lichen Empfinden tief gekränkt.“
1292 3505 1843 3564 In zehn Bildern würden
1873 3514 3034 3586 Kreisen, insbesondere im Deutschen Offiziersbund, geäußert
679 3525 1837 3604 Frauen vorgeführt, die ihre Würde vergessen hätten. Die Situa¬
1866 3559 3034 3631 worden war, sittlich hochstehende Menschen sollten es sich nicht
680 3574 1840 3648 tionen seien unzüchtig und verschiedentlich eine Profanation
1873 3603 3036 3673 länger gefallen lassen, daß solch bodenlose Schweinereien dem
669 3606 1009 3681 z. B. des Gebets.
1867 3647 3033 3734 deutschen Volke weiter geboten würden und deshalb das Theater
751 3660 1836 3733 Von den weiteran Zeugen bekundete der Bankprokurist
1858 3689 2099 3757 ausräuchern.
678 3683 1841 3786 Hitzmann, daß er sich als junger Mann von 20 Jahren viel¬
1926 3722 3034 3800 Nach der Mittagspause wurde die Zeugenverneh¬
670 3747 1834 3819 leicht ein solches Stück mit Gefallen angesehen hätte, nicht aber
1864 3774 3035 3852 mung fortgeseßt, so daß es sehr fraglich erscheint, ob heute
670 3802 1841 3870 als gereifter Mann. Da der Zeuge sich anscheinend geniert, sich
1862 3817 3033 3901 schon die Sachverständigen zu Wort kommen können und das
664 3838 1832 3923 deutlich auszudrücken, beantragte der Staatsanwalt nochmals den
1861 3863 2419 3934 Urteil gesprochen werden soll.
