3392 4320
245 98 767 202 11. Reigen
952 89 1367 175 box 18/1
737 399 1650 532 # Lide 77 (Dnensten
741 560 1570 682 1i000 & Celde.
767 642 1549 754 Bureau für Zeitungsausschnitte
761 715 1527 828 Berlin NO. 43, Georgenkirchplatz 21
863 843 1028 922 S
706 935 882 1025 Zeitung
880 954 1533 1147 Mnnsede
716 1042 824 1125 Ort:
703 1148 908 1234 Datug:
930 1162 1374 1322 Gein PT. 19h.
740 1272 1773 1386 Die Gertrud Eysoldt aber, die vor 17 Jahren als
654 1319 1761 1424 Salome berühmt wurde, zelchnet heute als Direktorin des
661 1372 1773 1476 „Kleinen Schaufplelhauses“ das sich in der Siaatlichen Hoch¬
665 1404 1757 1504 schule für Musik am Steinplatz befindet. (N. J. sie zeichnet,
666 1442 1760 1544 aber der Konzern des Deutschen Thekters liefert Schauspieler
660 1485 1762 1577 und Regissedre und scheint überhaupt ganz sonverän über
664 1519 1761 1624 has Instltut zn verfügen). Diese Gerrrud Cysoldt alse kün¬
656 1556 1716 1676 digte die Aufführung von Arthur Schnitzlers
740 1680 1799 1744 en“ an. Es sind dies zehn sexuelle Diakoge, die nur durch
712 1725 1794 1792 Personalinion zusammenhängen, in denen jebesmal ein Pas¬
711 1769 1784 1839 sus der ersten Begegnung noch in der zweiten mitspielt, bis in
705 1808 1794 1871 der zehnten der Graf den Kreiskauf mit sener Dirne schließt,
710 1845 1800 1910 die mit dem Soldaten das Spiel begann. So ist das Ganze ein
701 1882 1791 1943 böser Wit, und die einzelne Szene, in deren Mitte jedesmal
705 1922 1264 1981 bedeu ungsvolle Gedankenstriche
1450 1936 1796 1986 jenen Punkt andeu¬
706 1965 1794 2023 ten, der überall, wo Seeke und Leidenschaft nicht mitspielen,
706 2002 1788 2067 dern freilich der einzig wesentliche Punkt bleibt, — auch die
702 2039 1792 2109 einzelnen Szenen zeigen oft genug die bekannte, melancholisch¬
705 2081 1793 2146 ronische Anmut Schnitzker'scher Dialoge. Sie werden be¬
709 2119 1791 2187 onders lustig, wenn in der zweiten Hälfte die allgemiine
692 2158 1783 2227 Verlogenheit der erotischen Phrase durch Fachleute, Schrift¬
697 2190 1789 2251 steller und Schauspie'erin, mit phantastischer Energie gehand¬
702 2233 1779 2302 habt wird. Das Buch gibt der Sinnlichkeit der entseelten
694 2272 1791 2342 Welt gewiß kelnen mystisch dämonischen Schimmer wie der
693 2311 1781 2384 Wildesche Alt, aber es seziert den gleichen Zustand einer
697 2350 1780 2420 Erotik, der alles Seelische zur Lüge wird mit trockenster Ironie
692 2389 1778 2462 und wird dadurch in einem kaum vergleichlichen Grade deut¬
694 2427 1770 2497 lich. — Früher hatte der Zensor sogar das Buch verboten,
688 2467 1769 2534 jetzt sgibt as keine Zenfur mehr, aber in diesem speztellen
688 2510 1777 2571 Falle hatte das Kuktusministerium, zu dem die Hochschule für
687 2548 1772 2613 Musik gehört, Rechte des Hausherrn. Es erklärte die Auf¬
688 2582 1783 2650 führung eines solchen Sücks in seinen Räumen für vertrags¬
683 2627 1772 2695 wibzig unb erwirkte wenige Stunden vor der Aufführung eine
675 2661 1782 2720 gerichtliche Verfügung, die das Spiel bei Haftstrafe der Di¬
677 2706 1769 2767 rektion verbot. Dennoch ging nach einer emphatischen An¬
686 2738 1770 2805 sprache der Frau Eysoldt die Schnitzlersche Szenenreihe über
684 2781 1778 2844 die Bre ier und das Premierpublikum demonstrierte mit hef¬
685 2819 1620 2884 igem Veifall für die bedrohte „Freiheit der Kunst.“
747 2857 1772 2925 Die Aufführung mit sehr hübschen Szenenbildern
673 2899 1776 2970 von Ernst Sternt und manchen hübschen schauspielerischen
672 2932 1769 3004 Einzelleistungen (besonders die Herren Göt, Schwannecke, der
682 2975 1764 3044 eite Komiker Karl Etlinger und Blanche Dergan, die sehr
673 3011 1773 3079 lustig eine einst berühmte Heroine parodierte, die schon dem
675 3052 1757 3109 Dichter Vorbild für seine „Schaufplelerin“# sein soll —
667 3089 1762 3179 diese ganze Au'führung war nicht ohne Qualität und nach
667 3121 1011 3188 Möglichkeit dezent.
751 3173 1760 3248 Trotzdem bringe ich die rechte Entrüstung über diesen
658 3217 1752 3287 tückischen Angriff auf die freie Kunst nicht auf. Wenn der¬
662 3258 1772 3337 artige Stücke (und an der gleichen Stelle hat man mehrere
671 3294 1753 3369 hunhert Male die „Büchse der Pandora“ gesvielt) ihren
665 3333 1763 3407 Kassenerfolg machen, so tun sie es ganz gewiß nicht durch die
657 3368 1759 3443 i ihnen enthaltenen artistischen ober geistigen Werte. Als
639 3410 1760 3485 Unterne'men bleibt das eine trübe Svekulation mit niedersten
663 3446 1759 3519 Masseninstinkten, wobei man den Gebrauch großartiger Worte
656 3491 1753 3560 nur #wa dem unbegrenzten Mangel an Selbsterkenntnis bei
663 3529 1749 3598 allen Theaterleuten zugute halten kann. Verbote werden wohl
662 3565 1754 3641 nicht die richtigen Mittel sein, um Aufführungen solcher
652 3601 1747 3668 Art zu bekämpfen; daß sie aber bekämpfenswert sind, meine
652 3638 1758 3715 ich allerdings. Artistische S'udien über entfesselte Sexpalität
658 3684 1747 3752 mögen ihre technische Quakität und kusturgeschichtliches Inter¬
639 3712 1769 3806 asse haben — als Massennabrung auf dem Theater dargeboten
1842 1698 2939 1770 wirken solche Proben zersetzter Kultur weiter zersetzend und
1843 1741 2476 1811 sind zweifellos eine Kulturgefahr.
1906 1803 2936 1872 Ich möchte nicht mißverstanden werden: ich werde für
1840 1839 2923 1906 ede, auch die kühnste Darstellung sexuellen Lebens ein¬
1843 1883 2927 1944 treten, auch für ihre Darbietung auf einer Velksbüne, sobald
1835 1923 2924 1990 diese Dinge nicht, entzückt oder tronisch, dargebotener Selbst¬
1834 1961 2927 2024 zweck, sondern Sto'f sind, an dessen Gestaltung sich eins Leiden¬
1834 2004 2930 2069 schaft feelisch geistiger Art auswirkt, die die gestaltenden,
1841 2042 2931 2096 rbnenden, mehr als sinnlichen Mächte im Menschen weckt.
1836 2076 2924 2131 Solche Macht kann bei Shalespeare, bai Kleist, dei Strind¬
1825 2115 2929 2176 berg noch im tiefsten Erleben des Geschlechtlichen sich aus¬
1840 2155 2923 2221 prechen — sie braucht keineswegs aus einer so anti=erotischen
1835 2199 2917 2259 Seistigkeit zu kommen, wie bei Bernard Shaw, dem
1831 2236 2925 2293 vollkomminen Gegenspieker seines trischen Landsmannes Oscar
1822 2269 2925 2340 Wilde. Von ihm hat man in eben diesen Tagen das „Spiel
1833 2314 2922 2375 für Puritaner“ auf die Bretter gebracht, das man gerabezu die
1832 2353 2921 2428 Anti=Salome neunen könnte: „Cäsar und Cleopatra“.
1893 2403 2927 2474 Statt der ästhetischen Verherrlichung tötlicher Sinnlich¬
1828 2430 2923 2508 keit stellt hier Shaw, aus unendlich überlegener Höhe herab¬
1821 2485 2920 2553 lächelnb, einen gelstigen Menschen nach salnem Sinn als Julius
1825 2522 2919 2589 Cäsar neben das beginnende Panthorkätzchen Cleopatra, bessen
1824 2563 2923 2631 schillernde Sinnlichkeit dem Semyf der im kunten Aber¬
1819 2607 2918 2658 glauben erstickenden ägyptischen Ueberkultur entsprießt. Cäsar
1824 2648 2922 2706 st der ganz sachliche Mensch, der senseits von Haß und Liebe
1812 2680 2910 2747 die Dinge nach ihrem inneren Wesen zu leiten und zu be¬
1825 2720 2914 2781 greisen strebt, und er bemüht sich, bei flüchtiger Begegnung
1814 2765 2915 2821 aus diesem finnlich wilden Kind ein Weib und einen Menschen
1809 2800 2905 2863 zu erziehen. Der Erfolg ist nicht groß, der Versuch aber für
1819 2843 2908 2900 den großen Weltordner auch viel zu nebensächlich, als daß
1825 2876 2659 2926 ein Mißlingen für ihn tragisch sein könnte.
2661 2887 2900 2938 Der ganze
1818 2916 2901 2976 nnere Reiz, mit dem uns das Stück trotzdem gewinnt,
1818 2954 2908 3018 teckt in der geistigen Größe, die diese Cäsargestalt entfaltet.
1815 2990 2903 3055 Sein äußerer Reiz steckt in den vielerlei irischen Scherzen, mit
1812 3033 2904 3087 deren Shaw dennoch die kleinen Menschlichkeiten seines Ueber¬
1815 3073 2904 3123 nenschen zur Schau stellt, mit denen er die Kultur stnn¬
1815 3109 2903 3166 ichen Aberglaubens in Aegypten verspottet und gar höchst
1801 3148 2907 3202 anachronistisch als Cäsars Sekretär Pritannus einen ver¬
1816 3186 2906 3249 ekten Engländer auf die Szene belngt, der für jede sachliche
1813 3224 2912 3296 Erwägung stets die blöden Korrektheitsindeen des Gentle¬
1808 3268 2783 3340 mand bei der Hand hat. gLun 5#
