3392 4256
337 80 857 181 11. Reigen
1035 85 1445 170 box 18/1
1604 935 1996 1044 Erfrorener Frühling
1141 1022 2455 1132 Hütte oder Fabrik ist ihm zerstört. Seine Produktivkräfte
1143 1104 2440 1195 sind unversehrt und selbst der durch die Niederlage be¬
1145 1173 2441 1252 wirkte Tiefstand seines Geldwerthes begünstigt das kühnste
1136 1228 2446 1314 Hoffen auf Ausdehnung seiner Wirthschaft. Mit deren rascher
1139 1285 2448 1385 Kräftigung muß man rechnen. Der Wunsch, sie zu hemmen,
1136 1362 2433 1434 streift uns nicht einmel. Wenn aber das besiegte Angreifer¬
1141 1401 2443 1499 volk aus Wohlstand auf das Elend des Siegervolkes blicken
1130 1467 2439 1548 dürfte, so würde (ce serait, nicht: c’est) dadurch das Grund¬
1135 1534 2445 1591 gefühl sittlicher Menschen in einer unserem Vaterland uner¬
1132 1587 2440 1658 träglichen Weise verhöhnt. Mit friedlichen Mitteln will Frank¬
1133 1655 2435 1734 reich die Deutschen auf den Weg zu Erfüllung ihrer Vertrags¬
1131 1710 2438 1790 pflicht führen. Frankreich fordert nur, was ihm gebührt, Alles,
1139 1768 2447 1853 was ihm gebührt; und da es von Vernunft geleitet wird, ver¬
1127 1820 2435 1899 langt es nicht das Unmögliche. Doch muß ihm die Gewiß¬
1128 1876 2441 1965 heit werden, daß fortan der Schuldner alle Tilgungmittel, Geld,
1129 1942 2442 2002 Stoffe, Betheiligung jeglicher Art, zu Befriedigung des Gläu¬
1133 1993 2423 2084 bigers aufwende. Das befiehlt schon der Wille zum Recht.
1133 2050 2433 2147 Warum werden so verständige Sätze entstellt? Wenn dem
1122 2115 2433 2193 Deutschen Reich Handelsfreiheit und Tonnage gewährt, von
1127 2173 2438 2255 den Vertragspartnern nur Nothwendiges, nicht ihre über¬
1129 2235 2434 2308 schüssige Luxuswaare, verkauft, wenn es in die ehrlich spar¬
1128 2298 2445 2373 same Wirthschaft armer Leute verpflichtet, zum Herrn und
1134 2353 2426 2438 Nutzer des in seiner Erde ruhenden Industrieschatzes ge¬
1125 2408 2436 2485 macht und von den fremden Truppen und Kommissionen
1125 2465 2441 2535 befreit wird, deren gelindeste Herrschaft noch Haß züchtet
1121 2537 2439 2590 und deren Erhaltung in jedem Jahr fast zwei Dutzend Mil¬
1124 2586 2435 2676 liarden frißt, kann es dem Gläubiger, der nichts Unkluges,
1117 2646 2425 2738 nichts unklug verlangt, schneller, als er gestern fürchtete,
1130 2711 2425 2769 gerecht werden. Doch selbst im gräßlich verwüsteten, nach
1131 2766 2423 2847 Stoff und Werkzeug zum Aufbau lechzenden Nordfrank¬
1128 2826 2436 2901 reich wird so schnelle Genesung nur dem aufrichtig ins We¬
1121 2884 2426 2946 sen friedlicher Republik sich bescheidenden Deutschland ge¬
1122 2945 2429 3018 gönnt. Dessen internationale Geltung steigt und sinkt mit
1126 3004 2416 3073 dem Gerüst seines Inneren. Bleibt, was wir heute beseufzen,
1127 3058 2431 3142 und bringt die Preußenwahl den von keiner Bürgerpartei
1128 3130 2431 3193 ernsthaft bekämpften monarchistischen Rachebereitern den
1122 3175 2433 3242 Sieg, dann mordet Frost auch die Knospe des Hoffens auf
1121 3226 2431 3314 Deutschlands nahe Heimkehr in das Vertrauen der Welt.
1128 3288 2419 3387 serngeber und verntwortlicher Redsktem: im Pella. — Verlig e
1270 3356 2282 3408 Zukunft in Berlin. — Druck von Paß & Garleb G. m. b. H. in Berlin.
