3392 4256
304 1705 363 1767 □
503 104 566 170 6
985 103 1377 187 box 18/1
283 96 790 214 11igen
592 1119 1704 1220 Weiter nichts, bittejschön. Hier hört die Geschichte auf.
543 1281 1340 1404 Cheater & UUFON
863 1414 1688 1514 Reigen Kleines Schauspie'haus
601 1472 1681 1576 Auftakt: Gertrud Eysoldt, Direktor des „Kleinen Schau¬
511 1532 1691 1622 spielhauses“ tritt vor den Vorhang: Das Kultchtninisterium
527 1578 1679 1667 hat als glücklicher Besitzer dieses Hauses und #l# Inhaber eines
512 1631 1673 1724 verklausulierten Vertrages die Aufführung ion Schnitzlers
516 1679 1679 1764 „Reigen“ durch Auswirkung einer einstmaligen Verfügung zu
514 1729 1679 1821 inhibieren versucht. Oberster Grund: Schnitzler ist unsittlich.
518 1771 1680 1870 Unterster Grund: Die Gertrud Eysoldt wär einstens dem
522 1828 1679 1917 Kultusministerium nicht willfährig. Resultat: Schikane. Er¬
519 1871 1674 1956 folg: Der Vorhang geht hoch über einem nachdenklich=melancho¬
511 1919 1665 2006 lischen Stück. Eindruck: Eine Aufführung für Schülerinnen,
506 1967 1669 2045 gegen die Salome der Orska gehalten. Sollten, Gertrud
510 2009 1659 2096 Eysoldt und Max Sladek in die angedrohte Haft sommen, dann
510 2050 1674 2141 könnte vielleicht das Kultusministerium inzwischen die Dramen
512 2099 1195 2175 seiner Geheimräte aufführen lassen.
1241 2120 1306 2176 —
1304 2112 1655 2187 Diese Menschheits¬
496 2144 1666 2234 komödie sollte noch ironischer gespielt werden; noch mehr mit
501 2193 1671 2293 wissendem Lächeln; noch mehr als Schicksal. Selbst der kleinste
503 2252 1660 2337 moralische Unterton wirkt störend. Else Bäck, Kurt
497 2297 1655 2394 Goetz, Victor Schwannecke, Poldi Müller,
497 2341 1650 2432 Forster=Larrinaga und Blanche Dergan tanzten
495 2391 1647 2471 den traurig=lustigen Reigen mit letzter nur möglicher Zurück¬
493 2431 660 2502 haltung.
1289 2459 1616 2531 Ludwig Marcuse.
719 2521 1658 2640 Prinzeßchen Sarah, Komische Oper
572 2604 1652 2693 Diese Operette, deren Musik von Leo Ascher und deren
491 2648 1660 2752 Text von August Neidhardt (nach Carl Rößlers Lustspiel) „Im
486 2698 1652 2777 Clubsessel“) gearbeitet ist, ist besser als viele andere. Un¬
484 2758 1647 2841 wahrscheinlichleiten, Ungereimtheiten, Blech und recht viel
485 2798 1644 2893 konventionelle Töne gibt es auch hier. Aber es überwiegen die
478 2849 1651 2939 menschlichen Züge. Sie machen, daß von der Arbeit eine
472 2909 1652 2993 angenehme Wärme ausgeht. Die Aufführung selber erweist
480 2943 1644 3030 sich dann als wohltuender Wärmeleiter. Ihre stärksten Kräfte
479 2999 1647 3083 sind Direktor Charlé, unter Operettenfiguren ein Menschen¬
467 3049 1640 3133 darsteller, und Else Müller, die sich als Humoristin von
478 3092 1643 3191 höchsten schöpferischen Qualitäten erweist. Es hat etwas lange
472 3151 1640 3255 gedauert, ehe Berlin die Else Müller entdeckt hat. Um so
466 3207 1352 3287 restloser scheint jetzt ihr Sieg werden zu sollen.
1908 1099 1947 1146 7
2030 978 3125 1107 Schnitzlers „Reigen“ vor Gericht.
2025 1083 3126 1172 Einspruch des Kleinen Schauspielhauses
2023 1145 3151 1251 Vor derselben Kammer des Landgericht III, die auf Antrag
1999 1217 3146 1282 der Hochschule für Musik am 23. Dezeniber die einstweilige Ver¬
2003 1256 3143 1330 fügung erlassen hatte, durch die der Direktion des „Kleinen Schau¬
2001 1303 3150 1371 spielhauses“ die Aufführung des Reigen unsersagt worden war,
2005 1348 3157 1417 ist gestern über den Einspruch der Frau Gerfrud Cysoldt und
1994 1395 3155 1456 des Herrn Maximilian Sladek verhandelt worden. Der Vor¬
2006 1433 3161 1501 itzende, Geheimrat Bock, ein Mann, der dem Theater und der
1997 1476 3151 1546 Literatur keineswegs fremd gegenübersteht, bemühte sich unter dem
3098 1523 3159 1572 um
2001 1520 3073 1594 Eindruck einer Vorstellung, der er selbst beigewohnt hatte,
2005 1571 3077 1627 einen Vergleich auf folgender Grundlage: Beschrändung
3090 1607 3163 1650 von
1999 1616 3082 1672 Serienaufführung des Reigens auf zwei Monate, Ferhaltung
1999 1646 3152 1715 Jugendlichen, Lösung des Mietvertrages am 31. Mai 1921. D##
2007 1694 3172 1770 Direktion des „Kleinen Schauspielhauses“ lehnte den Vergleich ab
2002 1734 3169 1805 mit der Begründung, entweder sei die Aufführung des Stückes
1996 1779 3161 1840 unsittlich, dann dürfe die Hochschule für Musik auch nicht in
2008 1817 3163 1891 eine beschränkte Zahl von Aufführungen willigen, oder
2008 1866 3167 1935 das Stück errege keinen Anstoß, dann habe die Direktion keinen
2011 1908 3157 1978 Grund, auf eine vorzeitige Lösung des Mietsvertrages einzugehen.
2003 1947 3159 2026 Im Gegensatz zu diesem unzweifelhaft konsequenten Standpunkt
2000 2000 3161 2062 nah mdas Kultusministerium, vertreten durch seinen Referenten
2012 2034 3162 2103 Dr. Seelig und Rechtsanwalt Alsberg, eine recht anfechtbare
2002 2083 3169 2155 Haltung ein. Es ging nämlich aus den Erklärungen hervor, daß
2013 2124 3165 2191 es dem Kultusministerium in Wirklichkeit darauf ankommt, den
2004 2167 3174 2240 Saal der Hochschule für Musik, in dem die Aufführungen des
2011 2217 3164 2282 „Kleinen Schauspielhauses“ stattfinden, für andere Zwecke freizu¬
2009 2253 3170 2324 bekommen, und daß es die angebliche Unsittlichkeit der Reigen=Auf¬
2008 2300 3172 2371 führung nur als Vorwand benutzen will, um dieses Ziel möglichst
2017 2342 3179 2406 rasch zu erreichen. Daraus ergab sich die seltsame Situation, daß
2014 2384 3177 2456 sich Frau Eysoldt auf ein vom Deutschen Bühnenverein erbetenes
2017 2431 3170 2492 Gutachten des Professors Alfred Klaar stützte, der Vertreter des
2025 2471 3171 2539 ozialistischen Kultusministers dagegen sich auf Herrn Professor
2019 2517 3168 2578 Roethe berief — immerhin eine verblüffende Bundesgenoffen¬
2023 2563 3166 2627 schaft. Das Gericht ist gestern noch zu keinem Urteil gekommen,
2017 2609 3168 2671 sondern hat beschlosse, daß zunächst die Beisitzer einer Vorstellung
2024 2647 3177 2713 des „Reigen“ beiwohne sollen. Das Urteil wird am Donnerstag
3012 2688 3144 2756 M. R.
2017 2696 2683 2759 10 Uhr vormittags publi#iert werden.
2057 2768 3177 2855 Ausstellung „Farbe und Mo#“. Die Akademie der Künste öffnet
2024 2831 3173 2888 ihre Ausstellungssäle in Zukunftch den Werken der angewandten
2022 2871 3169 2921 Künste. Im Februar beginnt die Ausstellung „Farbe und Mode“ veran¬
2029 2884 3172 2961 staltet vom Verband der Deutschen Mode=Industrie und der Interessen¬
2023 2938 3172 2985 gemeinschaft der deutschen Farbstoffabriken. Das Programm, deffen
2036 2971 3174 3022 Ausarbeitung und Ausführung in den Händen des Professors Bruno
2024 2996 3193 3056 Paul liegt, behandelt den ZusammenhngWirkeng mit
2030 3046 2647 3118 der Mode und der Farbenanwendung.
