3532 4224
414 87 939 194 11. Reigen
1115 94 1538 192 box 18/2
2330 49 3272 186 Senehe ninhen der enmmemmene
2109 77 3108 207 immer Tag für Tag als ergiebige Geldquelle dienen.
2196 122 3260 261 Seit einigen Wochen gibt man den Besuchern mit dem
2103 148 3263 312 Theaterzettel ein Heft in die Hand, in dem das Lob dieser
2106 205 3256 346 Schmutzerei von literarischen Größen besungen wird, in dem
2166 260 3255 397 man höre und staune! — auch ein Urteil der 6. Zivil¬
2090 289 3244 437 kammer des Landgerichts III zu Berlin abgedruckt ist, das
2095 336 3244 486 diese Aufführung als „eine sittliche Tat“ uerherrlicht
2086 375 3234 533 Dieser in deutschen Landen wohl unerhörte Richterspruck
2083 429 3233 571 muß in hohem Maße als „modern" bezeichnet werden. Mehr
2069 460 3231 625 noch als der Mangel jedes tieferen sittlichen Ernstes be¬
2081 507 3229 657 fremdet der Hereinfall des Gerichtes auf die Mache der ge¬
2067 554 3224 697 schäftskundigen Theaterleitung, von der ihre Freunde bisher
2065 603 3222 752 wohl nur behauptet hatten, daß sie der Kunst dienen wolle.
2057 638 3216 786 wenn sie mit der Spekulation auf die niedrigsten Triebe des
2063 683 3216 837 Schaupöbels ihre Kasse füllt. Einem preußischen Gericht blieb
2060 725 3224 882 es vorbehalten, das Tun dieser Leute auf eine
2050 767 3213 923 sittliche Absicht zurückzuführen. Herr Sladei
2056 817 3107 952 und Frau Eysoldt als Vorkämpfer der Sittlichkeit! —
2049 859 3203 1022 neues ungewohntes Bild in der Neu=Berliner Kultur, zweifel¬
3143 915 3203 966 ein
2037 904 2559 1001 los von eigenartigem Reiz.
2110 958 2729 1073 Die Stelle in dem Urteil lautet.
2143 1014 3190 1149 Die Wirkung der Aufführung soll nach der erklärten Absicht
2065 1054 3189 1201 der Direktion gipfeln in der Erzielung eines sittlichen Ekel¬
2066 1097 3183 1242 vor dem Tiefstand der Haltung weitester Bevölkerungsschichten
2066 1144 3190 1280 auf dem Gebiete des Geschlechtslebens. Auf diesen Erfolg is¬
2054 1186 3185 1334 jede Einzelheit berechnet. Dieser Erfolg wird bei jedem reifen,
2056 1232 3180 1371 gebildeten Zuschauer auch erzielt. Vor allem beruht diese Wir¬
2054 1273 3172 1411 kung auf der ernsten Hingabe der Direktion an ihre Aufgabe
2046 1317 3174 1464 und auf ihrer überlegenen Kenntnis der Wirkung der szenischen
2051 1353 2249 1424 Darstellung.
2088 1403 3165 1553 Demnach sollte man meinen, wäre der weitere Kampf
2002 1456 3142 1601 gegen die Schmach der öffentlichen „Reigen“=Aufführung hoff
2004 1499 3155 1643 nungslos. — Die Polizei hat ja auch noch keinen Anlaß zum
1991 1533 3150 1685 Einschreiten genommen, obwohl der Minister des Innern
1996 1584 3138 1723 immer wieder betont, daß die Wahrung der öffentlichen
1987 1626 3148 1778 Ordnung gemäß § 10, II, 17 des Allgemeinen Landrechts
1981 1666 3145 1815 ihm auch nach Aufheben der Vorzensur pflichtgemäß am
1949 1696 3133 1857 * Herzen liege. Er mochte sich ja wohl durch das ermänen
1964 1836 3129 1907 einzigartige Urteil zum völligen Gewährenlassen des Un¬
1970 1908 3123 1964 zuchtstückes ermutigt sehen. Was aber gedenkt die Polizei
1969 1949 3125 2008 jetzt zu tun, nachdem eine entscheidende Wendung
1968 1995 3131 2052 in der rechtlichen Beurteilung der „Reigen“¬
1957 2034 2605 2091 Aufführung eingetreten ist?
2045 2071 3125 2137 Im ausgesprochenen Gegensatz zu dem Urteil der
1958 2124 3122 2178 6. Zivilkammer des Landgerichts II ist nämlich der General¬
1970 2172 3125 2241 staatsanwalt beim Kanimergericht der Meinung, daß die
1957 2215 3119 2267 Aufführung des „Keigen“ als objektiv un¬
1958 2266 3125 2318 züchtiganzusehensei. Und dieser Auffassung stimmt
1968 2304 3118 2365 der Justizminister zu. Wenn aber schon eine Schaustellung
1971 2352 3118 2397 als unzüchtig von den höchsten maßgebenden Stellen ange¬
1971 2388 3116 2439 sehen wird, so ist damit die Grenze des unter dem Gesichts¬
1959 2438 3118 2483 punkt der öffentlichen Ordnung nach § 10, II, 17 des Allge¬
1958 2473 3000 2521 meinen Landrechts Zulässigen weit überschritten.
1954 2518 3115 2588 Polizei hat zweifellos jetzt die unabweisbare Pflicht, sofort
1958 2557 3123 2620 die weitere Aufführung zu untersagen und sie nicht etwa
1969 2607 3120 2659 deswegen zu dulden, weil schon mehrere hundert Vor¬
1956 2648 3121 2701 stellungen ohne behördliche Beanstandung stattgefunden
1953 2695 3116 2742 haben. Das mag eine für die Behörde unangenehme Tat¬
1956 2733 3114 2789 sache sein und als solche eine interne Angelegenheit der
1952 2777 3126 2834 Polizei. Die Oeffentlichkeit hat zweifellos das größte Inter¬
1954 2828 3114 2875 esse daran, daß nun endlich einmal gegen den Skandal ein¬
1955 2867 3108 2914 geschritten und die Staatsautorität gegenüber
1955 2908 3114 2960 ihren schamlosen Verächtern gewahrt wird.
2042 2952 3109 3021 In diesem Zusammenhange sei darauf hingewiesen, daß
1953 3000 3105 3061 vor kurzem beim Schöffengericht Charlottenburg die Be¬
1962 3044 3111 3096 leidigungsklage des Polizeipräsidenten gegen eine tapfere
1953 3085 3115 3145 Frau, Klara Müller aus Steglitz, zur Verhandlung kam, die
1955 3129 3114 3175 im Zusammenhang mit den bekannten skandalösen Vor¬
1960 3173 3100 3223 gängen des 22. Februar stand. Damals war zum Schutz der
2110 3207 2142 3236 77
1960 3219 3112 3270 „Reigen =Aufführung gegen einige Ruhestörer, die mangels
1955 3254 3110 3313 behördlicher Unterstutzung zur Selbsthilfe gegriffen hatten,
1956 3300 3109 3349 eine starke Polizeimacht aufgeboten worden. Frau Klara
1950 3338 3109 3389 Müller hatte dem diese Unternehmungen leitenden Polizei¬
1947 3385 3109 3422 hauptmann ihre Empörung zum Ausdruck gebracht, ins¬
1945 3419 3103 3476 besondere ihre Verachtung dafür kundgetan, daß ein deutscher
1954 3464 3109 3527 Offizier mit dem Eisernen Kreuz sich zur Beschützung solchen
1951 3504 3104 3563 Schmutzes hergäbe. Die Anklage des Polizeipräsidenten
1947 3551 3105 3597 hatte auf beleidigende Kritik einer Amtshandlung gelautet.
1955 3588 2631 3639 Das Charlottenburger
2631 3594 3115 3653 Schöffengericht
1946 3633 3118 3708 sprach die Verteidigerin von Anstand und
1940 3674 2425 3752 guter Sitte frei!
