3336 4320
240 114 384 214 11.
478 126 529 187 e
387 121 749 238 Kigen
933 125 1332 228 box 18/1
956 1005 2376 1090 wozu. Und dann hob sich — heroisch, allen Verboten und Verfügungen zu
947 1085 2378 1150 trotz — der Vorhang über der schalkhaft=wehmütigen Satire vom Hörselberg.
1047 1133 2382 1189 Venus vulgivaga eröffnete den „Reigen“ und beschloß ihn. Dazwischen
942 1185 2384 1247 aber sah man Liebende und Geliebte aller Stufen und Modulationen. Vom
958 1234 2372 1288 Scherzando bis zum Furioso! Von der Weltdame (der sogenannten „an¬
953 1282 2369 1339 ständigen Frau“) bis zur Straßendirne! Dienstmädchen und Schauspielerin,
949 1334 2306 1395 Soldat, Bourgeois, Dichter, Graf — Amouren und Amouresken!
951 1381 2370 1436 Drismenglanz des Lebens! Immer die gleiche Situation des süßen Seins,
946 1422 2374 1480 d. h. eigentlich immer nur den Prolog und Epilog eben dieser Situation.
2308 1478 2370 1543 Es
957 1475 2252 1532 Denn: „Le moment donné“ fällt der Vorhang ja doch züchtig nieder.
954 1526 2370 1579 läßt sich nicht leugnen, daß der Vorhang erst im letzten, sogar allerletzten
958 1576 2386 1640 Augenblick herniederrauscht. Aber ebensowenig läßt sich leugnen, daß Geist
958 1628 2370 1681 und Grazie, die zu diesem — kritischen Augenblick hinleiten, so reizvoll und
954 1674 2370 1730 beschwingt über die Bühne huschen, daß kein plumper und gröblicher Sinnen¬
957 1724 1386 1796 eindruck möglich wird.
1054 1762 2371 1832 Wenngleich es dem gesamten Spiel um ein weniges an Tempo und Tem¬
958 1820 2373 1877 perament gebrach, muß der Darstellung im Ganzen doch viel Anmut und Dis¬
1205 1866 2367 1933 indiskreten Momenten zugestanden werden. Insbesondere die
953 1873 1212 1934 kretion in —
951 1916 2371 1976 Jüngerinnen Cytherens, die Damen Poldi Müller, Magda Mohr und
952 1965 2378 2021 Dergan, wußten durch Charme und Verführungskünste begreiflich zu
952 2027 2372 2079 machen, daß Versuchungen — gleichviel, ob illegitimer oder legitimer Natur
1013 2063 2380 2135 nicht dazu da sind, bestanden zu werden. Nach Schnitzler ist die Zunft
954 2117 2311 2176 der Catonen eine unliebenswürdige Menschenspezies und Tugend der
955 2165 2380 2220 Schatz der — Häßlichen. — Das „süße Mädel“ brachte in den „Reigen“ die
962 2213 2376 2273 schalkhaft hinreißendste Note; die „Schauspielerin“ ließ etwas von der
952 2270 2378 2328 naiven Verruchtheit der schlechthin amoralischen Frau, der beflissenen
955 2301 2371 2364 Dienerin des geschlechtlichen Dämoniums vermissen. Die Kavaliere — die
955 2358 2380 2417 Herren Schwanneke, Kurt Götz, Forster=Larrinaga — waren am
958 2407 1967 2466 überzeugendsten in der Melancholie des — Nachher.
1054 2442 2371 2519 Als letztes Ergebnis dürfte zu buchen sein: dank einer sublimierten Dar¬
957 2497 2388 2565 stellung des Liebesspiels der Geschlechter — einer Darstellung, der, obwohl
953 2563 2300 2615 auch Satire, die grellen Bitterkeiten Strindbergs und Wedekinds fehlen
956 2610 2378 2662 nicht zuletzt aber dank dem tolpatschigen Zugriff irgend eines vermotteten
958 2652 2375 2719 Kleinhirns wird dem „Reigen“ ein größerer und nachhaltigerer Kassenerfolg
958 2699 2381 2765 beschieden sein, als die Direktion Eysoldt=Sladek sich hat träumen lassen.
956 2744 2370 2807 And der unbehütete Bürger mit der berüchtigten Normalstruktur des Scham¬
958 2797 2382 2870 gefühls wird durch dieses tänzerische Kunstwerk edelster Nasse weniger
957 2851 2383 2910 Schaden an seiner Seele nehmen, als durch einen einfachen Tauentzien¬
957 2892 1718 2966 bummel. Hic Rhodus — hic salta!
867 3041 2464 3131 Dienstbach & Moebius, Bankgeschäft, Berlin W56
1083 3133 2260 3200 Gegründet 1869 Oberwallstraße 20 Gegründet 1869
1248 3180 2108 3227 Fernsprecher: Zentrum 2035, 4970, 5904, 5740, 8500, 11335
867 3224 2474 3302 Zweigstelle: Seebad Heringsdorf, Haiserhof, Seeseite
1077 3283 2275 3360 Ausführung aller bankgeschaftlichen Transaktionen
1062 3360 2280 3427 Sachgemäße Beratung über Kapitalanlage!
