3444 4320
297 190 431 283 11.
492 194 809 293 Reigen
984 191 1408 276 bex 18/1
2194 329 3049 495 hiose & Selue.
2266 422 3037 582 Bureau für Zeitungsaussehmite
2246 495 3022 635 Verin K0. 43, Oeorgentrehplan 21
2445 657 2853 801 1 Bersen-Conn.
2194 711 2390 803 Zeitung:
2178 821 2301 893 Oet:
2168 899 2798 1053 Datum:  4 UEL192
2111 1045 3042 1139 Cheater, Wlusik und Kunst
2499 1126 2712 1201 Reigen.
2304 1174 2891 1243 Kleines Schauspielhaus.
2129 1231 3103 1298 Das Kleine Schauspielhaus gehört der Hochschule
2095 1281 3091 1335 für Musik Die Hochschule für Musik untersteht dem
2107 1319 3098 1369 Kültusministerium. An der Spitze des Kultusmini¬
2094 1369 3099 1419 steriums steht der bekannte Freidenker Konrad
2093 1412 3098 1464 Haenisch. Ueber dem bekannten Freidenker Konrad
2104 1446 3090 1504 Haenisch stehen die Februarwahlen. Und die Fe¬
2103 1491 3082 1545 bruarwahlen werden mit seinem Ministerium Schluf
2091 1528 3092 1584 machen? Keineswegs. Schon fand Herr Haenisch
2097 1571 3091 1620 den Beifall eines deutschnationalen Abgeordneten, der
2097 1605 2979 1668 von diesem Beifall Unannehmlichkeiten hatte.
3005 1612 3095 1672 Herr
2093 1657 3028 1702 Haenisch nimmt diesen Unannehmlichkeiten
3032 1656 3093 1702 den
2094 1689 3100 1739 Grund, indem er die Sittlichkeit schützt und Schnitzlers
2090 1731 2457 1796 „Reigen“ verbietet.
2154 1777 3094 1836 Oder sollte Herr Haenisch nur der Angeführte
2094 1814 2480 1882 sein, und es sich —
2487 1827 3098 1870 im Hinblick auf die kommenden
2099 1868 3092 1921 Zeiten — um einen Vorstoß der Geheimräte handeln?
2093 1894 3093 1957 Sollte einem sozialdemokratischen Minister im letzten
2101 1947 3099 1999 Augenblick doch noch die Scham überkommen, sein
2100 1989 3089 2043 Minsterium zu etwas hergegeben zu haben was kein
2084 2023 3089 2079 kaiserliches Ministerium jemals gewagt hätte? Näm¬
2092 2070 3088 2117 lich die Direktoren eines Theaters mit — sechs Wochen
2093 2114 3091 2166 Haft zu bedrohen, wenn sie eine Aufführung gegen
2087 2152 3093 2207 die einstweilige Verfügung unternehmen sollten? Im
2092 2196 2737 2244 leinen Schauspielhaus dursen —
2756 2195 3089 2257 laut Mietsvertrag
2150 2235 3084 2294 keine Stucke gegeben werden, die in politischer, reli¬
2086 2270 3062 2333 göser und sittlicher Hinsicht Anstoß erregen. I
2096 2315 3078 2372 Erotik unsittlich? Dann müßte das Kultusmini¬
2562 2343 2595 2383 X
2087 2356 3082 2417 sterium sofort die Hochschule für Musik schließen.
2085 2400 2926 2447 Denn Musik ist die erotischste aller Künste.
2158 2444 3086 2491 „Reigen“ ist eine der reizendsten Dichtungen
2084 2485 3079 2526 Schnitzlers weil seine Dialoge aus diesem erotischen
2090 2521 3090 2572 Nervengefühl geboren sind, das nur noch um einen
2084 2567 3088 2620 Grad sublimiert zu werden brauchte um Klang, um
2080 2606 3079 2658 Ton zu werden. „Reigen“ ist auch eine der rein¬
2092 2643 3080 2689 ichsten Dichtungen Schnitzlers, weil seine sinnlichen
2085 2682 2387 2738 Schwebungen,
2398 2685 3084 2733 seine erotischen Frivolitäten und
2089 2724 3088 2779 Melancholien nicht feuilletonistisch umschmust, nicht
2089 2773 3090 2811 mit Tiefsinn drapiert, nicht unter Anspielungen ver¬
2088 2807 3093 2861 steckt werden, weil sie sich darbieten als das was sie
2086 2846 3085 2897 sind: graziöse Liebesspiele ohne geistige Verfälschung.
2078 2891 3077 2935 Die Nachdenklichkeit ist das erotische Erlebnis selbst.
2084 2934 3082 2991 Seine Ausstrahlungen, seine Schwingungen, seine
2088 2969 2708 3017 Spannungen, seine Ermattungen.
2162 3012 3093 3077 „Reigen“ ist Wien, ist der betäubende, lockende,
2077 3055 3084 3107 verführerische Schimmer dieser herrlichen, fauligen,
2091 3093 3078 3150 inkenden verfunkenen Stadt. „Anatol“ ist heute
2075 3132 3079 3181 kaum noch zu ertragen, weil Schnitzler hier eine
2087 3178 3091 3247 geistige Distanz zu den Abenteuern seines Charmeurs¬
2095 3250 3101 3311 vorspielt, die er nicht hat. Daß Schitzler
2099 3283 3093 3330 im „Anatol“ charmiert, verniedlicht, kokeitiert, irom¬
2102 3325 3091 3381 siert, tändelt, und darauf hinweist, daß er tändelt,
2097 3369 3090 3423 macht diese Einakterreihe zu einem Abbilde auch
2093 3407 3094 3455 jenes „geistigen“ Wiens, dessen verlogene Süßlich¬
2094 3442 3100 3491 keit aufreizt. „Reigen“ aber ist das Spiel, die Leich¬
2103 3484 3099 3537 tigkeit selbst. Wenn mit der Dirne über den Sol¬
2094 3522 3096 3576 daten und das Stubenmädchen und den jungen Herrn
2101 3570 3087 3613 und die junge Frau und den Ehemann und das
2109 3610 3096 3653 üße Mädel und den Dichter und die Schauspielerin
2094 3650 3083 3708 und den Grafen alle verknüpft sind so ist dieser
2093 3689 3095 3743 Reigen von einer schwebenden Freiheit, die künst¬
2095 3728 3018 3790 lerisch entzückt und deshalb menschlich erheitert.
2155 3773 3088 3832 Viele Dramen von Schnitzler sind veraltet,
2097 3820 3088 3873 weil sie Probleme stellten und die Probleme
2094 3872 3092 3916 entweder zu leicht waren oder von der Zeit zer¬
2097 3902 3091 3953 fressen wurden. „Reigen“ ist unproblematisch und
2093 3951 3085 3991 wird in der deutschen erotischen Literatur, die arm
2094 3986 3099 4030 ist, bleiben. Es ist sicher, daß ein neuer Dichter ein
2093 4028 3095 4070 Stück, das ollein den Geschlechtsakt umspielt, heute
2094 4065 3086 4115 nicht schreiben würde. Ebenso sicher aber ist, daß
2091 4104 3101 4159 wenn er es schriebe, er es plumper schreiben würde.
2161 4154 3105 4202 Gertrud Eysoldt hatte recht, als sie sich vor
