3336 4320
942 166 1377 282 box 18/1
300 182 779 285 1. Reigen
610 657 3276 896 1. Beilage des Berliner Börsen-Courier Dr
1627 898 2544 980 Donnerstag, 3. Februar 1921.
1554 985 2597 1075 wächst für mich die Möglichkeit, unser beider Wünsche
2600 1019 3282 1100 Entschiedenheit verwahre, das ist de
678 1014 1511 1118 Schnitzler über „Reigen“, V
1575 1033 2578 1123 nach meiner Regie zu erfüllen. Sie dürfen jedoch in
2599 1069 3278 1138 Max. Reinhardt, der als Erster in
1573 1076 2592 1158 jedem Fall versichert sein, daß ich aus den schon
780 1077 1557 1157 In dem Prozeß der Hochschule für Rosik
2598 1111 3260 1183 nung von der Nichtaufführbarkeit
1577 1113 2580 1197 wiederholten Gründen mein volles künstlerisches
726 1122 1562 1196 gegen die Direktion Eysoldt=Sladek hat Maxi¬
2601 1146 3266 1227 Wanken gebracht, meinen eigenen
722 1171 1554 1227 milian Harden als Gutachter heftige Augriffe
1577 1158 2580 1245 Interesse Ihrem Werk widmen werde und unbedingt
2599 1202 3271 1268 über die Aufführung des „Reige
725 1199 1547 1266 gegen Schnitzler gerichtet. Im „Neuen Piener
1577 1199 2577 1291 dafür Sorge trage, daß es auf dem höchsten künst¬
2601 1236 3267 1306 „künstlerisch opportun“, sondern für
724 1222 1547 1303 Journal“ hat Schnitzler diese Angriffe in einem
1567 1241 2183 1304 lerischen Niveau herauskomme.“
715 1270 1088 1333 Feuilleton unter
2605 1277 3271 1347 schenswert“ erklärt hat, als Eidesh
1088 1274 1549 1345 dem Titel Berichtigung
1630 1283 2581 1379 Auf diese Zusicherungen hin schloß ich mit Max
717 1309 1546 1393 zurückgewiesen, das uns zum Abdruck zur Ver¬
2594 1309 3292 1390 kunstlerische und moralische Zulässig
1559 1316 2565 1401 Reinhardt einen Vertrag, nach welchem der „Reigen“
714 1338 1102 1410 fügung gestellt wird.
2585 1357 3277 1436 ments anzurufen, als dessen geistige
1558 1364 2573 1444 bis spätestens 31 Januar 1920 an einer seiner
2598 1403 3260 1470 jedem Falle gelien muß — mögen
598 1380 1547 1480 Niemals hat es mich sonderlich gelockt, auch wo
1561 1405 2578 1483 Bühnen zur Aufführung kommen sollte. Der Termin
535 1417 1551 1527 ich einem Urteil, war es gut oder böse, mit Interesse,
2593 1438 3281 1514 stände ihn verhindert haben, zu den
1560 1447 2573 1529 wurde, wie das im Theaterleben zuweilen vorkommt,
535 1474 1469 1551 dem Urteilenden, wie es diesmal der Fall ist,
2592 1483 3287 1558 hardts Briefen, die ich in ihrer gan
1550 1486 2560 1568 versäumt eine kurze Zeit hindurch schienen die poli¬
1476 1511 1541 1556 ob
536 1515 1536 1594 Freund oder Feind, mit Respekt gegenüberstehen
2583 1514 3270 1595 und überzeugenden Herzlichkeit hier
1554 1529 2571 1606 tischen Verhältnisse für eine Aufführung des „Rei¬
544 1564 1541 1643 durfte, mich in Diskussionen über Wert oder Unwert
2591 1561 3276 1645 konnte, die Abmahnungen Maxi
1565 1567 2562 1646 gen“ worüber ich mit Reinhardt eines Sinnes war,
2590 1598 3193 1678 keineswegs zu rechnen vermag
530 1601 1539 1686 meiner Arbeiten oder gar über meine ethischen Qua¬
1556 1603 2563 1686 nicht sehr günstig zu liegen, und im Frühjahr 1920
2580 1644 3203 1723 so wie er ursprünglich gesonnen
532 1638 1535 1715 lifikationen einzulassen. Aber nicht nur müßig, son¬
1550 1648 2563 1734 drang ein Gerücht zu mir, daß Reinhardt mit einer
3193 1650 3273 1720 wa
2581 1684 2980 1766 als erster zu wagen.
529 1677 1535 1763 dern geradezu unwürdig erschien es mir, mich und
1557 1689 2573 1771 andern Berliner Theaterdirektion verhandle, die den
534 1719 1533 1793 mein Werk gegen unfaß= und ungreifbare Anschuldi¬
1553 1737 2571 1812 „Reigen“ in den Kammerspielen zur Aufführung
526 1761 1530 1844 gungen verteidigen zu wollen, wie etwa die, daß ich
1552 1773 2559 1855 bringen le. Auf mein Ersuchen um Aufklärung
528 1807 1528 1887 „einer Literatenplejade angehöre, die von der Gunst
1547 1810 2566 1896 wurde mir von Reinhardt am 24. April folgende
529 1830 1532 1922 einer ihr durch mancherlei Interessensträhne verbün¬
1558 1854 2561 1932 Antwort zuteil: „Bezüglich des „Reigen“ möchte ich
520 1882 1529 1972 dete Rezensentenzunft mit Lob aufgepäppelt wurde",
1548 1895 2564 1971 Ihnen mitteilen, daß von mehreren Seiten allerdings
576 1925 1530 2012 oder daß ich mich „in die Sucht verirre, Wirkung,
1539 1919 2552 2014 an mich herangetreten worden ist, das Werk freizu¬
517 1961 1526 2038 die meine Kunst nicht zu erlangen vermöge, aus ent¬
1547 1981 2561 2062 geben. Jede Unterhandlung in der Richtung ist von
519 2007 1516 2080 lehntem, künstlich erhitztem Erotenreiz zu erbrüten“
1542 2015 2555 2100 vornherein von mir abgelehnt wurden. Ich habe
520 2053 1522 2130 und, „diesen Reiz klug nutzend mit Talentaufwand,
1534 2060 2557 2134 niemals daran gedacht, dieses Stück einer anderen
522 2087 1522 2172 von dem anderer Stoff noch nicht genießbar würde,
1545 2095 2545 2183 Bühne zu überlassen Ich habe immer an der Ab¬
517 2135 1517 2209 einem großen Publikum den Gaumen kitzeln könne“.
1536 2138 2552 2219 sicht festgehalten, das Werk selbst zu inszenieren.
516 2169 1517 2244 Hätte Maximilian Harden auch nur einen der Rezen¬
1531 2179 2148 2246 Daran hat sich nichts geändert.“
504 2208 1511 2294 senten zu nennen gewußt, mit denen ich angeblich
1595 2219 2554 2305 So Max Reinhardt. Maximilian Harden aber
507 2248 1506 2339 durch Interessensträhne verbunden war oder bin und
1531 2257 2543 2345 weiß in seinem Artikel folgendes zu berichten: „Der
508 2293 1514 2378 sich über die Art dieser Interessen mit genü¬
1524 2298 2548 2376 mit der Verantwortlichkeit für ein großes Heer An¬
505 2326 1521 2417 gender Deutlichkeit auszusprechen beliebt: hätte er
1534 2339 2547 2424 gestellter Bebürdete, von der Sorge für den über alles
511 2376 1508 2458 aus den zahlreichen Sachen, die ich geschrieben, eine
1533 2372 2546 2465 Erwarten hinaus verteuerten Riesenbau des Großen
504 2405 1507 2498 oder die andere herausgegriffen, mit der ich seiner
1533 2423 2540 2504 Schauspielhauses bedrückte Künstler Max Reinhardt
503 2458 1516 2540 Meinung nach einem großen Publikum den Gaumen
1526 2462 2545 2540 war überredet worden, sich das Aufführungsrecht für
499 2490 1501 2572 kitzeln wollte, dann wäre es — ich will nicht gerade
1531 2504 2544 2590 seine Kammerspielbühne zu sichern („sonst erwirbt es
494 2539 1507 2627 sagen, der Mühe wert — aber doch immerhin möglich
1528 2539 2535 2629 morgen ein anderer“), stimmte mir aber sofort zu,
497 2582 1434 2657 gewesen, ihn im einzelnen zu widerlegen. Wer
1526 2589 2532 2666 als ich seiner Frage, ob die Aufführung mir ratsam
1425 2610 1499 2664 sich
498 2612 1504 2697 aber ernsthaft in Positur stellt, um einen Lufthieb zu
1526 2626 2545 2712 scheine, antwortete: „Durch die Ausstellung von
489 2660 1503 2742 parieren, der wäre in Gefahr, sich genau so lächerlich
1524 2668 2540 2745 Akten, die den Beischlaf vorbereiten, Geld zu ver¬
490 2707 1500 2784 zu machen wie sein Gegner, dessen Degen, sei es auch
1512 2708 2538 2785 dienen. kann und muß Reinhardt anderen über¬
498 2741 1504 2837 mit allerkünstem Schwunge, am Ziel vorbei ins Leere
1510 2746 2539 2835 lassen.“ Er hat trotz mancher Schwierigkeit in der
488 2786 715 2846 gesaust ist.
1524 2788 2540 2866 Spielplangestaltung aus seinem Recht nicht Zins ge¬
1507 2836 2527 2915 zogen, die Koitusgespräche nicht auf seine Bühne ge¬
552 2829 1496 2914 Somit habe ich keinerlei Anlaß, mich mit dem
1509 2869 2531 2957 bracht. Und er wäre vielleicht der einzige gewesen,
494 2856 1489 2952 Gutachten Maximilian Hardens zu beschäftigen, so¬
1505 2911 2521 2994 dessen Theatergenie ihnen ein szenisches Phantasie¬
485 2917 1491 2992 weit es meine Person betrifft. Was zu berichtigen
1506 2954 2526 3032 gewand von eigenem Kunstwert zu wirken ver¬
489 2955 1492 3037 mir nötig scheint, ist die Darstellung, die Maximikan
1506 2986 1666 3047 mochte.“
483 2999 1486 3083 Harden von dem inneren Verhältnis und dem äuße¬
492 3022 1485 3120 ren Verhalten Max Reinhardts gegenüber dem „Rei¬
1547 3022 2527 3130 Ich bedauere — vielleicht noch aufrichtiger als
482 3078 1486 3161 gen“ gibt, und die auf unzureichender Kenntnis von
1501 3067 2524 3167 es Maximilian Harden tut — daß es zu dieser Regie¬
484 3101 1487 3197 Tatsachen und offenbaren Mißverständnissen beruht.
1509 3111 2427 3196 leistung Max Reinhardts nicht gekommen ist,
2443 3155 2523 3205 be¬
484 3158 1490 3243 Zur endgültigen Aufklärung muß ich mehr um Max
1499 3165 2522 3248 dauere es um so mehr, als es mir kürzlich vergönnt
479 3201 1479 3274 Reinhardts als um meinetwillen in aller Kürze mit¬
1504 3206 2520 3287 war, einen Blick in das Regiebuch zu tun, das zu
476 3231 1481 3321 teilen, wie meine Szenenreihe „Reigen“, die bekannt¬
1501 3251 2523 3327 entwerfen er begonnen hatte. Im Sommer 1920 trat
481 3280 1480 3359 lich ursprünglich keineswegs zur Aufführun be¬
1505 3287 2523 3364 Max Reinbardt bekanntlich von der Leitung seiner
472 3318 1482 3410 stimmt war, mit meiner ausdrücklichen Einwilligung
1505 3325 2505 3410 Theater zurück. Felix Holländer, sein Nachfolger,
474 3369 880 3427 auf die Bühne kam.
1501 3368 2515 3447 übernahm mit anderen Verträgen auch den über den
1488 3409 2515 3494 „Reigen“ erbat in mündlicher Unterredung mein
537 3405 1475 3507 Nachdem im Laufe der Jahre von einzelnen
1497 3449 2510 3538 Einverständnis, mein Lustspiel „Die Schwestern“ in
470 3439 1479 3538 Schauspielern und Schauspielerinnen, später auch
1494 3494 2382 3553 den Kammerspielen und den „Reigen“
478 3500 1470 3576 von Theaterdirektoren Anfragen und Anträge an
2426 3507 2507 3574 als
1493 3536 2509 3611 „Ensemblegastspiel des Deutschen Theaters“ (wie es
473 3542 1483 3620 mich gelangt waren, die von mir durchaus abgelehnt
1489 3566 2439 3650 im vorigen Jahr mit der „Büchse der Pandora“
470 3577 1470 3658 wurden, erbat Max Reinhardt im November 1918
2419 3598 2507 3651 der
1485 3598 2507 3692 Fall gewesen sei) am Kleinen Schauspielhaus zur
463 3618 1476 3700 telegraphisch von mir das Aufführungsrecht des „Rei¬
1492 3654 2508 3737 Aufführung zu bringen, das unter der Leitung von
471 3657 1475 3747 gen“ für die Kammerspiele. Ich konnte mich zu einer
1495 3694 2505 3782 Frau Eysoldt und Direktor Sladek stehe, und Hubert
468 3687 1471 3778 zustimmenden Antwort nicht gleich entschließen, er¬
1485 3737 2504 3815 Reusch, mir auch aus persönlicher Erfahrung als vor¬
466 3738 1469 3818 klärte mich aber freiwillig bereit, Max Reinhardt die
1478 3777 2501 3855 trefflicher Regisseur bekannt, die Inszenierung anzu¬
458 3780 1468 3876 Priorität zu wahren, was er dankend zur Kenntnis
455 3823 599 3883 nahm.
1479 3817 2491 3896 vertrauen. Die genannten Namen boten genügende
1485 3856 2495 3939 Garantie: ich nahm an. Alles übrige, Aufführung
520 3870 1464 3949 Indessen traten immer neue, zum Teil recht er¬
1478 3899 2494 3977 trotz Verbotes, Aufhebung des Verbotes, gerichtliche
446 3908 1465 3998 wägenswerte Anträge an mich heran; im Januar
1479 3940 2482 4013 und außergerichtliche Gutachten, all das ist durch Zei¬
459 3957 1456 4031 1919 lud mich der Direktor eines namhaften deut¬
1478 3981 2491 4072 tungsnachrichten ausreichend bekannt geworden, so
459 3996 1456 4077 schen Theaters zur bevorstehenden Uraufführung des
1478 4025 2318 4108 daß ich mir Wiederholungen ersparen darf.
445 4048 1465 4118 „Reigen“ an seiner Bühne ein, so daß mir gerade
1530 4071 2481 4148 Den Widerspruch aufzuklären zwischen dem, was
449 4078 1462 4159 noch Zeit blieb, die schon für einen bestimmten Tag
1473 4096 2486 4190 in den Briefen Reinhardts an mich zu lesen steht und
441 4123 1447 4196 angesetzte Vorstellung zu inhibieren; aus R##gland
1465 4152 2484 4219 dem, was Maximilian Harden aus Reinbardts Wor¬
453 4161 1393 4243 BrüihtnAr
