3436 4384
1054 195 1470 276 box 17/2
358 185 861 299 11. Reigen
641 1322 1402 1434 Dr. Max Goldschmidt
756 1427 1320 1508 „ . Bureau für
785 1492 1261 1586 Zeitungsausschnitte
538 1563 1504 1636 verbunden mit direktem Nachrichtendienst durch
788 1620 1261 1689 eisene Korrespondenten.
1085 1666 1445 1751 Telephon: III, 3051.
599 1683 919 1763 Berlin N. 24.
574 1731 1510 1798 —
833 1795 1227 1872 Ausschnitt aus
827 1903 1250 2001 Hamburger Echo
970 2106 1277 2206 S - BEZ.1903
510 2429 1462 2511 (Literatur, Kunst und Wissenschaft.
579 2520 1460 2590 Notizen: Der Münchener akademisch=dramatische
528 2571 1458 2621 Verein ist, weil er Schnigsers „Reigen“ auf¬
536 2601 1462 2659 führte, von dem Senar ver , und
537 2642 1453 2703 es ist allen Studenten jede direkte oder indirekte Mit¬
536 2685 1466 2738 wirkung bei Vorführung realistischer Werke verboten
538 2725 1457 2774 worden. — Arthur Schnitzler hat einen neuen
534 2761 1468 2819 Zyklus geschrieben: ien.
539 2799 1465 2856 leben“. Eine Szeue daraus, „Die Gonvernante“
536 2827 1462 2894 wurde von dem Wiener Schriftsteller Ludwig Bauer im
533 2873 1469 2944 Berliner Verein zur Förderung der Kunst mit großem
546 2921 1013 2997 Erfolge vorgelesen.]) — F
524 2963 699 3025 ohenStan
2112 475 2879 572 Dr. Max Goldschmidt
2193 577 2803 641 „ „ „ Bureau für
2259 639 2739 725 Zeitungsausschnitte
2022 699 2976 775 verbunden mit direktem Nachrichtendienst durch
2261 756 2735 832 eisene Korrespondenten.
2564 809 2907 886 Telephon: III, 3051
2069 833 2393 893 Berlin N. 24.
2293 934 2706 1011 Ausschnitt aus
2620 1159 2903 1259 Nachrichter
2644 1443 2923 1517 — DEZ. 803
2143 1540 3039 1623 * Der Akademisch=Dramatische Verein an.
2109 1600 3025 1667 der hiesigen Universität ist, wie schon kurz mitgeteilt
2109 1657 3025 1703 wurde, infolge der Aufführung des Schnitzleischen
2112 1695 3028 1756 „Reigens“ aufgelöst worden. Der bezügiiche
2117 1735 2666 1793 Diziplinarbeschluß lautet:
2145 1784 3022 1842 Der Akademisch=Dramatische Verein München, der im
2113 1826 3017 1876 Socmersemester 1903 an der hiesigen Universität als
2107 1861 3023 1908 stuEntischer Verein mit 13 an der Universität als Studie¬
2173 1905 3020 1949 e immatrikulierten Mitgliedern angemeldet war, hat
2115 1943 3028 1984 am25. Juni I. Is. im Kaim=Saale vor einem geladenen
2111 1981 3013 2023 Pichlikum eine dramatische Aufführung von drei „Dia
2111 2019 3024 2085 logen“ aus dem „Reigen“ von Artur Schnitzler veran¬
2120 2055 2220 2121 tet.
2137 2089 3028 2148 Diefe Aufführung hat in weiten Kreisen große Ent¬
2107 2134 3012 2181 rüstung hervorgerufen und scharfe Verurteilung erfahren
2150 2175 3028 2221 In der Preise, und zwar in Blättern verschiedener
2107 2212 3023 2259 Richtungen, sind über diese Dialoge und deren Auf¬
2110 2252 3020 2304 führung harte Worte der Kritik gefallen: „Zynismus“,
2117 2304 3016 2342 „vom Standpunkt jeder Sittlichkeit unsittlich“, „was be¬
2117 2332 3028 2372 züglich des Dezenten, ja des Minimums an Anstän¬
2115 2371 3018 2419 digem .... alles Dagewesene übertrifft“; es könne nicht
2118 2393 3028 2451 Aufgabe eines Vereins sein, „dessen Mitglieder zum
2112 2445 3016 2491 Lernen und nicht zum Lehren berufen sind, dem Publi¬
2114 2485 3016 2535 kum Werke zu vermitteln, über deren Qualität sie nie und
2120 2526 3019 2585 nimmer ein richtiges Urteil fällen können“. „grobe Ge¬
2118 2561 3028 2609 schmacksverirrung, „Mangel an Takt und Geschmack
2121 2603 3026 2655 eitens eines Teiles unserer studierenden Jugend“ und
2118 2639 2384 2690 dergleichen mehr.
2157 2656 3030 2723 Und auch die Universitätsbehörden mußten sich bei
2116 2709 3013 2763 Würdigung der Angelegenheit vom Standpunkt der aka
2107 2757 3021 2808 demischen Disziplin davon überzeugen, daß in der Tat
2118 2803 3021 2844 das Vorgehen des Akademisch=Dramatischen Vereins einen
2117 2838 3025 2876 argen Verstoß gegen die Ordnung und Sitten des akade¬
2114 2876 2660 2922 mischen Lebens in sich schließt...
2668 2874 3019 2930 Anläßlich der diszipli¬
2118 2916 3021 2965 nären Wahrnehmung dieses Falles ist noch anderes zu Tage
2119 2954 3030 3005 getreten. Während in dem bei der Universität abgegebenen
2110 2995 3025 3043 Verzeichnis als Mitglieder des Vereins, wie es § 51 der
2118 3030 3012 3080 Satzungen vorschreibt, nur Studierende der Universität auf
2112 3071 3020 3117 geführt sind, waren bei den vom Verein veranstalteten
2111 3108 3021 3165 Darstellungen zum größten Teile Nichtsludierende tätig.
2109 3146 3018 3190 Des weiteren wurde mitgtteilt, daß die vom Verein veran¬
2118 3182 3026 3239 stalteten Vorführungen schon seit einiger Zeit Anlaß zu
2114 3225 3018 3271 Bedenten gegeben haben. Die gepflogenen Erhebungen
2107 3264 3032 3311 konnten keinen Zweifel darüber bestehen lassen, daß mit
2117 3303 3019 3348 der Bezeichnung „Akademisch“=Dramatischer Verein Miß¬
2112 3338 3018 3389 brauch getrieben, und daß der Akademisch=Dramatische
2110 3376 3026 3425 Verein als Deckmantel für andere Zwecke benutzt wordensei.
2149 3417 3015 3470 In Erwägung dieses Umstandes, in welchem eine hoch
2120 3455 3024 3507 gradige Gefährdung der akademischen Distiplin und ein
2116 3499 3023 3542 äußerst nachtelliger Einfluß auf das akademische Leben zu
2114 3535 3026 3582 erblicken ist, hat der akademische Senat in seiner heutigen
2117 3573 3029 3623 Sitzung auf Grund des § 53 der Universitätssatzungen das
2111 3610 3015 3671 Verbot des Akademisch=Tramatischen Vereins ausge
2111 3649 2256 3700 sprochen.
2143 3671 2643 3753 München, 28. November 1903.
2454 3726 2685 3780 Dr. E. Kuhn,
2150 3744 2984 3830 derzeit Rektor der Ludwigs=Maximilians=Universität.
2344 3807 2826 3861 Neuhierl, Universitäts=Rat.
