3392 4416
575 152 1768 210 Iihrungsrerm sich kraß öffenvaren Werde. Die
587 199 1763 250 deutsche Regierung wird also bei ihrem
582 247 1762 303 Nein bleiben müssen, auch wenn die feindlichen
575 294 1769 358 Mächte so gütig sein sollten, sich 50 oder 60 Milliarden
580 351 1759 408 abhandeln zu lassen, wozu sie jedoch nicht die geringste
576 392 1766 445 Bereitwilligkeit zeigen. Der Reichstagspräsident er¬
576 439 1768 490 örtert sodann die Anschauung, daß vielleicht schon in
583 489 1766 551 den ersten Märztagen die Aussicht auf einen Ausweg
573 540 1756 590 verbaut sein könnte und die Alliierten ihre Drohungen
583 590 1754 643 wahr zu machen beginnen würden. Wird das Ruhr¬
578 638 1769 694 gebiet besetzt, so dürfte weder die Arbeitsfreudigkeit der
583 685 1765 740 Bergleute gehoben werden, noch die Qualität der Kohle
578 727 1760 784 sich bessern. Die Wirkungen einer verminderten För¬
585 780 1762 837 derung würden nicht nur die Franzosen spüren, in
582 827 1758 883 Deutschland selbst würde das Heer der Arbeitslosen so
569 875 1752 937 wenig Steuern zahlen, wie die stillgelegten Betriebe.
578 927 1762 995 Die gesunkenen Produktionskräfte würden allen Aus¬
586 974 1769 1029 fuhrabgaben ein schnelles Ende machen. Ob aber die
584 1024 1758 1088 neuen Wirren, in die Deutschland gestürzt würde, auf
582 1073 1761 1123 unser Land beschränkt bleiben, erscheint sehr unwahr¬
584 1117 1758 1177 scheinlich. Ein krankes Glied an dem großen europäi¬
589 1170 1753 1235 schen Körper steckt die anderen an. Halbinvalide Staa¬
577 1222 1762 1300 ten liegen genug vor unseren Toren, die schnell von dem
583 1266 1188 1332 Fieber ergriffen sein werden.
734 1336 1608 1417 Der Schaden des Streiks in Leverkusen.
674 1407 1762 1463 Der Bezirks=Schlichtungsausschuß in Köln hat den
577 1460 1760 1515 wilden Streik bei den Farbwerken vormals Friedrich
573 1511 1752 1576 Bayer & Co. in Leverkusen für einen schweren Ta¬
579 1557 1761 1611 rifbruch erklärt. Die gesamte Oleumanlage ist
579 1610 1752 1671 außer Betrieb gesetzt, eine ganze Ofenreihe erkaltet.
571 1654 1747 1701 Der Schaden beträgt nach bisheriger Schätzung drei¬
572 1703 1757 1755 ßig Millionen Mark, der mittelbare ist unüher¬
581 1754 1745 1810 sehbar, denn es wird Monate dauern, bis die
579 1804 1744 1860 Schwefelsäureerzeugung, die Grundlage der gesamten
577 1847 1760 1902 Farbenerzeugung, wieder aufgenommen und die Arbei¬
573 1899 1753 1956 ter wieder beschäftigt werden können. Die Farb= und
568 1940 1750 2021 Medikamentenerzeugung in Leverkusen dient vornehm¬
576 1993 1747 2050 lich für die Lieferungen der Wiederherstellung. Die
573 2042 1754 2111 freien Gewerkschaften, die den Streik verurteilen, haben
576 2096 1756 2150 jede Unterstützung und Verantwortung abgelehnt, wa¬
569 2145 1751 2200 ren aber nicht in der Lage, die Notstandsarbeiten durch¬
564 2195 1758 2255 zusetzen, die von einer geringen Zahl freiwilliger Ar¬
570 2242 1759 2289 beitskräfte unter genügendem Schutz hätten verrichtet
569 2283 1744 2341 werden können. Eine technische Nothilfe gibt es im be¬
573 2332 1753 2385 setzten Gebiete nicht, da ihre Bildung von der Rhein¬
565 2385 1344 2446 landkommission verboten worden ist.
862 2452 1464 2533 Preisabbau in Deutschland.
666 2506 1749 2594 Nach den Feststellungender Großhandelsindexzif¬
568 2574 1747 2629 fern, für die nunmehr bei der Berechnung 75 Waren be¬
569 2628 1743 2681 rücksichtigt werden, ergibt sichtbe einem Preisstande von
569 2674 1749 2729 100 am 1. Jänner 1920 für den Jänner laufenden Jah¬
566 2728 1745 2786 res ein Rückgang von 150 auf 136. Es ist somit eine
567 2768 1743 2837 Abschwächung von 14 Punkten eingetreten gegenüber
569 2816 1746 2862 dem Stande zu Anfang des Jahres und von 19 Punk¬
569 2867 1736 2927 ten gegenüber der Rekordhöhe zu Anfang Dezember.
562 2915 1748 2968 Im letzten Monate ist der Preisabbau am stärksten in
566 2964 1113 3025 der Gruppe Lebensmittel.
657 3038 1656 3114 Ein Schweizer über die Pariser Forderungen.
657 3108 1735 3164 Im „Tag“ schreibt Dr. E. Jenny, ein Schweizer:
565 3124 1746 3224 Es ist zum Axiom der Franzosen geworden, daß
564 3206 1738 3262 Deutschland von nun ab dazu da sei das Loch in ihrem
562 3252 1743 3317 Staatsbudget zu stopfen. (Es sind heute über 16 Mil¬
558 3296 1738 3364 liarden Franken.) Das ganze Volk ist besessen von dem
561 3349 1743 3418 Wuchergeist, der sich selbst im „Temps“ dahin äußern
561 3401 1732 3462 konnte, es seien die Entschädigungssummen so hoch an¬
556 3450 1735 3518 zusetzen, daß sie auch im günstigsten Falle die von
569 3494 1740 3550 Deutschland zu erlangenden Beträge noch fühlbar über¬
565 3543 1739 3602 steigen; es ist ja auch in Paris danach gehandelt wor¬
566 3595 1730 3660 den. In solche Geistesverfassung ist das französische
564 3639 1728 3699 Volk geraten durch die Agitation, die die innere Unzu¬
557 3686 1728 3747 friedenheit ablenken und die die Massen beschwichtigen
565 3741 1737 3804 sollte. Die Zauberformel lautet: Der Boche wird
559 3784 813 3848 alles zahlen.
659 3830 1735 3907 Die Agitation hat die Ansprüche an einer Stelle
540 3886 1744 3950 ins Volk gehämmert, an der sie gerade beim Franzosen
1913 165 2994 228 Nach einer Mitteilung der „Daily News“ betragen
1811 210 2990 272 die den Alliierten seit dem Beginn bis Ende November
1825 258 3001 324 1920 erwachsenen Besatzungskosten 35,9 Milliarden
1824 304 3001 376 Papiermark. Diese Summe entspricht den der deutschen
1817 351 3002 413 Regierung bereits bekannten Zahlen. Die Summe ist
1820 400 3001 464 doppelt so groß, als bei den Versailler Verhandlungen
1824 450 2999 517 dem deutschen Vertreter in Aussicht gestellt wurde. Da¬
1823 501 2994 572 zu kommt die ungeheure Steigerung der Besatzungs¬
1823 553 2990 615 kosten durch die Höhe der den Besatzungstruppen zu¬
1824 598 2993 666 stehenden Gehälter. Es erhält in der französischen Be¬
1824 643 2989 715 satzungsarmee z. B. ein Unterleutnant 52 440 Mark. ein
1824 692 2991 771 Major 104 880 Mark. Zum Vergleiche sei angeführt,
1815 745 2991 815 daß der deutsche Reichskanzler mit 110500 Mark nur
1813 796 2879 866 5620 Mark mehr als ein französtscher Major ethält.
2004 860 2807 929 Finanzielle Forderungen der Länder.
1905 931 2983 1003 In Salzburg hat letzte Woche eine Konferenz der
1821 967 2991 1032 Vertreter sämtlicher Länder stattgefunden, die zur Be¬
1816 1025 2989 1102 hebung der Finanznot der Länder eine Reihe von For¬
1812 1075 2985 1145 derungen an die Regierung stellte, darunter: Erhöhung
1817 1121 2976 1188 der Ueberweisungen auf das Dreifache. Uebernahme der
1819 1169 2990 1255 Hälfte des Gesamtaufwandes für Lehrerschaft und
1818 1221 2989 1297 Landesangestellte durch den Bund. Ueberlassung des ge¬
1819 1268 2977 1331 samten Valutagewinnes aus der Holzausfuhr oder Ein¬
1816 1319 2988 1391 führung von Landesausfuhrtaxen für Holz, Mitwirkung
1810 1369 2983 1425 der Länder bei den Gehaltsregulierungen der Staats¬
1806 1423 2988 1485 angestellten sowie die Erhöhung von anderen Bundes¬
1809 1463 2975 1535 beiträgen. Aehnliche Forderungen werden für die Ge¬
1806 1511 2989 1580 meinden erhoben. Sollten diese Forderungen binnen
1808 1559 2986 1635 vier Wochen nicht angenommen werden, so müßten die
1799 1614 2978 1680 Länder an die selbständige Ausübung ihres Steuer¬
1808 1657 2984 1732 hoheitsrechtes in erster Linie an die Wiedereinführung
1809 1710 2697 1784 früher bestandener Landessteuern schreiten.
