3392 4384
260 162 354 250 11
457 165 793 263 Reigen
976 163 1388 260 box 17/2
1661 862 1786 948 406
986 959 2578 1052 Für die Italiener ist eine kleine Geschichte bezeichnend, Für ihre Wahrheit will ich nicht
868 1019 2579 1112 bürgen. aber jeder, der die Ausstellung zu besichtigen bestimmt war, wird wenigstens zugeben.
868 1073 2573 1157 dass sie gut erfunden ist. Einer Dame aus der ersten Beamtengesellschaft, die leider malt, wird
872 1122 2574 1191 ein Bild zurückgewiesen. Weinend geht sie selbst zu den Richtern der Kunst. Man konnte ihre
865 1169 2572 1253 Tränen nicht sehen. eher noch ihr Kunstwerk, das man wohlwollend unter dem anderen Krims¬
862 1222 2573 1301 Krams versteckte. Ja, das muss man sagen, der Italiener hat ein Herz. Aber nicht für die Kunst.
995 1275 2578 1346 Was ist also weiter über die Italiener zu sagen? Weder Maler noch Bildhauer zeigen einen
866 1325 2573 1403 originellen Zug. Nicht einmal der Halbgott der italienischen Moderne, der verstorbene Napolitaner
861 1374 2566 1453 Morelli, dessen Werken man einen Saal gewährt hat, ist originell. Aber Morelli, dem man
872 1425 2578 1493 künstlerisches, hohes Talent nicht abstreiten kann, ist wenigstens interessant, Interessant durch
867 1465 2567 1540 die Zersplitterung seiner Persönlichkeit. Man hält es kaum für möglich, dass sämtliche Bilder
874 1517 2564 1594 von demselben Meister stammen. Ein Familienbild in glatter, alttränkischer Manier. Ein Damen¬
867 1566 2571 1641 bildnis nach modernem englischen Rezept. Ein Page im Garten. von dem man glauben könnte,
861 1618 2570 1677 dass er von Thoma inspiliert sei. Endlich eine Reihe historischer Bilder àla Piloti und nicht zu
860 1674 2572 1757 vergessen, die „Versuchung des heiligen Antonius“, mit welcher er sich die Gunst seiner Lands¬
869 1720 2404 1776 ente wohl am meisten erworben hat, die aber künstlerisch sehr wenig zu schätzen ist
989 1758 2572 1844 Was die Bildhauer anlangt. so ist. wie ich schon bemerkte, auch hier auf dem Gebiete
860 1812 2571 1881 der Plastik nicht viel zu sagen. Das einzige Weik, das in grellem Widerspruch zu der italienischen
853 1867 2572 1943 Alltagsmanier steht, gehört dem in Paris lebenden Italiener, dem führenden Impressionisten
855 1905 2571 1992 Medardo Rosso an. Schade, dass der Künstler nur mit einer kleinen Bronze, die keinen vollständigen
858 1955 2565 2026 Einblick in die Eigenpersönlichkeit des Schöpters gibt, vertreten ist. Aber auch in diesem kleinen
864 2003 2573 2079 Werke, das sich in die Unzahl der hausbackenen Salonplastik verirrt hat, zeigt sich schon der
851 2052 2566 2134 denkende und empfindende Künstler, der sich ein anderes Ziel gesteckt hat. als dekorative liand¬
854 2101 2552 2172 arbeit. Rosso steht hoch über der italienischen Plastik. Man kann nur bedauern, dass nicht eine
854 2158 2556 2236 Sammelausstellung seiner Werke dlie werktäglichen Seelen seiner Landsleute etwas in Aufregung
849 2202 2567 2286 gebracht hat. Denn es dünkt mir, für Medardo Rossos Impressionen ist weder das italienische
854 2260 1777 2328 Künstlertum noch die italienische Gesellschaft reif.
2128 2268 2528 2378 Wilhelm Schöller.
1268 2321 1400 2428 12
1060 2374 1241 2500 D
1939 2796 2112 2886 .
1904 2850 2221 2962 TRR
1726 2861 1911 2963 4
1400 3048 2013 3164 Münchener Brief.
2048 3117 2519 3213 München, im Juli 1903.
963 3175 2542 3263 Wenn ich auf die letzten Theaterwochen zurückblicke, die in die jetzige Berichts¬
839 3231 2545 3308 periode fallen, so ist es in litterarischer Beziehung herzlich wenig, was den Geist oder
841 3288 2552 3348 das Herz länger beschäftigte, als bis zum letzten Fallen des Vorhanges. Von
840 3332 2551 3415 Bataille's schrecklicher Dramatisierung der Tolstoi'schen „Auferstehung“ kann
846 3385 2549 3459 man sagen, daß sie nicht einmal sonderlich geschickt ist, in dem ganz gewöhnlichen
841 3438 2552 3502 Sinne der Philippi und Konsorten genommen. Dennoch läßt sich nicht wegleugnen,
843 3477 2546 3554 daß das Werk, in den Hauptrollen famos gespielt und mit sehr starkem Beifall auf¬
841 3534 2546 3615 genommen wurde, der öfters gerade da kräftig einsetzte, wo ob der skrupellosen
