3532 4192
361 45 875 163 11. Reigen
1060 68 1480 154 box 18/2
666 602 881 674 Nr. 9785
1477 609 1684 678 Mittwoch
610 683 1846 757 Lorinser, Herman und Kletschinsky, die Gegner des Quecksilbers,
622 742 1841 794 gehörten gleichfalls zu den beratenden Mitgliedern. In einer
624 792 1842 841 Sitzung tat das objektivste Mitglied, nämlich mein Vater, den
613 832 1724 911 Ausspruch, wenn man Syphilis zum Beispiel
1775 839 1853 894 mit
625 884 1844 936 Grasabsud behandeln würde, so würden einzelne Fälle
636 933 1846 987 geheilt werden, sicher aber auch alle Allgemeinerscheinungen
629 978 1842 1043 der Seuche in allen Fällen zum vollen Ausdruck kommen, wenn
635 1022 1839 1090 die unglücklichen Kranken auch kein Atom Quecksilber erhalter
624 1070 1842 1129 hätten. Dadurch war die Aufmerksamkeit der Behörden auf meinen
634 1124 1847 1177 Vater gelenkt worden, und schon damals dachte man an die
626 1170 1848 1231 Teilung der Klinik Sigmund. Mein Vater erhielt den Auftrag,
642 1217 1840 1280 ein Promemoria an das Ministerium des Innern über Vor= und
622 1266 1854 1330 Nachteile des Quecksilbers zu verfassen. Dasselbe wurde dem
628 1312 1841 1365 Minister Karl Giskra überreicht und auf Antrag des Statthalterei¬
641 1365 1843 1419 rates Fuchs wurde die Errichtung der zweiten Klinik und
633 1408 1844 1466 Abteilung für Syphilis beschlossen und mein Vater beauf¬
622 1453 1839 1511 tragt, Syphiliskranke ohne stark wirkende Medikament#
640 1514 1838 1572 nur mit Jod allein und mit allen gegen Syphilis
634 1556 1839 1609 wirksamen Mitteln, also auch mit Quecksilber, zu behandeln
632 1603 1839 1657 Sigmund und Hebra traten, eine Einschränkung ihres Kranken¬
634 1651 1847 1703 zuwachses befürchtend, gegen die Verkleinerung ihres Belegraumes
633 1699 1842 1763 ein und Skoda und Rokitansky wurden zu Giskra geschickt, um
630 1735 1845 1812 ihn von der Errichtung der neuen Abteilung abzuhalten. Dieses
624 1797 1844 1856 Vorgehen hatte sicher eine Spitze gegen meines Vaters Person.
627 1845 1841 1896 Giskra hielt aber an seinem Entschluß fest. Die Audienz beider
629 1877 1853 1946 Helden aus Genieland wurde dadurch beendet, daß der Lakai
623 1940 1849 1990 Giskra meldete: „Exzellenz, der Wagen ist vorgefahren“. Der hier
612 1982 1829 2058 berichtete Vorfall gab dem Witzblatt „Floh“ Veranlassung zu dummen
607 2031 1840 2096 aber gut illustrierten Witzen. Auch hier fand das Wort, der Witz
628 2073 1837 2145 sei der Affe des Verstandes, volle Bestätigung. Im August wan
618 2121 1849 2185 schon die Systemierung der Abteilung und die Ernennung meines
623 2173 1846 2228 Vaters erledigt. Die Publizierung erfolgte erst im November 1868.
637 2214 1827 2282 Diese Verzögerung der Veröffentlichung in der „Wiener Zeitung
632 2266 1839 2334 hatte Gründe. Ein Dozent, ich will den Namen nicht nennen
629 2316 1845 2378 suchte, wie es seine Art war, im trüben zu fischen. Er wollte
637 2367 1852 2430 die neue Abteilung für sich erobern, nahm bei Giskra Audieuz und
629 2414 1852 2477 riet von H. Zeißls Ernennung ab, weil dieser — krank sei. Damals
628 2454 1852 2526 erfreute sich mein Vater voller Gesundheit. Exzellenz Giskra
625 2513 1838 2570 ließ meinen Vater zur Audienz einladen und damit war das
638 2552 1845 2615 Intrigenspiel abgetan. Um die erregten Gemüter im Allgemeinen
636 2606 1844 2665 Krankenhause zu beruhigen, wurden gleichzeitig mit der Ernennung
629 2657 1845 2717 meines Vaters im November 1868 Hebra und Sigmund zu
631 2701 1850 2757 ordentlichen Professoren der Dermatologie ernannt. Systemisiert
633 2753 1845 2808 waren die Kliniken noch nicht. Daß die Dermatologie zwei systemi¬
634 2794 1847 2849 fierte Kliniken mit Ordinarien erhielt, wurde erst zur Zeit, als
625 2844 1836 2901 Kaposi und Neumana Chefs der betreffenden Kliniken waren, fest.
623 2889 1836 2947 gelegt. Die Lehrkanzeln in Prag waren mit Pick, Lipp und
630 2942 1841 3002 E. Lang in Graz und Innsbruck besetzt. Dermatologie wurde von
630 2988 1845 3053 Fall zu Fall beim Rigorosum geprüft, wenn Hebra, Sigmund und
627 3037 1852 3086 H. Zeißl zu Gastprüfern gewählt wurden. Erst mit der neuen
632 3082 1845 3142 Rigorosenordnung wurde dieser wichtige Gegenstand obligates
633 3123 885 3206 Prüfungsfach.
700 3243 754 3318 1
826 3180 1837 3333 Aufführung von Schnitzlers
809 3326 1102 3423 reeigen“
1249 3326 1802 3440 eine „sittliche
1144 3407 1372 3533 Tat“.
612 3515 1830 3606 Nach dem Urteil der Sechsten Zivilkammer des
923 3568 1568 3639 Berliner Landgerichtes III.
975 3626 1835 3694 Man wird sich erinnern, daß die von Frau Eysoldt
847 3683 1837 3735 und Herrn Sladek beabsichtigte erste Aufführung von Artur
859 3718 1829 3769 Schnitzlers „Reigen“ im Kleinen Schauspielhause zu
848 3760 1831 3806 Berlin auf Antrag des Hochschukleiters Professors Franz
865 3794 1833 3842 Schreker von der Berliner Polizei aus Sittlichkeitsgründen
862 3834 1830 3879 verboten und Frau Eysoldt und Herr Sladek mit hohen
859 3870 1829 3924 Strafen bedroht wurden. Gegen die Verfügung appellierten
852 3909 1829 3962 die beiden Künstler an die Sechste Zivilkammer des Berliner
855 3949 1837 3997 Landgerichtes III als höhere Instanz und erzielten die
853 3986 1829 4031 bedingungslose Freigabe der Aufführung. Jetzt liegt der
855 4026 1837 4077 Wortlaut der landgerichtlichen Entscheidung vor, die eine
854 4063 1793 4117 KmSammerhenen
2173 604 2630 687 Neues Wiener Journa!
1871 700 3038 755 sein kann. Gleiches gilt von der „starken sinnlichen Erregung
1877 739 3062 796 der Ausgelassenheit und der Verführungskunst der Schauspielerir
1869 790 3008 846 im neunten Bild Die überaus schwierige Aufgabe,
1869 838 3069 899 Darstellung hier nicht ins Unschickliche oder ins tierisch
1878 890 3069 949 Triebhafte entgleisen zu lassen, wird durch gelungene Zurück¬
1868 938 3075 998 haltung und Zügelung alles Gemeinen vorbildlich geköst. Im
1879 985 3066 1038 vierten Bild geht die Erörterung des Ausbleibens der Geschlechts¬
1874 1032 3067 1088 lust mit aller Sachlichkeit und Nüchternheit vor sich. Die Er¬
1878 1080 3070 1140 örterung des Ehebruches im fünften Bild erscheint notwendig,
1869 1130 3068 1190 um das seelische Erleben der jungen Frau hinsichtlich des Ehe¬
1884 1170 3072 1239 ruches, ihre Abenteuerlust, ihre Begehrlichkeit, ihre innere Zwie¬
1881 1228 2786 1300 pältigkeit und Unruhe ins rechte Licht zu rücken.
1980 1260 3066 1338 Die körperliche Vereinigung sollte stets lediglich der natür¬
1874 1311 3075 1382 liche Ausfluß innigster seelischer Gemeinschaft sein. Ein Verfall
1879 1382 3072 1440 dieser Auffassung hat leider in weitesten Schichten Platz
1876 1413 3082 1487 gegriffen. Diesen Kreisen wird durch diese Aufführung
1875 1477 3068 1531 die ganze Jämmerlichkeit des in ihrer Mitte mehr und mehr
1873 1526 3066 1580 einreißenden sittlichen Tiesstandes nachdrücklichst vorgeführt. Es
1873 1573 3073 1634 wird gezeigt, wie durch einen unedleu und unvollkommenen Genuß
1873 1620 3068 1680 des Augenblicks gedankenlos und würdelos zu Boden getreten
1871 1663 3067 1724 wird, was der Menschheit das Heiligste sein sollte. Die Wieder¬
1879 1714 3066 1775 holung der nämlichen Redewendung seitens der nämlichen
1878 1764 3075 1818 Person bei zwei verschiedenen Anlässen und die Wieder¬
1870 1810 3074 1863 kehr solcher Wendungen bei verschiedenen Personen in ähn¬
1885 1856 3078 1916 icher Lage kennzeichnen treffend jenen Mangel an Eigenart
1882 1903 3069 1966 und Selbständigkeit, auf dem der geringe Persönlichkeitswert
1876 1947 3069 2013 Ds-Durchschnittsmenschen unserer Zeit beruht. Diese Entwürdigung
1873 2003 3073 2054 des Geschlechtsverkehrs zur Alltäglichkeit, zur Laune, zum Leicht¬
1882 2050 3070 2105 inn, zum Abenteuer, dies Fehlen jeder großen, tiefen, sittlich
1868 2099 3072 2178 begründeten, echten, edlen Leidenschaft wirken erschütternd, weil
1879 2145 2570 2224 sie auf richtiger Beobachtung beruhen.
1976 2204 3067 2276 Inmitten der einzelnen Bilder, wenn zur Andeutung der
1878 2258 3065 2318 sich vollziehenden Vereinigung der Vorhang auf wenige Sekunden
1874 2303 3067 2366 sich schließt, und zwischen den einzelnen Bildern ertön
1877 2357 3064 2415 eine Musik von Celesta und Cello oder Geige und Flöte. Diese
1873 2399 3066 2466 Musik lehnt sich an keine Kunstform an und ist dazu bestimmt,
1873 2455 3066 2504 mit ihren erotischen Phrasen die Stimmung festzuhalten, die in
1874 2500 3065 2574 dem Augenblick herrscht, in dem der Vorhang den Fortgang der
1878 2537 2322 2617 Handlung verhüllen soll.
1976 2594 3070 2672 Die Wirkung der Aufführung soll nach der erklärten Ab¬
1884 2659 3064 2728 icht der Antragsgegner gipfeln in der Erzielung eines sittlichen
1880 2705 3071 2787 Ekels vor dem Tiefstand der Haltung weitester Bevölkerungs¬
1882 2757 3061 2811 chichten auf dem Gebiete des Geschlechtslebens. Auf diesen
1881 2799 3062 2866 Erfolg ist jede Einzelheit berechnet. Dieser Erfolg wird bei jedem
1877 2851 3062 2912 reifen, gebildeten Zuschauer auch erzielt. Vor allem beruht
1880 2901 3061 2951 diese Wirkung auf der ernsten Hingabe der Antragsgegner
1874 2949 3063 3014 an ihre Aufgabe und auf ihrer überlegenen Kenntnis der Wirkung
1877 2997 3061 3051 der szenischen Darstellung Auch mag die Benutzung des von
1871 3041 3067 3095 Max Reinhardt verfaßten Regiebuches ihnen wertvolle Dienste
1879 3090 3057 3157 geleistet haben. In der zweiten vom Gericht besichtigten Auf.
1882 3139 3061 3193 ührung verloren im vierten Bilde der weibliche Teil, im neunten
1874 3186 3057 3262 Bilde beide Teile die Haltung, indem sie gerade an Stellen von
1874 3233 3059 3285 entscheidender Bedeutung ohne jeden Zusammenhang mit ihrer
1863 3279 3066 3335 Rolle in den Zuschauerraum hineinlachten. Es ist kennzeichnend
1863 3328 3054 3386 für den hohen Stand der Aufführung, daß durch diese an sich
1872 3373 3059 3444 sehr bedauerlichen Entgleitungen der Gesamtwirkung kein Abbruch
1861 3424 2899 3496 geschah. So bedentet diese Aufführung eine sittliche Tat.
1974 3488 3061 3558 Es besteht zwar die Gefahr, daß der „Reigen“ auf unreise
1864 3535 3059 3589 oder unzmreichend gebildete oder schlecht erzogene oder sittlich ver¬
1864 3582 3056 3642 dorbeue Menschen einen Einfluß dahin ausübt, daß sie sich auf
1863 3626 3062 3685 die hier gegeißelte Auffassung von der Bedeutung des Geschlechts¬
1869 3678 3062 3741 lebens einstellen. Doch kann jedes Kunstwerk, welches eine An¬
1869 3730 3049 3786 deutung des Geschlechtlichen auch nur zuläßt, auf diese miß
1871 3778 2650 3830 bräuchliche Weise ausgenommen werden.
2649 3775 3063 3842 Ferner wird die
1859 3819 3054 3874 Meinung vertreten, die Erörterung solcher Dinge auf der
1857 3866 2703 3932 Bühne sei an sich in sittlicher Hinsicht
2756 3866 3062 3936 anstößig. Diese
1858 3915 3058 3978 Meinung ist unzutreffend. Vielmehr kann es für die Auf¬
1860 3966 3053 4018 haltung des sittlichen Verfalls nur förderlich sein, diese Dinge so
1872 4013 3047 4066 urückhaltend und sachlich und zugleich so deutlich und rücksichtslos
1868 4066 3046 4110 anfzudecken und zur Erörterung zu stellen, wie es hier geschiebt
3168 617 3310 686 2. Fet
3210 677 3297 764 Jede
3096 730 3300 811 paßte dann
3098 794 3314 856 an. Für de
3094 847 3303 905 das Prima
3093 891 3298 956 Vollendung
3100 939 3293 1005 befreienden
3095 1027 3292 1098 Denkens 1
3100 1082 3278 1146 befreiende
3108 1135 3274 1194 erwarten,
3106 1181 3269 1246 Irrtümer
3098 1229 3293 1286 weg weiter
3107 1276 3295 1343 solche Ger
3202 1325 3296 1388 Mai
3099 1365 3296 1449 es nur D
3102 1450 3288 1528 Gebiet, der
3104 1511 3304 1579 gibt Meist.
3107 1559 3304 1628 gabe gefolg
3104 1610 3308 1674 haltens wä.
3092 1660 3304 1721 wieder zu r
3096 1709 3309 1770 noch manche
3204 1756 3321 1810 So w
3090 1792 3216 1860 Willen
3229 1794 3318 1868 zum
3220 1851 3330 1908 Vertra
3097 1851 3200 1916 lichen
3172 1899 3321 1958 indem
3096 1906 3177 1961 auf,
3103 1947 3312 2010 allergrößten
3092 1992 3315 2058 sind! Doch
3096 2032 3309 2096 dem Tode
3102 2087 3345 2153 Menschenschilt
3095 2140 3323 2204 ja überhaupt
3097 2187 3274 2252 zu lassen.
3093 2266 3331 2344 beginn eben
3093 2330 3352 2398 enden und d
3093 2373 3305 2446 gleiten ließ.
3109 2420 3345 2487 ewühlten Ze
3245 2472 3344 2538 deutse
3091 2473 3247 2534 Epiker
3095 2523 3336 2582 anschauungen
3093 2570 3333 2634 zisch=deutschen
3097 2617 3352 2680 Umweg durch
3096 2664 3348 2729 eigenen Zeit
3092 2716 3310 2776 indem er
3093 2760 3322 2825 und seiner
3088 2806 3351 2874 und im bürger
3099 2851 3363 2920 und gelöst fan
3099 2903 3359 2969 Bürgers die 6
3099 2946 3365 3014 und die Bestät
3092 3001 3346 3060 kann sich noch
3090 3047 3345 3109 das haben ja
3089 3094 3368 3159 Geschehens ber
3098 3178 3278 3253 schauriges,
3281 3194 3372 3247 w
3089 3233 3367 3297 winkendes Mo
3082 3285 3354 3347 Fechters mit d
3090 3329 3356 3399 bild unserer
3199 3378 3342 3433 An die
3076 3396 3350 3487 weder die Raf
3088 3472 3345 3539 armen Franzos
3087 3515 3353 3578 Nationen nur
3089 3564 3357 3628 des Engländer
3200 3611 3344 3674 Eine so
3082 3653 3360 3724 lose Beschränkts
3082 3704 3363 3772 vielleicht nur
3086 3750 3294 3817 Renato
3091 3797 3333 3872 etterato) zu
3290 3829 3363 3902 der
3156 3854 3275 3913 Auf
3078 3883 3346 3962 würdigsten Kri
3088 3946 3344 4015 ein sorgsam ge
3083 3995 3355 4059 schlicht gekämm
3083 4040 3349 4101 Seite ist die 2
3095 4090 3220 4130 K
