3532 4224
393 134 543 232 11.
590 133 918 249 Reigen
1089 146 1509 220 box 18/3
984 864 2416 962 Menschenleibern noch die abnormale Erwärmung des bloßen Neben¬
996 950 2429 1016 einander bestehen kann wie einst, bleibe dahingestellt. Damals,
991 1004 2421 1067 vor achtzehn Jahren, als Schnitzlers heimlich gedrucktes Buch
984 1070 2429 1145 öffentliches Aufsehen erregte, hat es Derartiges ganz stark und
996 1129 2424 1189 unzweifelhaft gegeben. Fragen, die man in Norddeutschland etwa
984 1183 2419 1242 nie zu berühren gewagt hätte (wo es doch geschah, fiel mit der
993 1240 2410 1313 brutalen Eindeutigkeit der Antwort auch die Frage in sich zu¬
996 1299 2405 1365 sammen!), waren in jener über den geographischen Breitenunter¬
999 1358 2415 1433 schied hinaus südlicheren Atmosphäre restlos, selbstverständlich
994 1426 2419 1488 zu klären. Die laue wiener Luft, die ein gut Teil Arbeitskraft
995 1477 2412 1546 und Schaffensdrang in dieser Stadt von jeher lahmgelegt hat, ge¬
995 1541 2413 1601 währleistet geradezu in diesem einen Punkt etwas wie Tradition,
994 1597 2413 1664 Sendung, Priesteramt — Größe. In diesem Eldorado der Sinnen¬
993 1657 2421 1714 liebe scheint, aller zeitlichen Grenzen spottend, die elementare
991 1725 2421 1793 kulthafte Naturgebundenheit der Antike weiterzubestehen. Und
990 1774 2414 1847 darum ist gerade in diesem Punkte Mitteleuropas für eine an sich
995 1835 2419 1904 temperamentlosere Rasse die authentische Möglichkeit geboten, die
993 1894 2414 1960 Seelenzustände des diskretesten Moments, ganz unabgelenkt, ohne
988 1955 2416 2018 sentimentalische Beschönigungsversuche oder satirische Pseudo¬
993 2010 2408 2094 Uberlegenheit zu prüfen. Es ist sehr bezeichnend, daß Schnitzler
991 2070 2416 2145 der alle Regungen, die man als „wienerisch zusammenfaßt, bis in
985 2132 2414 2198 ihre feinsten Verästelungen kennt, ein im ästhetischen Sinne
1000 2192 2419 2244 einigermaßen schiefes Werk schuf, als er das echte unverfälschte
998 2240 2420 2314 Milieu seines Anatol verließ, um in Liebelei das erotische
995 2308 2419 2374 Problem zur Tragik zu steigern. Diese „Christin“, die an
992 2360 2418 2439 ihrer blinden Liebe zugrunde geht, ist in dem Augenblick, da der
1000 2424 2410 2486 Dichter die Binde von ihren Augen sinken läßt, da sie ihren Fall¬
1001 2480 2414 2560 erkennt, „durchschaut, nicht mehr die urwüchsige rührende Mäd¬
999 2546 2424 2612 chengestalt des Anfangs. Denn sie verleugnet zuletzt ihre Natur,
994 2598 2413 2675 das Wienerische ihres Wesens. Es ist verkehrt, fast ein Wider¬
1000 2658 2406 2730 spruch in sich selbst, daß eine wiener Liebelei jene große Auf¬
994 2722 2422 2795 regung eines einzigen Menschenkindes gegen das Schicksal im
1004 2776 2413 2853 Gefolge haben soll, die man Tragik nennt. Dazu ist das Ein¬
1002 2836 2414 2914 andergreifen der Geschlechter auf diesem seinem klassischen Schau¬
992 2893 2411 2962 platz viel zu sehr Spiel, Gleiten, Tanz — Reigen. Der
1003 2958 2417 3026 einzelne Tänzer, der hier teilnimmt, fühlt sich — bescheiden und
989 3016 2421 3077 bequem zugleich — nur als an sich unwichtiges Glied der Kette
998 3133 2408 3200 eine hervorragendere Rolle zu spielen als irgend ein anderer
991 3199 2419 3264 Partner. Diese weitläufige vielverzweigte sexuelle Verwandtschaft,
997 3260 2418 3318 das eben ist die geheiligte Tradition. Sie zu wahren, ist die still¬
1002 3308 2417 3382 schweigende Ubereinkunft der Wiener. Darum ist Schnitzlers
989 3370 2418 3444 Reigen das unverkennbare Sinnbild dieser Stadt und der in ihr
996 3438 1753 3521 heimischen ungeschminkten Erotik.
3014 869 3160 960 Aber
2930 937 3147 1010 sondere Be
2925 998 3089 1074 geblich
2922 1066 3093 1130 gisch zi
2915 1117 3097 1185 verküns
2918 1234 3063 1302 schnitt
2923 1293 3051 1370 Das E
2929 1350 3097 1432 den Ges
2923 1421 3152 1490 terung fan
2913 1472 3048 1541 gewei
2929 1531 3039 1602 diese
2916 1587 3049 1664 der
2919 1658 3029 1721 sogel
2924 1710 3033 1773 das
2931 1768 2993 1832 Me
2920 1838 3000 1901 gen
2931 1889 3004 1955 von
2923 1939 2999 2011 che
2921 2005 3002 2070 res
2929 2123 3048 2192 dem
2917 2183 2997 2248 Pre
2929 2297 3034 2362 nicht
2929 2351 3033 2420 Brau
2920 2413 2995 2483 Du
2924 2528 3001 2601 her
2921 2593 2991 2651 Sch
2930 2646 3001 2724 den
2927 2724 2998 2789 not
2917 2773 3000 2851 Lei
2921 2893 3114 2968 langloser
2922 2953 3128 3022 auf, welc
2924 3065 3122 3129 vor dem
2935 3118 3153 3204 (die „drar
2930 3181 3157 3259 werden kö
2924 3236 3167 3320 ihnen hält
2925 3301 3141 3383 ist; nur v
2927 3360 3160 3431 nicht Erns
2924 3423 3167 3510 Aufgabe la
