<?xml version="1.0" encoding="UTF-8" standalone="yes"?>
<PcGts xmlns="http://schema.primaresearch.org/PAGE/gts/pagecontent/2013-07-15" xmlns:xsi="http://www.w3.org/2001/XMLSchema-instance" xsi:schemaLocation="http://schema.primaresearch.org/PAGE/gts/pagecontent/2013-07-15 http://schema.primaresearch.org/PAGE/gts/pagecontent/2013-07-15/pagecontent.xsd">
    <Metadata>
        <Creator>prov=University of Rostock/Institute of Mathematics/CITlab/Gundram Leifert/gundram.leifert@uni-rostock.de:name=ONB_Newseye_GT_M1+(htr_id=10810)::::v=2.4.3
prov=University of Rostock/Institute of Mathematics/CITlab/Tobias Gruening/tobias.gruening@uni-rostock.de:name=de.uros.citlab.module.baseline2polygon.B2PSeamMultiOriented:v=2.4.3
prov=University of Rostock/Institute of Mathematics/CITlab/Tobias Gruening/tobias.gruening@uni-rostock.de:name=/net_tf/LA73_249_0mod360.pb:de.uros.citlab.segmentation.CITlab_LA_ML:v=2.4.3
Transkribus</Creator>
        <Created>2019-10-07T11:39:55.851+02:00</Created>
        <LastChange>2019-12-04T20:29:42.113+01:00</LastChange>
        <TranskribusMetadata docId="223982" pageId="9504074" pageNr="617" tsid="20412715" status="IN_PROGRESS" userId="40391" imgUrl="https://files.transkribus.eu/Get?id=YNTGEWWMBBYQDXJLYQFGHOER&amp;fileType=view" xmlUrl="https://files.transkribus.eu/Get?id=YXAXCVCMCEYAZVQKBCLBGCFN" imageId="6194288"/>
    </Metadata>
    <Page imageFilename="223982_0617.jpeg" imageWidth="3392" imageHeight="4448">
        <ReadingOrder>
            <OrderedGroup id="ro_1711448575732" caption="Regions reading order">
                <RegionRefIndexed index="0" regionRef="r1"/>
                <RegionRefIndexed index="1" regionRef="r2"/>
                <RegionRefIndexed index="2" regionRef="r3"/>
            </OrderedGroup>
        </ReadingOrder>
        <TextRegion orientation="0.0" id="r1" custom="readingOrder {index:0;}">
            <Coords points="420,171 420,2133 1563,2133 1563,171"/>
            <TextLine id="r1l1" custom="readingOrder {index:0;}">
                <Coords points="426,206 1562,222 1562,135 1500,123 1140,159 426,138"/>
                <Baseline points="433,195 489,195 545,196 601,196 657,197 713,197 769,197 825,197 881,197 937,196 993,196 1049,196 1105,196 1161,195 1217,195 1273,195 1329,195 1385,195 1441,194 1497,194 1554,195"/>
                <TextEquiv>
                    <Unicode>Das Ende der Aufführungen des „Reigen“,</Unicode>
                </TextEquiv>
            </TextLine>
            <TextLine id="r1l2" custom="readingOrder {index:1;}">
                <Coords points="617,281 1413,269 1412,226 1377,210 617,219"/>
                <Baseline points="624,260 663,261 702,261 741,261 780,262 819,262 858,262 897,262 936,262 975,262 1014,262 1053,262 1092,261 1131,261 1170,260 1209,260 1248,259 1287,258 1326,257 1365,256 1405,254"/>
                <TextEquiv>
                    <Unicode>Verbot durch die Polizeibehörde.</Unicode>
                </TextEquiv>
            </TextLine>
            <TextLine id="r1l3" custom="readingOrder {index:2;}">
                <Coords points="1169,329 1363,313 1394,330 1431,309 1530,318 1530,281 1500,272 1483,282 1442,261 1383,274 1340,264 1278,283 1169,275"/>
                <Baseline points="1177,310 1203,310 1230,310 1256,310 1283,310 1309,309 1336,308 1362,308 1389,308 1415,307 1442,307 1468,308 1495,308 1522,310"/>
                <TextEquiv>
                    <Unicode>Wien, 17. Februar.</Unicode>
                </TextEquiv>
            </TextLine>
            <TextLine id="r1l4" custom="readingOrder {index:3;}">
                <Coords points="524,376 1475,387 1569,376 1569,339 523,335"/>
                <Baseline points="531,371 582,372 634,372 685,373 737,373 788,373 840,373 891,373 943,372 994,372 1046,372 1097,371 1149,371 1200,371 1252,370 1303,370 1355,369 1406,369 1458,369 1509,369 1561,369"/>
                <TextEquiv>
                    <Unicode>Die Polizeibehörde hat aus den gestrigen Sturmszenen</Unicode>
                </TextEquiv>
            </TextLine>
            <TextLine id="r1l5" custom="readingOrder {index:4;}">
                <Coords points="440,426 1560,429 1559,379 1448,371 440,376"/>
                <Baseline points="448,418 503,419 558,420 613,420 668,421 724,421 779,421 834,421 889,420 944,420 1000,419 1055,419 1110,418 1165,418 1220,417 1276,416 1331,416 1386,416 1441,415 1496,415 1552,415"/>
                <TextEquiv>
                    <Unicode>in den Kammerspielen, aus jenen brutalen Gewalttätigkeiten,</Unicode>
                </TextEquiv>
            </TextLine>
            <TextLine id="r1l6" custom="readingOrder {index:5;}">
                <Coords points="438,470 1571,478 1530,419 437,426"/>
                <Baseline points="445,465 500,466 556,466 612,467 668,467 724,467 780,467 836,467 892,467 948,466 1004,466 1059,465 1115,464 1171,464 1227,463 1283,462 1339,462 1395,461 1451,461 1507,461 1563,461"/>
                <TextEquiv>
                    <Unicode>die den Zuschauerraum eines hauptstädtischen Theaters in</Unicode>
                </TextEquiv>
            </TextLine>
            <TextLine id="r1l7" custom="readingOrder {index:6;}">
                <Coords points="438,519 1569,508 1539,466 1332,454 1250,493 438,470"/>
                <Baseline points="446,511 501,512 557,513 613,513 669,514 725,514 780,514 836,514 892,514 948,513 1004,513 1059,512 1115,512 1171,511 1227,510 1283,509 1338,509 1394,508 1450,507 1506,507 1562,506"/>
                <TextEquiv>
                    <Unicode>die von wüstem Lärm durchtobte Stube eines Dorfwirts¬</Unicode>
                </TextEquiv>
            </TextLine>
            <TextLine id="r1l8" custom="readingOrder {index:7;}">
                <Coords points="440,576 1567,561 1531,514 440,519"/>
                <Baseline points="447,559 502,559 558,559 613,560 669,560 725,560 780,560 836,560 891,560 947,559 1003,559 1058,559 1114,559 1169,558 1225,558 1281,558 1336,557 1392,556 1447,556 1503,555 1559,554"/>
                <TextEquiv>
                    <Unicode>hauses verwandelt haben, die Konsequenzen gezogen und die</Unicode>
                </TextEquiv>
            </TextLine>
            <TextLine id="r1l9" custom="readingOrder {index:8;}">
                <Coords points="437,610 1526,621 1564,565 437,576"/>
                <Baseline points="445,604 500,604 556,605 611,606 667,606 722,606 778,606 833,606 889,606 944,606 1000,605 1056,605 1111,605 1167,604 1222,603 1278,603 1333,603 1389,602 1444,602 1500,601 1556,601"/>
                <TextEquiv>
                    <Unicode>weiteren Aufführungen von Schnitzlers „Reigen“ untersagt.</Unicode>
                </TextEquiv>
            </TextLine>
            <TextLine id="r1l10" custom="readingOrder {index:9;}">
                <Coords points="430,656 1567,667 1567,611 1469,604 430,609"/>
                <Baseline points="437,650 493,651 549,652 605,652 661,653 717,653 773,653 830,653 886,652 942,652 998,651 1054,651 1110,650 1166,650 1223,649 1279,649 1335,649 1391,649 1447,649 1503,649 1560,649"/>
                <TextEquiv>
                    <Unicode>Die Sicherheit von Publikum und Darstellern war gefährdet,</Unicode>
                </TextEquiv>
            </TextLine>
            <TextLine id="r1l11" custom="readingOrder {index:10;}">
                <Coords points="435,705 1560,694 1499,652 435,655"/>
                <Baseline points="442,696 497,697 553,698 608,698 664,698 719,698 775,699 830,699 886,698 941,698 997,698 1053,698 1108,697 1164,697 1219,696 1275,696 1330,695 1386,694 1441,694 1497,693 1553,693"/>
                <TextEquiv>
                    <Unicode>darum hat man sich über juristische Bedenken und über Ver¬</Unicode>
                </TextEquiv>
            </TextLine>
            <TextLine id="r1l12" custom="readingOrder {index:11;}">
                <Coords points="447,749 1520,761 1569,712 446,707"/>
                <Baseline points="454,743 509,744 564,744 620,744 675,745 731,745 786,745 841,745 897,745 952,744 1008,744 1063,744 1118,744 1174,743 1229,743 1285,742 1340,742 1395,741 1451,741 1506,740 1562,739"/>
                <TextEquiv>
                    <Unicode>assungsschwierigkeiten, über den Kompetenzkonflikt zwischen</Unicode>
                </TextEquiv>
            </TextLine>
            <TextLine id="r1l13" custom="readingOrder {index:12;}">
                <Coords points="433,800 743,825 866,784 1095,813 1231,782 1505,812 1553,799 1553,757 432,753"/>
                <Baseline points="440,787 495,788 550,789 605,790 661,790 716,791 771,791 827,791 882,791 937,791 993,790 1048,790 1103,789 1158,789 1214,788 1269,788 1324,787 1380,787 1435,787 1490,787 1546,787"/>
                <TextEquiv>
                    <Unicode>Bundesregierung und Landeshauptmann kurzerhand hin¬</Unicode>
                </TextEquiv>
            </TextLine>
            <TextLine id="r1l14" custom="readingOrder {index:13;}">
                <Coords points="429,844 460,847 469,841 504,858 538,840 569,845 583,855 599,841 626,844 626,810 595,796 569,806 548,794 502,809 490,800 481,808 430,799"/>
                <Baseline points="436,835 462,836 488,836 514,837 540,838 566,838 592,838 618,837"/>
                <TextEquiv>
                    <Unicode>weggesetzt.</Unicode>
                </TextEquiv>
            </TextLine>
            <TextLine id="r1l15" custom="readingOrder {index:14;}">
                <Coords points="524,898 1503,900 1558,889 1558,829 524,843"/>
                <Baseline points="531,883 582,883 633,883 684,884 735,884 786,884 837,884 888,884 939,884 990,884 1041,884 1092,884 1143,884 1194,883 1245,883 1296,883 1347,882 1398,882 1449,881 1500,881 1551,880"/>
                <TextEquiv>
                    <Unicode>Das vorläufige Ende der „Reigen“=Affäre sichert die</Unicode>
                </TextEquiv>
            </TextLine>
            <TextLine id="r1l16" custom="readingOrder {index:15;}">
                <Coords points="423,943 1562,942 1562,898 1485,890 423,883"/>
                <Baseline points="431,929 487,930 543,930 599,931 655,931 711,931 767,932 824,932 880,932 936,932 992,932 1048,932 1104,932 1160,932 1217,931 1273,931 1329,931 1385,931 1441,930 1497,930 1554,930"/>
                <TextEquiv>
                    <Unicode>Bewohner der Umgegend des Theaters davor, Augenzeugen</Unicode>
                </TextEquiv>
            </TextLine>
            <TextLine id="r1l17" custom="readingOrder {index:16;}">
                <Coords points="436,998 1500,995 1559,992 1559,946 436,951"/>
                <Baseline points="444,979 499,979 554,979 610,980 665,980 721,980 776,980 831,981 887,981 942,981 998,981 1053,981 1108,980 1164,980 1219,980 1275,980 1330,980 1385,980 1441,979 1496,979 1552,979"/>
                <TextEquiv>
                    <Unicode>unwürdiger Lärmszenen zu sein und zuschauen zu müssen,</Unicode>
                </TextEquiv>
            </TextLine>
            <TextLine id="r1l18" custom="readingOrder {index:17;}">
                <Coords points="423,1029 1554,1033 1520,983 423,994"/>
                <Baseline points="431,1025 486,1025 542,1026 598,1027 654,1027 710,1027 765,1028 821,1028 877,1028 933,1028 989,1028 1044,1028 1100,1028 1156,1028 1212,1028 1268,1028 1323,1027 1379,1026 1435,1026 1491,1025 1547,1024"/>
                <TextEquiv>
                    <Unicode>wie Theaterbesucher, Männer und Frauen, mit angst¬</Unicode>
                </TextEquiv>
            </TextLine>
            <TextLine id="r1l19" custom="readingOrder {index:18;}">
                <Coords points="435,1084 1515,1091 1559,1085 1559,1036 435,1041"/>
                <Baseline points="443,1074 498,1074 553,1074 609,1075 664,1075 720,1075 775,1075 830,1075 886,1075 941,1076 997,1076 1052,1076 1107,1076 1163,1076 1218,1076 1274,1075 1329,1075 1384,1075 1440,1074 1495,1073 1551,1072"/>
                <TextEquiv>
                    <Unicode>verzerrten Mienen, ohne Ueberkleider durch die Straßen</Unicode>
                </TextEquiv>
            </TextLine>
            <TextLine id="r1l20" custom="readingOrder {index:19;}">
                <Coords points="432,1133 1560,1129 1560,1092 1473,1077 432,1085"/>
                <Baseline points="439,1122 494,1122 550,1122 605,1122 661,1123 717,1123 772,1123 828,1123 884,1123 939,1123 995,1123 1051,1123 1106,1123 1162,1123 1218,1123 1273,1123 1329,1123 1385,1123 1440,1122 1496,1122 1552,1122"/>
                <TextEquiv>
                    <Unicode>eilen, verfolgt von knüppelbewehrten Rohlingen, die ihnen</Unicode>
                </TextEquiv>
            </TextLine>
            <TextLine id="r1l21" custom="readingOrder {index:20;}">
                <Coords points="439,1176 1271,1192 1360,1163 1524,1192 1560,1187 1560,1129 439,1142"/>
                <Baseline points="446,1169 501,1169 556,1170 611,1170 667,1170 722,1171 777,1171 833,1171 888,1171 943,1171 999,1171 1054,1171 1109,1171 1164,1171 1220,1171 1275,1171 1330,1170 1386,1170 1441,1170 1496,1170 1552,1170"/>
                <TextEquiv>
                    <Unicode>angeblich zum Schutze der bedrohten Sittlichkeit den Kopf</Unicode>
                </TextEquiv>
            </TextLine>
            <TextLine id="r1l22" custom="readingOrder {index:21;}">
                <Coords points="439,1227 1560,1236 1539,1175 439,1176"/>
                <Baseline points="446,1216 501,1216 556,1217 611,1217 667,1218 722,1218 777,1219 833,1219 888,1219 943,1219 999,1219 1054,1219 1109,1219 1164,1219 1220,1219 1275,1219 1330,1219 1386,1218 1441,1218 1496,1218 1552,1218"/>
                <TextEquiv>
                    <Unicode>einschlagen wollen. Jene jungen Leute, die gestern nach</Unicode>
                </TextEquiv>
            </TextLine>
            <TextLine id="r1l23" custom="readingOrder {index:22;}">
                <Coords points="428,1274 1557,1266 1557,1236 1464,1217 428,1231"/>
                <Baseline points="435,1263 490,1263 546,1264 602,1265 658,1265 713,1266 769,1266 825,1267 881,1267 936,1267 992,1267 1048,1267 1104,1267 1159,1266 1215,1266 1271,1266 1327,1266 1382,1265 1438,1265 1494,1265 1550,1265"/>
                <TextEquiv>
                    <Unicode>einem wohlerwogenen Plan, welcher der Generalstabs¬</Unicode>
                </TextEquiv>
            </TextLine>
            <TextLine id="r1l24" custom="readingOrder {index:23;}">
                <Coords points="438,1320 1552,1326 1552,1282 1490,1270 1414,1301 1362,1271 982,1297 438,1270"/>
                <Baseline points="446,1311 500,1312 555,1312 610,1313 665,1313 720,1313 775,1313 830,1314 885,1314 940,1314 995,1314 1049,1314 1104,1314 1159,1314 1214,1314 1269,1314 1324,1314 1379,1314 1434,1314 1489,1314 1544,1314"/>
                <TextEquiv>
                    <Unicode>strategie der Kriegsjahre alle Ehre gemacht hätte,</Unicode>
                </TextEquiv>
            </TextLine>
            <TextLine id="r1l25" custom="readingOrder {index:24;}">
                <Coords points="435,1365 1408,1382 1557,1375 1558,1321 435,1328"/>
                <Baseline points="443,1358 498,1359 553,1359 609,1360 664,1360 719,1361 775,1361 830,1361 885,1361 941,1362 996,1362 1051,1362 1107,1362 1162,1362 1217,1362 1273,1362 1328,1362 1383,1362 1439,1362 1494,1362 1550,1362"/>
                <TextEquiv>
                    <Unicode>das Theater umzingelten, sich mit Gesinnungsgenossen,</Unicode>
                </TextEquiv>
            </TextLine>
            <TextLine id="r1l26" custom="readingOrder {index:25;}">
                <Coords points="430,1411 1255,1428 1412,1398 1551,1429 1551,1373 1473,1365 430,1363"/>
                <Baseline points="438,1405 493,1406 548,1407 603,1408 659,1408 714,1409 769,1409 825,1410 880,1410 935,1410 991,1410 1046,1410 1101,1410 1156,1410 1212,1410 1267,1410 1322,1410 1378,1410 1433,1410 1488,1410 1544,1410"/>
                <TextEquiv>
                    <Unicode>die Einlaß in die zu erstürmende Festung erlangt</Unicode>
                </TextEquiv>
            </TextLine>
            <TextLine id="r1l27" custom="readingOrder {index:26;}">
                <Coords points="425,1468 1549,1470 1549,1416 1429,1409 1036,1438 425,1410"/>
                <Baseline points="432,1452 487,1452 543,1453 598,1453 654,1454 709,1454 765,1454 820,1455 876,1455 931,1455 987,1455 1042,1455 1098,1455 1153,1455 1209,1455 1264,1455 1320,1455 1375,1455 1431,1454 1486,1454 1542,1454"/>
                <TextEquiv>
                    <Unicode>hatten, ins Einvernehmen setzten und dann in einem Angriff</Unicode>
                </TextEquiv>
            </TextLine>
            <TextLine id="r1l28" custom="readingOrder {index:27;}">
                <Coords points="424,1513 1554,1513 1554,1470 1437,1457 424,1468"/>
                <Baseline points="431,1500 486,1501 542,1502 598,1502 654,1503 709,1503 765,1504 821,1504 877,1504 932,1505 988,1505 1044,1505 1100,1505 1155,1505 1211,1505 1267,1505 1323,1505 1378,1505 1434,1504 1490,1504 1546,1504"/>
                <TextEquiv>
                    <Unicode>von kaum zu überbietendem Elan die Polizeimannschaft</Unicode>
                </TextEquiv>
            </TextLine>
            <TextLine id="r1l29" custom="readingOrder {index:28;}">
                <Coords points="421,1563 1526,1569 1553,1515 421,1512"/>
                <Baseline points="428,1547 483,1548 539,1549 595,1549 651,1550 707,1551 763,1551 818,1551 874,1552 930,1552 986,1552 1042,1552 1098,1553 1154,1553 1209,1553 1265,1553 1321,1553 1377,1552 1433,1552 1489,1552 1545,1552"/>
                <TextEquiv>
                    <Unicode>überrannten, sind für ihr Unternehmen angespornt</Unicode>
                </TextEquiv>
            </TextLine>
            <TextLine id="r1l30" custom="readingOrder {index:29;}">
                <Coords points="423,1618 518,1577 883,1619 1559,1613 1559,1558 423,1563"/>
                <Baseline points="430,1597 486,1597 542,1596 598,1596 654,1596 710,1596 766,1596 822,1597 878,1597 934,1598 991,1598 1047,1599 1103,1599 1159,1600 1215,1600 1271,1600 1327,1600 1383,1600 1439,1599 1495,1598 1552,1597"/>
                <TextEquiv>
                    <Unicode>und vorbereitet worden. Die Hetze gegen den</Unicode>
                </TextEquiv>
            </TextLine>
            <TextLine id="r1l31" custom="readingOrder {index:30;}">
                <Coords points="426,1650 1475,1666 1557,1653 1558,1617 426,1616"/>
                <Baseline points="434,1643 489,1642 545,1642 601,1642 657,1642 713,1643 768,1643 824,1643 880,1643 936,1644 992,1644 1047,1644 1103,1645 1159,1645 1215,1645 1271,1645 1326,1645 1382,1645 1438,1645 1494,1645 1550,1645"/>
                <TextEquiv>
                    <Unicode>„Reigen“ wird dadurch nicht weniger abstoßend, daß gegen</Unicode>
                </TextEquiv>
            </TextLine>
            <TextLine id="r1l32" custom="readingOrder {index:31;}">
                <Coords points="423,1693 1478,1713 1557,1709 1558,1658 423,1650"/>
                <Baseline points="430,1688 486,1689 542,1689 598,1689 654,1690 710,1690 766,1690 822,1691 878,1691 934,1691 990,1692 1046,1692 1102,1692 1158,1692 1214,1692 1270,1692 1326,1692 1382,1692 1438,1692 1494,1692 1550,1691"/>
                <TextEquiv>
                    <Unicode>die öffentlichen Aufführungen dieser Dialoge schwerwiegende</Unicode>
                </TextEquiv>
            </TextLine>
            <TextLine id="r1l33" custom="readingOrder {index:32;}">
                <Coords points="427,1741 1557,1756 1557,1709 1423,1693 428,1694"/>
                <Baseline points="434,1735 489,1736 545,1736 601,1737 657,1737 712,1737 768,1738 824,1738 880,1738 935,1739 991,1739 1047,1739 1103,1739 1158,1739 1214,1740 1270,1740 1326,1740 1381,1740 1437,1740 1493,1740 1549,1740"/>
                <TextEquiv>
                    <Unicode>Bedenken obwalteten und der Massenandrang in die</Unicode>
                </TextEquiv>
            </TextLine>
            <TextLine id="r1l34" custom="readingOrder {index:33;}">
                <Coords points="413,1790 1529,1815 1562,1753 413,1745"/>
                <Baseline points="420,1783 476,1784 533,1784 590,1785 646,1785 703,1786 760,1786 816,1786 873,1787 930,1787 987,1787 1043,1787 1100,1788 1157,1788 1213,1788 1270,1788 1327,1788 1383,1788 1440,1788 1497,1788 1554,1788"/>
                <TextEquiv>
                    <Unicode>Kammerspiele blutwenig mit künstlerischen oder literarischen</Unicode>
                </TextEquiv>
            </TextLine>
            <TextLine id="r1l35" custom="readingOrder {index:34;}">
                <Coords points="429,1852 519,1836 556,1851 753,1838 794,1856 975,1842 975,1808 947,1793 812,1791 758,1811 429,1789"/>
                <Baseline points="436,1832 462,1832 489,1832 515,1833 542,1833 569,1833 595,1833 622,1833 648,1834 675,1834 702,1834 728,1834 755,1834 781,1834 808,1835 835,1835 861,1835 888,1835 914,1835 941,1836 968,1836"/>
                <TextEquiv>
                    <Unicode>Interessen zu tun gehabt hat.</Unicode>
                </TextEquiv>
            </TextLine>
            <TextLine id="r1l36" custom="readingOrder {index:35;}">
                <Coords points="518,1880 1553,1896 1554,1844 1406,1816 1205,1849 519,1837"/>
                <Baseline points="526,1878 577,1878 628,1879 679,1879 730,1879 781,1880 832,1880 883,1881 934,1881 985,1882 1036,1882 1087,1882 1138,1883 1189,1883 1240,1883 1291,1884 1342,1884 1393,1884 1444,1884 1495,1884 1546,1883"/>
                <TextEquiv>
                    <Unicode>Die Behörden und Amtsstellen, die sich über die Ge¬</Unicode>
                </TextEquiv>
            </TextLine>
            <TextLine id="r1l37" custom="readingOrder {index:36;}">
                <Coords points="417,1936 1547,1946 1538,1890 509,1898 417,1862"/>
                <Baseline points="425,1924 480,1924 536,1925 592,1926 648,1926 703,1927 759,1927 815,1928 871,1928 926,1929 982,1929 1038,1930 1094,1930 1149,1930 1205,1931 1261,1931 1317,1931 1372,1932 1428,1932 1484,1932 1540,1932"/>
                <TextEquiv>
                    <Unicode>stattung und das Verbot des „Reigen“ in den Haaren lagen,</Unicode>
                </TextEquiv>
            </TextLine>
            <TextLine id="r1l38" custom="readingOrder {index:37;}">
                <Coords points="428,1980 1553,1995 1525,1934 428,1931"/>
                <Baseline points="435,1971 490,1971 546,1972 601,1973 657,1973 712,1974 768,1974 823,1974 879,1975 934,1975 990,1975 1046,1976 1101,1976 1157,1976 1212,1977 1268,1977 1323,1977 1379,1978 1434,1978 1490,1978 1546,1979"/>
                <TextEquiv>
                    <Unicode>sind aus einer augenblicklichen Verlegenheit befreit. Die</Unicode>
                </TextEquiv>
            </TextLine>
            <TextLine id="r1l39" custom="readingOrder {index:38;}">
                <Coords points="422,2028 1546,2039 1546,1999 1455,1979 422,1981"/>
                <Baseline points="429,2019 484,2019 539,2019 595,2019 650,2020 706,2020 761,2021 817,2021 872,2022 928,2022 983,2023 1038,2023 1094,2024 1149,2024 1205,2025 1260,2025 1316,2026 1371,2026 1427,2027 1482,2027 1538,2027"/>
                <TextEquiv>
                    <Unicode>Ausschreitungen kamen ihnen allen gleichermaßen gelegen.</Unicode>
                </TextEquiv>
            </TextLine>
            <TextLine id="r1l40" custom="readingOrder {index:39;}">
                <Coords points="419,2067 1544,2078 1533,2034 1395,2024 891,2054 419,2030"/>
                <Baseline points="427,2066 482,2067 538,2067 593,2068 649,2068 704,2069 760,2069 815,2070 871,2070 926,2070 982,2071 1037,2071 1093,2072 1148,2072 1204,2072 1259,2073 1315,2073 1370,2073 1426,2073 1481,2074 1537,2074"/>
                <TextEquiv>
                    <Unicode>Es wird sich aber zeigen, ob das Einreißen der Lynchjustiz in</Unicode>
                </TextEquiv>
            </TextLine>
            <TextLine id="r1l41" custom="readingOrder {index:40;}">
                <Coords points="413,2129 1457,2139 1544,2127 1545,2078 413,2061"/>
                <Baseline points="421,2115 476,2115 532,2116 588,2117 644,2117 700,2118 755,2118 811,2119 867,2119 923,2120 979,2120 1034,2121 1090,2121 1146,2121 1202,2121 1258,2122 1313,2122 1369,2122 1425,2122 1481,2122 1537,2122"/>
                <TextEquiv>
                    <Unicode>Kunstdingen, die Einbürgerung pogromartiger Unsitten im</Unicode>
                </TextEquiv>
            </TextLine>
            <TextEquiv>
                <Unicode>Das Ende der Aufführungen des „Reigen“,
Verbot durch die Polizeibehörde.
Wien, 17. Februar.
Die Polizeibehörde hat aus den gestrigen Sturmszenen
in den Kammerspielen, aus jenen brutalen Gewalttätigkeiten,
die den Zuschauerraum eines hauptstädtischen Theaters in
die von wüstem Lärm durchtobte Stube eines Dorfwirts¬
hauses verwandelt haben, die Konsequenzen gezogen und die
weiteren Aufführungen von Schnitzlers „Reigen“ untersagt.
Die Sicherheit von Publikum und Darstellern war gefährdet,
darum hat man sich über juristische Bedenken und über Ver¬
assungsschwierigkeiten, über den Kompetenzkonflikt zwischen
Bundesregierung und Landeshauptmann kurzerhand hin¬
weggesetzt.
Das vorläufige Ende der „Reigen“=Affäre sichert die
Bewohner der Umgegend des Theaters davor, Augenzeugen
unwürdiger Lärmszenen zu sein und zuschauen zu müssen,
wie Theaterbesucher, Männer und Frauen, mit angst¬
verzerrten Mienen, ohne Ueberkleider durch die Straßen
eilen, verfolgt von knüppelbewehrten Rohlingen, die ihnen
angeblich zum Schutze der bedrohten Sittlichkeit den Kopf
einschlagen wollen. Jene jungen Leute, die gestern nach
einem wohlerwogenen Plan, welcher der Generalstabs¬
strategie der Kriegsjahre alle Ehre gemacht hätte,
das Theater umzingelten, sich mit Gesinnungsgenossen,
die Einlaß in die zu erstürmende Festung erlangt
hatten, ins Einvernehmen setzten und dann in einem Angriff
von kaum zu überbietendem Elan die Polizeimannschaft
überrannten, sind für ihr Unternehmen angespornt
und vorbereitet worden. Die Hetze gegen den
„Reigen“ wird dadurch nicht weniger abstoßend, daß gegen
die öffentlichen Aufführungen dieser Dialoge schwerwiegende
Bedenken obwalteten und der Massenandrang in die
Kammerspiele blutwenig mit künstlerischen oder literarischen
Interessen zu tun gehabt hat.
Die Behörden und Amtsstellen, die sich über die Ge¬
stattung und das Verbot des „Reigen“ in den Haaren lagen,
sind aus einer augenblicklichen Verlegenheit befreit. Die
Ausschreitungen kamen ihnen allen gleichermaßen gelegen.
Es wird sich aber zeigen, ob das Einreißen der Lynchjustiz in
Kunstdingen, die Einbürgerung pogromartiger Unsitten im</Unicode>
            </TextEquiv>
        </TextRegion>
        <TextRegion orientation="0.0" id="r2" custom="readingOrder {index:1;}">
            <Coords points="1554,122 1554,4007 2754,4007 2754,122"/>
            <TextLine id="r2l1" custom="readingOrder {index:0;}">
                <Coords points="1695,160 2577,173 2757,156 2757,122 2346,98 1695,124"/>
                <Baseline points="1703,146 1755,147 1807,148 1859,149 1912,149 1964,149 2016,149 2069,148 2121,148 2173,147 2226,147 2278,146 2330,146 2382,145 2435,145 2487,145 2539,145 2592,145 2644,145 2696,146 2749,148"/>
                <TextEquiv>
                    <Unicode>„21I Se Aodegeie </Unicode>
                </TextEquiv>
            </TextLine>
            <TextLine id="r2l2" custom="readingOrder {index:1;}">
                <Coords points="1620,216 1722,200 2129,206 2129,157 2061,151 2013,170 1972,153 1876,151 1846,168 1620,153"/>
                <Baseline points="1628,198 1654,197 1680,197 1706,196 1732,196 1758,196 1784,196 1810,196 1836,196 1862,196 1888,196 1914,197 1940,197 1966,197 1992,197 2018,198 2044,198 2070,198 2096,198 2122,198"/>
                <TextEquiv>
                    <Unicode>Direktor der Kammerspiele.</Unicode>
                </TextEquiv>
            </TextLine>
            <TextLine id="r2l3" custom="readingOrder {index:2;}">
                <Coords points="1698,252 2744,252 2727,188 1698,204"/>
                <Baseline points="1705,243 1756,244 1808,244 1859,245 1911,245 1963,245 2014,244 2066,244 2117,244 2169,243 2221,242 2272,242 2324,241 2375,241 2427,240 2479,239 2530,238 2582,238 2633,238 2685,237 2737,237"/>
                <TextEquiv>
                    <Unicode>Die in einem Gropteil der Wiener Bevölkerung durch</Unicode>
                </TextEquiv>
            </TextLine>
            <TextLine id="r2l4" custom="readingOrder {index:3;}">
                <Coords points="1614,297 2744,295 2744,252 2671,238 1614,252"/>
                <Baseline points="1622,292 1677,292 1733,292 1789,292 1845,292 1900,292 1956,292 2012,292 2068,291 2123,291 2179,291 2235,290 2291,290 2346,289 2402,289 2458,288 2514,287 2569,286 2625,285 2681,284 2737,283"/>
                <TextEquiv>
                    <Unicode>die Aufführungen des Bühnenwerkes „Reigen“ von Artur</Unicode>
                </TextEquiv>
            </TextLine>
            <TextLine id="r2l5" custom="readingOrder {index:4;}">
                <Coords points="1605,345 2745,346 2745,298 2677,291 1605,299"/>
                <Baseline points="1612,340 1668,340 1724,340 1780,340 1837,340 1893,341 1949,341 2006,341 2062,341 2118,341 2175,340 2231,340 2287,340 2343,339 2400,339 2456,338 2512,337 2569,336 2625,334 2681,333 2738,332"/>
                <TextEquiv>
                    <Unicode>Schnitzter hervorgerusene Mißstimmung hat in der gestligen</Unicode>
                </TextEquiv>
            </TextLine>
            <TextLine id="r2l6" custom="readingOrder {index:5;}">
                <Coords points="1618,394 2751,384 2733,341 1618,346"/>
                <Baseline points="1625,387 1680,388 1736,388 1792,388 1848,388 1904,388 1960,388 2016,388 2072,388 2128,387 2184,387 2239,386 2295,385 2351,385 2407,384 2463,383 2519,382 2575,381 2631,380 2687,379 2743,378"/>
                <TextEquiv>
                    <Unicode>Vorstellung des Stuckes einen derarigen elementaren</Unicode>
                </TextEquiv>
            </TextLine>
            <TextLine id="r2l7" custom="readingOrder {index:6;}">
                <Coords points="1618,447 2685,449 2750,435 2750,396 1617,394"/>
                <Baseline points="1625,435 1680,436 1736,436 1792,437 1848,437 1904,437 1960,437 2016,437 2072,437 2128,437 2184,436 2239,436 2295,435 2351,435 2407,434 2463,433 2519,432 2575,432 2631,431 2687,430 2743,429"/>
                <TextEquiv>
                    <Unicode>Ausbruck gefunden, daß das Theater der Schauplatz wüster</Unicode>
                </TextEquiv>
            </TextLine>
            <TextLine id="r2l8" custom="readingOrder {index:7;}">
                <Coords points="1607,490 2722,495 2748,442 1606,443"/>
                <Baseline points="1614,483 1670,483 1726,484 1782,484 1839,485 1895,485 1951,485 2008,485 2064,485 2120,485 2177,484 2233,484 2289,483 2345,483 2402,482 2458,482 2514,481 2571,481 2627,480 2683,480 2740,479"/>
                <TextEquiv>
                    <Unicode>Tumuliszenen wurde und die Fortsetzung der Vorstellung</Unicode>
                </TextEquiv>
            </TextLine>
            <TextLine id="r2l9" custom="readingOrder {index:8;}">
                <Coords points="1607,543 2615,549 2738,536 2738,495 1607,501"/>
                <Baseline points="1614,532 1669,533 1725,533 1781,533 1837,534 1893,534 1948,534 2004,534 2060,533 2116,533 2172,533 2227,533 2283,532 2339,532 2395,531 2451,531 2506,530 2562,530 2618,529 2674,529 2730,528"/>
                <TextEquiv>
                    <Unicode>nicht mehr möglich war. Mit Rücksicht daluuf, daß der¬</Unicode>
                </TextEquiv>
            </TextLine>
            <TextLine id="r2l10" custom="readingOrder {index:9;}">
                <Coords points="1604,584 2645,596 2750,579 2750,541 1604,542"/>
                <Baseline points="1611,579 1667,580 1724,581 1780,582 1837,582 1894,582 1950,582 2007,582 2063,582 2120,582 2177,582 2233,581 2290,581 2346,580 2403,580 2460,579 2516,579 2573,578 2629,577 2686,577 2743,576"/>
                <TextEquiv>
                    <Unicode>arlige Vorgänge und Szenen, durch welche die persön¬</Unicode>
                </TextEquiv>
            </TextLine>
            <TextLine id="r2l11" custom="readingOrder {index:10;}">
                <Coords points="1606,643 2740,637 2706,579 2079,611 1606,583"/>
                <Baseline points="1614,628 1672,629 1731,629 1790,630 1849,630 1908,630 1967,630 2026,630 2085,630 2144,630 2202,629 2261,629 2320,629 2379,628 2438,627 2497,626 2556,626 2615,625 2674,624 2733,623"/>
                <TextEquiv>
                    <Unicode>liche Sicherheit des Publikums sowie</Unicode>
                </TextEquiv>
            </TextLine>
            <TextLine id="r2l12" custom="readingOrder {index:11;}">
                <Coords points="1604,683 2746,670 2720,627 2575,621 1604,643"/>
                <Baseline points="1612,676 1668,677 1724,677 1780,678 1837,678 1893,678 1949,678 2006,678 2062,678 2118,677 2175,677 2231,677 2287,676 2343,676 2400,675 2456,674 2512,674 2569,673 2625,672 2681,671 2738,671"/>
                <TextEquiv>
                    <Unicode>auch der Darsteller in hohem Maße ge¬</Unicode>
                </TextEquiv>
            </TextLine>
            <TextLine id="r2l13" custom="readingOrder {index:12;}">
                <Coords points="1629,731 2746,728 2746,689 2667,672 1629,681"/>
                <Baseline points="1637,725 1692,725 1747,726 1802,726 1857,726 1912,726 1967,726 2022,726 2077,725 2132,725 2188,725 2243,724 2298,724 2353,723 2408,723 2463,722 2518,722 2573,721 2628,721 2683,720 2739,720"/>
                <TextEquiv>
                    <Unicode>ährdet wird, im Falle der Wiederholung der Vor¬</Unicode>
                </TextEquiv>
            </TextLine>
            <TextLine id="r2l14" custom="readingOrder {index:13;}">
                <Coords points="1618,781 2748,771 2708,725 1618,732"/>
                <Baseline points="1625,773 1680,773 1736,773 1792,773 1848,773 1903,773 1959,773 2015,773 2071,773 2126,773 2182,772 2238,772 2294,772 2349,771 2405,771 2461,771 2517,770 2572,770 2628,769 2684,769 2740,768"/>
                <TextEquiv>
                    <Unicode>tellung dieses Bühnenwerkes in verstärltem Maße zu be¬</Unicode>
                </TextEquiv>
            </TextLine>
            <TextLine id="r2l15" custom="readingOrder {index:14;}">
                <Coords points="1609,825 2739,827 2739,789 2684,771 1609,782"/>
                <Baseline points="1616,820 1671,821 1727,822 1783,823 1839,823 1895,823 1950,823 2006,823 2062,822 2118,822 2174,821 2229,821 2285,820 2341,819 2397,819 2453,818 2508,818 2564,817 2620,817 2676,817 2732,818"/>
                <TextEquiv>
                    <Unicode>ürchten sind, siegt sich die Polizeidirektion veranlaßt, im</Unicode>
                </TextEquiv>
            </TextLine>
            <TextLine id="r2l16" custom="readingOrder {index:15;}">
                <Coords points="1610,877 2738,865 2698,823 1610,824"/>
                <Baseline points="1617,868 1672,869 1728,870 1783,871 1839,871 1895,871 1950,871 2006,871 2062,870 2117,870 2173,869 2229,869 2284,868 2340,867 2396,867 2451,866 2507,865 2563,865 2618,865 2674,865 2730,865"/>
                <TextEquiv>
                    <Unicode>Sinne des § 6, Absatz 3, der Verordnung des Ministe¬</Unicode>
                </TextEquiv>
            </TextLine>
            <TextLine id="r2l17" custom="readingOrder {index:16;}">
                <Coords points="1609,924 2700,928 2731,870 1609,877"/>
                <Baseline points="1616,918 1671,918 1726,918 1782,917 1837,917 1893,917 1948,917 2003,917 2059,917 2114,916 2170,916 2225,916 2280,916 2336,916 2391,915 2447,915 2502,914 2557,914 2613,913 2668,913 2724,912"/>
                <TextEquiv>
                    <Unicode>iums des Innern vom 25. November 1850, R. G. Bl.</Unicode>
                </TextEquiv>
            </TextLine>
            <TextLine id="r2l18" custom="readingOrder {index:17;}">
                <Coords points="1603,971 2710,976 2741,923 1603,925"/>
                <Baseline points="1610,968 1666,967 1722,966 1778,966 1834,965 1891,965 1947,965 2003,964 2059,964 2115,964 2172,963 2228,963 2284,963 2340,962 2396,962 2453,962 2509,962 2565,961 2621,961 2677,961 2734,960"/>
                <TextEquiv>
                    <Unicode>Nr. 454, die fernere Auff hrung der Einakter¬</Unicode>
                </TextEquiv>
            </TextLine>
            <TextLine id="r2l19" custom="readingOrder {index:18;}">
                <Coords points="1613,1031 2734,1017 2734,979 2666,967 1613,976"/>
                <Baseline points="1621,1015 1676,1014 1731,1014 1786,1014 1842,1013 1897,1013 1952,1013 2007,1012 2063,1012 2118,1012 2173,1011 2228,1011 2284,1011 2339,1011 2394,1010 2449,1010 2505,1010 2560,1009 2615,1009 2670,1009 2726,1008"/>
                <TextEquiv>
                    <Unicode>zenen „Reigen“ von Artur Schmgler aus Gründen</Unicode>
                </TextEquiv>
            </TextLine>
            <TextLine id="r2l20" custom="readingOrder {index:19;}">
                <Coords points="1601,1079 2738,1061 2738,1026 2676,1008 1601,1024"/>
                <Baseline points="1609,1061 1665,1062 1721,1062 1777,1062 1833,1062 1889,1062 1945,1062 2001,1062 2057,1062 2113,1061 2169,1061 2225,1061 2281,1061 2337,1060 2393,1060 2449,1059 2505,1059 2561,1058 2617,1057 2673,1057 2730,1056"/>
                <TextEquiv>
                    <Unicode>der öffentlichen Ruhe und Ordnung ein¬</Unicode>
                </TextEquiv>
            </TextLine>
            <TextLine id="r2l21" custom="readingOrder {index:20;}">
                <Coords points="1596,1126 1644,1121 1689,1129 1702,1115 1789,1121 1863,1113 1862,1079 1845,1084 1834,1074 1827,1082 1797,1076 1783,1083 1771,1071 1751,1077 1737,1070 1703,1081 1691,1070 1634,1066 1618,1079 1595,1081"/>
                <Baseline points="1603,1117 1628,1114 1653,1113 1678,1111 1703,1110 1729,1109 1754,1109 1779,1109 1804,1110 1829,1110 1855,1111"/>
                <TextEquiv>
                    <Unicode>zustellen.</Unicode>
                </TextEquiv>
            </TextLine>
            <TextLine id="r2l22" custom="readingOrder {index:21;}">
                <Coords points="1694,1165 2672,1165 2743,1156 2743,1102 1694,1115"/>
                <Baseline points="1701,1156 1752,1156 1804,1155 1856,1155 1907,1155 1959,1154 2011,1154 2062,1154 2114,1154 2166,1154 2218,1154 2269,1154 2321,1154 2373,1153 2424,1153 2476,1153 2528,1153 2579,1153 2631,1152 2683,1152 2735,1151"/>
                <TextEquiv>
                    <Unicode>Gegen diese Entscheidung steht Euer Wohlgeboren der</Unicode>
                </TextEquiv>
            </TextLine>
            <TextLine id="r2l23" custom="readingOrder {index:22;}">
                <Coords points="1592,1210 2687,1210 2725,1206 2725,1158 1592,1161"/>
                <Baseline points="1599,1201 1654,1202 1710,1202 1766,1202 1822,1202 1878,1202 1934,1202 1990,1202 2046,1202 2102,1202 2158,1202 2213,1202 2269,1202 2325,1201 2381,1201 2437,1201 2493,1200 2549,1199 2605,1199 2661,1198 2717,1197"/>
                <TextEquiv>
                    <Unicode>binnen 14 Tagen von dem der Zustellung dieses Dekrets</Unicode>
                </TextEquiv>
            </TextLine>
            <TextLine id="r2l24" custom="readingOrder {index:23;}">
                <Coords points="1596,1258 2652,1263 2730,1257 2730,1210 1595,1217"/>
                <Baseline points="1603,1249 1661,1249 1720,1250 1779,1250 1838,1250 1897,1250 1956,1250 2015,1250 2074,1249 2133,1249 2191,1249 2250,1248 2309,1248 2368,1247 2427,1247 2486,1246 2545,1246 2604,1246 2663,1245 2722,1245"/>
                <TextEquiv>
                    <Unicode>nachfolgenden Tage an gerechnet, bei der Polizeidirektion</Unicode>
                </TextEquiv>
            </TextLine>
            <TextLine id="r2l25" custom="readingOrder {index:24;}">
                <Coords points="1600,1307 2603,1314 2731,1296 2731,1259 1600,1263"/>
                <Baseline points="1607,1297 1662,1297 1718,1297 1774,1297 1830,1297 1886,1297 1942,1297 1997,1296 2053,1296 2109,1295 2165,1295 2221,1294 2277,1294 2333,1293 2388,1293 2444,1293 2500,1293 2556,1293 2612,1293 2668,1294 2724,1294"/>
                <TextEquiv>
                    <Unicode>einzubringende, an den Bürgermeister als Landeshaupt¬</Unicode>
                </TextEquiv>
            </TextLine>
            <TextLine id="r2l26" custom="readingOrder {index:25;}">
                <Coords points="1600,1353 2729,1354 2728,1295 1600,1315"/>
                <Baseline points="1608,1344 1663,1344 1719,1344 1774,1344 1830,1344 1886,1343 1941,1343 1997,1343 2053,1343 2108,1342 2164,1342 2220,1342 2275,1342 2331,1341 2387,1341 2442,1341 2498,1341 2554,1341 2609,1341 2665,1341 2721,1341"/>
                <TextEquiv>
                    <Unicode>mann für Wien gerichtete Rekurs offen, dem jedoch im</Unicode>
                </TextEquiv>
            </TextLine>
            <TextLine id="r2l27" custom="readingOrder {index:26;}">
                <Coords points="1601,1407 2665,1412 2739,1391 2739,1355 1600,1351"/>
                <Baseline points="1608,1391 1664,1391 1720,1391 1776,1391 1832,1391 1889,1391 1945,1390 2001,1390 2057,1390 2113,1389 2170,1389 2226,1389 2282,1389 2338,1389 2394,1388 2451,1388 2507,1389 2563,1389 2619,1389 2675,1389 2732,1390"/>
                <TextEquiv>
                    <Unicode>Hinblick auf die Gejährdung öffentlicher Interessen eine</Unicode>
                </TextEquiv>
            </TextLine>
            <TextLine id="r2l28" custom="readingOrder {index:27;}">
                <Coords points="1593,1467 2634,1445 2634,1393 1593,1411"/>
                <Baseline points="1600,1442 1651,1440 1702,1439 1754,1438 1805,1438 1856,1437 1908,1437 1959,1437 2010,1437 2062,1436 2113,1436 2164,1436 2216,1436 2267,1436 2318,1436 2370,1436 2421,1436 2472,1436 2524,1435 2575,1435 2627,1434"/>
                <TextEquiv>
                    <Unicode>aufschiebende Wirkung nicht zukommt.“</Unicode>
                </TextEquiv>
            </TextLine>
            <TextLine id="r2l29" custom="readingOrder {index:28;}">
                <Coords points="1684,1497 2423,1515 2559,1488 2664,1519 2762,1491 2688,1423 2485,1454 1684,1448"/>
                <Baseline points="1692,1484 1745,1484 1798,1485 1851,1485 1904,1485 1957,1485 2010,1485 2063,1485 2116,1485 2169,1485 2223,1485 2276,1485 2329,1484 2382,1484 2435,1484 2488,1484 2541,1484 2594,1485 2647,1485 2700,1486 2754,1486"/>
                <TextEquiv>
                    <Unicode>Das Dekret ist vom Polizeipräsidenten Schober</Unicode>
                </TextEquiv>
            </TextLine>
            <TextLine id="r2l30" custom="readingOrder {index:29;}">
                <Coords points="1596,1557 1610,1554 1620,1560 1634,1549 1662,1559 1687,1546 1702,1554 1733,1543 1779,1544 1776,1501 1764,1497 1736,1505 1712,1493 1692,1497 1676,1484 1661,1482 1634,1500 1592,1498"/>
                <Baseline points="1602,1542 1630,1539 1658,1538 1686,1536 1714,1534 1742,1533 1771,1533"/>
                <TextEquiv>
                    <Unicode>gezeichnet.</Unicode>
                </TextEquiv>
            </TextLine>
            <TextLine id="r2l31" custom="readingOrder {index:30;}">
                <Coords points="1763,1609 2525,1604 2547,1595 2547,1523 2430,1559 1763,1548"/>
                <Baseline points="1770,1594 1808,1593 1847,1593 1885,1593 1924,1592 1962,1592 2001,1592 2039,1591 2078,1591 2116,1591 2155,1590 2193,1590 2232,1590 2270,1590 2309,1590 2347,1590 2386,1590 2424,1589 2463,1589 2501,1589 2540,1590"/>
                <TextEquiv>
                    <Unicode>Mitteilungen Direktor Bernaus.</Unicode>
                </TextEquiv>
            </TextLine>
            <TextLine id="r2l32" custom="readingOrder {index:31;}">
                <Coords points="1678,1661 2741,1666 2741,1606 2636,1599 2570,1626 1678,1603"/>
                <Baseline points="1686,1653 1738,1655 1790,1656 1843,1656 1895,1657 1948,1657 2000,1657 2052,1656 2105,1656 2157,1655 2210,1654 2262,1654 2314,1653 2367,1652 2419,1651 2472,1651 2524,1651 2576,1651 2629,1651 2681,1652 2734,1653"/>
                <TextEquiv>
                    <Unicode>Auf die Frage unseres Mitarbeiters erklärte</Unicode>
                </TextEquiv>
            </TextLine>
            <TextLine id="r2l33" custom="readingOrder {index:32;}">
                <Coords points="1592,1706 2714,1718 2733,1663 2001,1686 1591,1644"/>
                <Baseline points="1599,1702 1655,1703 1711,1703 1768,1704 1824,1704 1880,1704 1937,1703 1993,1703 2049,1703 2106,1702 2162,1702 2218,1701 2275,1701 2331,1701 2387,1700 2444,1700 2500,1700 2556,1701 2613,1701 2669,1702 2726,1703"/>
                <TextEquiv>
                    <Unicode>Direktor Bernau, noch keine endgültigen Beschlüsse</Unicode>
                </TextEquiv>
            </TextLine>
            <TextLine id="r2l34" custom="readingOrder {index:33;}">
                <Coords points="1596,1758 2730,1746 2706,1711 2526,1700 1596,1708"/>
                <Baseline points="1603,1749 1659,1749 1715,1750 1771,1750 1827,1750 1883,1750 1939,1750 1995,1750 2051,1750 2107,1750 2163,1749 2219,1749 2275,1749 2331,1749 2387,1748 2443,1748 2499,1748 2555,1748 2611,1747 2667,1747 2723,1747"/>
                <TextEquiv>
                    <Unicode>über einen eventuellen Einspruch gegen das Verbot des</Unicode>
                </TextEquiv>
            </TextLine>
            <TextLine id="r2l35" custom="readingOrder {index:34;}">
                <Coords points="1594,1811 2689,1811 2721,1767 1594,1770"/>
                <Baseline points="1601,1799 1656,1799 1712,1799 1767,1799 1823,1799 1879,1799 1934,1799 1990,1799 2045,1798 2101,1798 2157,1797 2212,1797 2268,1796 2323,1796 2379,1795 2435,1795 2490,1795 2546,1795 2601,1795 2657,1795 2713,1796"/>
                <TextEquiv>
                    <Unicode>„Reigen“ gefaßt zu haben, er denke jedoch daran, nach</Unicode>
                </TextEquiv>
            </TextLine>
            <TextLine id="r2l36" custom="readingOrder {index:35;}">
                <Coords points="1593,1853 2560,1862 2720,1851 2720,1811 1593,1812"/>
                <Baseline points="1601,1845 1656,1845 1712,1845 1767,1844 1823,1844 1879,1844 1934,1843 1990,1843 2045,1843 2101,1843 2157,1842 2212,1842 2268,1842 2323,1842 2379,1842 2435,1841 2490,1841 2546,1841 2601,1842 2657,1842 2713,1842"/>
                <TextEquiv>
                    <Unicode>Befragen seines Rechtsbeistandes sowie des Betriebsrates</Unicode>
                </TextEquiv>
            </TextLine>
            <TextLine id="r2l37" custom="readingOrder {index:36;}">
                <Coords points="1596,1897 2548,1915 2704,1903 2717,1850 1596,1853"/>
                <Baseline points="1604,1892 1659,1892 1714,1892 1769,1892 1825,1892 1880,1892 1935,1892 1991,1892 2046,1892 2101,1892 2157,1892 2212,1892 2267,1892 2322,1892 2378,1891 2433,1891 2488,1891 2544,1891 2599,1890 2654,1890 2710,1890"/>
                <TextEquiv>
                    <Unicode>seiner Arbeiter und Angestellten den Rekurs gegen das</Unicode>
                </TextEquiv>
            </TextLine>
            <TextLine id="r2l38" custom="readingOrder {index:37;}">
                <Coords points="1592,1966 1659,1945 1755,1942 1793,1960 1854,1940 1912,1957 1963,1943 1992,1951 1992,1909 1965,1896 1929,1906 1845,1895 1810,1912 1767,1898 1730,1911 1592,1902"/>
                <Baseline points="1599,1938 1624,1939 1650,1939 1676,1940 1701,1940 1727,1940 1753,1940 1778,1940 1804,1940 1830,1940 1855,1940 1881,1939 1907,1939 1932,1939 1958,1939 1984,1939"/>
                <TextEquiv>
                    <Unicode>Verbot einzubringen.</Unicode>
                </TextEquiv>
            </TextLine>
            <TextLine id="r2l39" custom="readingOrder {index:38;}">
                <Coords points="1677,1996 2736,2004 2735,1940 2682,1918 1677,1947"/>
                <Baseline points="1685,1985 1737,1986 1789,1986 1841,1986 1893,1986 1945,1986 1997,1985 2050,1985 2102,1985 2154,1985 2206,1984 2258,1984 2310,1984 2362,1984 2415,1983 2467,1983 2519,1983 2571,1983 2623,1983 2675,1983 2728,1983"/>
                <TextEquiv>
                    <Unicode>Bei der Durchsuchung des Zuschauerraumes, dessen</Unicode>
                </TextEquiv>
            </TextLine>
            <TextLine id="r2l40" custom="readingOrder {index:39;}">
                <Coords points="1583,2043 2725,2035 2725,2002 2596,1982 1583,2000"/>
                <Baseline points="1591,2033 1647,2034 1703,2034 1759,2034 1816,2035 1872,2035 1928,2035 1985,2035 2041,2035 2097,2034 2154,2034 2210,2034 2266,2034 2322,2033 2379,2033 2435,2032 2491,2032 2548,2032 2604,2031 2660,2031 2717,2031"/>
                <TextEquiv>
                    <Unicode>Verwüstungen nicht so groß sind, wie es im ersten Augen¬</Unicode>
                </TextEquiv>
            </TextLine>
            <TextLine id="r2l41" custom="readingOrder {index:40;}">
                <Coords points="1586,2096 2707,2093 2723,2038 1586,2040"/>
                <Baseline points="1594,2081 1650,2082 1706,2082 1762,2082 1818,2083 1874,2083 1930,2082 1986,2082 2042,2082 2098,2081 2155,2081 2211,2080 2267,2080 2323,2080 2379,2079 2435,2079 2491,2079 2547,2079 2603,2080 2659,2080 2716,2081"/>
                <TextEquiv>
                    <Unicode>blick den Anschein hatte, sagte Direktor Bernau weiter,</Unicode>
                </TextEquiv>
            </TextLine>
            <TextLine id="r2l42" custom="readingOrder {index:41;}">
                <Coords points="1586,2139 2580,2151 2708,2134 2729,2092 1586,2093"/>
                <Baseline points="1593,2130 1649,2131 1705,2131 1762,2131 1818,2131 1875,2131 1931,2131 1988,2131 2044,2131 2101,2130 2157,2130 2213,2129 2270,2129 2326,2129 2383,2128 2439,2128 2496,2128 2552,2127 2609,2127 2665,2127 2722,2127"/>
                <TextEquiv>
                    <Unicode>wurden Beweise gefunden, daß in der Tat Stink¬</Unicode>
                </TextEquiv>
            </TextLine>
            <TextLine id="r2l43" custom="readingOrder {index:42;}">
                <Coords points="1582,2183 2693,2192 2728,2138 1582,2139"/>
                <Baseline points="1590,2178 1646,2178 1703,2178 1759,2178 1816,2178 1872,2178 1929,2178 1985,2177 2042,2177 2098,2177 2155,2177 2211,2176 2268,2176 2324,2176 2381,2176 2437,2176 2494,2175 2550,2175 2607,2175 2663,2175 2720,2176"/>
                <TextEquiv>
                    <Unicode>bomben geworfen wurden, ferner wurden Teer¬</Unicode>
                </TextEquiv>
            </TextLine>
            <TextLine id="r2l44" custom="readingOrder {index:43;}">
                <Coords points="1586,2239 2711,2237 2730,2179 1586,2184"/>
                <Baseline points="1593,2227 1649,2226 1706,2226 1762,2225 1819,2225 1875,2224 1932,2224 1988,2224 2045,2224 2101,2223 2158,2223 2214,2223 2271,2223 2327,2223 2384,2223 2440,2223 2497,2223 2553,2223 2610,2223 2666,2223 2723,2223"/>
                <TextEquiv>
                    <Unicode>schachteln, Eierschalen mit Teer gefüllt aufgelesen. Die von</Unicode>
                </TextEquiv>
            </TextLine>
            <TextLine id="r2l45" custom="readingOrder {index:44;}">
                <Coords points="1594,2281 2729,2278 2728,2236 2626,2227 1594,2233"/>
                <Baseline points="1601,2272 1657,2271 1713,2271 1769,2271 1825,2270 1881,2270 1937,2270 1993,2270 2049,2270 2105,2270 2161,2270 2217,2270 2273,2269 2329,2269 2385,2269 2441,2269 2497,2269 2553,2268 2609,2268 2665,2267 2721,2267"/>
                <TextEquiv>
                    <Unicode>den Würfen mit den Teerschachteln und Teereiern her¬</Unicode>
                </TextEquiv>
            </TextLine>
            <TextLine id="r2l46" custom="readingOrder {index:45;}">
                <Coords points="1591,2326 2741,2331 2741,2287 2623,2268 1591,2282"/>
                <Baseline points="1598,2320 1654,2320 1711,2320 1768,2319 1825,2319 1882,2319 1938,2318 1995,2318 2052,2318 2109,2318 2166,2317 2222,2317 2279,2317 2336,2317 2393,2317 2450,2317 2506,2317 2563,2318 2620,2318 2677,2319 2734,2319"/>
                <TextEquiv>
                    <Unicode>rührenden Beschmutzungen der Logenwände und der Sitz¬</Unicode>
                </TextEquiv>
            </TextLine>
            <TextLine id="r2l47" custom="readingOrder {index:46;}">
                <Coords points="1591,2378 2657,2385 2728,2377 2728,2333 1590,2326"/>
                <Baseline points="1598,2368 1654,2368 1710,2367 1766,2367 1822,2366 1878,2366 1934,2366 1991,2365 2047,2365 2103,2365 2159,2364 2215,2364 2271,2364 2327,2364 2384,2364 2440,2364 2496,2364 2552,2364 2608,2364 2664,2364 2721,2365"/>
                <TextEquiv>
                    <Unicode>überzüge und Bühnenteppiche wurden schon im Laufe</Unicode>
                </TextEquiv>
            </TextLine>
            <TextLine id="r2l48" custom="readingOrder {index:47;}">
                <Coords points="1576,2422 2733,2428 2733,2364 2637,2397 2583,2367 1576,2369"/>
                <Baseline points="1584,2415 1641,2415 1698,2415 1755,2414 1812,2414 1869,2414 1926,2414 1983,2414 2040,2413 2097,2413 2155,2413 2212,2413 2269,2413 2326,2413 2383,2413 2440,2413 2497,2413 2554,2413 2611,2414 2668,2414 2726,2414"/>
                <TextEquiv>
                    <Unicode>der Nacht beseitigt. Der Eingang ins Theater ist, da die</Unicode>
                </TextEquiv>
            </TextLine>
            <TextLine id="r2l49" custom="readingOrder {index:48;}">
                <Coords points="1581,2476 2732,2478 2732,2428 2659,2413 1581,2421"/>
                <Baseline points="1588,2464 1644,2463 1701,2463 1758,2462 1815,2462 1872,2462 1928,2462 1985,2461 2042,2461 2099,2461 2156,2462 2212,2462 2269,2462 2326,2462 2383,2462 2440,2462 2496,2463 2553,2463 2610,2463 2667,2463 2724,2463"/>
                <TextEquiv>
                    <Unicode>Herstellungsarbeiten den ganzen heutigen Tag erfordern</Unicode>
                </TextEquiv>
            </TextLine>
            <TextLine id="r2l50" custom="readingOrder {index:49;}">
                <Coords points="1591,2518 2734,2526 2734,2476 2676,2465 1591,2475"/>
                <Baseline points="1598,2511 1654,2511 1710,2511 1767,2511 1823,2511 1880,2510 1936,2510 1992,2510 2049,2510 2105,2510 2162,2509 2218,2509 2274,2509 2331,2509 2387,2509 2444,2509 2500,2510 2556,2510 2613,2510 2669,2511 2726,2511"/>
                <TextEquiv>
                    <Unicode>werden, niemandem gestattet. Beträchtlicher Sachschaden</Unicode>
                </TextEquiv>
            </TextLine>
            <TextLine id="r2l51" custom="readingOrder {index:50;}">
                <Coords points="1591,2564 2728,2577 2712,2516 1591,2521"/>
                <Baseline points="1599,2558 1655,2558 1711,2558 1767,2558 1823,2558 1879,2558 1935,2558 1991,2558 2047,2558 2103,2558 2160,2558 2216,2558 2272,2558 2328,2559 2384,2559 2440,2559 2496,2560 2552,2560 2608,2561 2664,2561 2721,2562"/>
                <TextEquiv>
                    <Unicode>wurde nur durch die Zertrümmerung der großen Spiegel¬</Unicode>
                </TextEquiv>
            </TextLine>
            <TextLine id="r2l52" custom="readingOrder {index:51;}">
                <Coords points="1598,2612 1675,2634 2190,2614 2367,2636 2367,2586 2268,2562 1598,2578"/>
                <Baseline points="1606,2606 1643,2607 1681,2607 1719,2607 1756,2607 1794,2607 1832,2607 1869,2607 1907,2607 1945,2606 1983,2606 2020,2606 2058,2606 2096,2606 2133,2606 2171,2606 2209,2606 2246,2606 2284,2606 2322,2606 2360,2607"/>
                <TextEquiv>
                    <Unicode>fenster der Eingangtüren hervorgerufen.</Unicode>
                </TextEquiv>
            </TextLine>
            <TextLine id="r2l53" custom="readingOrder {index:52;}">
                <Coords points="1748,2683 1866,2675 1925,2705 2567,2690 2567,2632 2507,2623 2366,2646 1748,2633"/>
                <Baseline points="1756,2677 1796,2676 1836,2676 1876,2676 1916,2676 1957,2676 1997,2675 2037,2675 2077,2675 2117,2675 2158,2675 2198,2675 2238,2675 2278,2675 2318,2675 2359,2675 2399,2675 2439,2676 2479,2676 2519,2676 2560,2676"/>
                <TextEquiv>
                    <Unicode>Der Spielplan der Kammerspiele.</Unicode>
                </TextEquiv>
            </TextLine>
            <TextLine id="r2l54" custom="readingOrder {index:53;}">
                <Coords points="1661,2743 2728,2738 2728,2691 2658,2676 2592,2708 2198,2682 1777,2684 1738,2712 1661,2675"/>
                <Baseline points="1669,2738 1721,2738 1774,2738 1826,2738 1879,2738 1931,2738 1984,2738 2036,2738 2089,2738 2141,2738 2194,2738 2247,2738 2299,2738 2352,2738 2404,2738 2457,2739 2509,2739 2562,2739 2614,2740 2667,2740 2720,2741"/>
                <TextEquiv>
                    <Unicode>Die Aufstellung des Repertoires für die kommende</Unicode>
                </TextEquiv>
            </TextLine>
            <TextLine id="r2l55" custom="readingOrder {index:54;}">
                <Coords points="1579,2791 2712,2795 2682,2743 1579,2744"/>
                <Baseline points="1586,2787 1644,2787 1703,2787 1762,2787 1821,2787 1880,2787 1939,2787 1998,2787 2057,2787 2116,2787 2174,2787 2233,2787 2292,2787 2351,2787 2410,2787 2469,2787 2528,2787 2587,2787 2646,2788 2705,2789"/>
                <TextEquiv>
                    <Unicode>Woche begignet großen Schwierigkeiten, weil zahlreiche</Unicode>
                </TextEquiv>
            </TextLine>
            <TextLine id="r2l56" custom="readingOrder {index:55;}">
                <Coords points="1580,2841 2721,2840 2643,2793 1580,2792"/>
                <Baseline points="1587,2834 1643,2835 1699,2835 1756,2835 1812,2835 1868,2835 1925,2835 1981,2835 2037,2835 2094,2834 2150,2834 2206,2834 2263,2834 2319,2834 2375,2834 2432,2834 2488,2835 2544,2835 2601,2835 2657,2835 2714,2836"/>
                <TextEquiv>
                    <Unicode>Mitglieder des Deutschen Volkstheaters und der Kammer¬</Unicode>
                </TextEquiv>
            </TextLine>
            <TextLine id="r2l57" custom="readingOrder {index:56;}">
                <Coords points="1590,2893 2729,2881 2692,2842 1590,2841"/>
                <Baseline points="1597,2881 1653,2882 1709,2882 1765,2882 1821,2882 1878,2882 1934,2882 1990,2882 2046,2883 2102,2883 2159,2883 2215,2883 2271,2883 2327,2883 2383,2883 2440,2883 2496,2882 2552,2882 2608,2882 2664,2882 2721,2881"/>
                <TextEquiv>
                    <Unicode>spiee im Hinblick auf die fortgesetzten Vorstellungen des</Unicode>
                </TextEquiv>
            </TextLine>
            <TextLine id="r2l58" custom="readingOrder {index:57;}">
                <Coords points="1580,2938 2587,2953 2715,2933 2715,2898 1580,2901"/>
                <Baseline points="1587,2932 1643,2931 1699,2931 1755,2931 1811,2930 1867,2930 1923,2930 1979,2930 2035,2930 2091,2930 2147,2930 2203,2931 2259,2931 2315,2931 2371,2931 2427,2931 2483,2931 2539,2931 2595,2930 2651,2930 2708,2930"/>
                <TextEquiv>
                    <Unicode>„Reigens“ sich für Varietes, Kabaretts und Nachtvor¬</Unicode>
                </TextEquiv>
            </TextLine>
            <TextLine id="r2l59" custom="readingOrder {index:58;}">
                <Coords points="1584,2989 2711,2985 2689,2939 1584,2938"/>
                <Baseline points="1591,2979 1646,2979 1702,2979 1757,2979 1813,2979 1869,2979 1924,2979 1980,2979 2036,2979 2091,2979 2147,2979 2203,2979 2258,2979 2314,2979 2370,2979 2425,2979 2481,2979 2537,2980 2592,2980 2648,2980 2704,2981"/>
                <TextEquiv>
                    <Unicode>stellungen in anderen Theatern verpflichtet haben. Heute</Unicode>
                </TextEquiv>
            </TextLine>
            <TextLine id="r2l60" custom="readingOrder {index:59;}">
                <Coords points="1585,3037 2715,3050 2690,2984 1585,2988"/>
                <Baseline points="1592,3023 1647,3025 1703,3025 1759,3026 1815,3027 1871,3027 1926,3028 1982,3028 2038,3028 2094,3028 2150,3028 2205,3028 2261,3028 2317,3027 2373,3027 2429,3027 2484,3027 2540,3027 2596,3027 2652,3027 2708,3027"/>
                <TextEquiv>
                    <Unicode>abend wird um halb 7 Uhr die Einakterserie „Mena¬</Unicode>
                </TextEquiv>
            </TextLine>
            <TextLine id="r2l61" custom="readingOrder {index:60;}">
                <Coords points="1584,3105 1640,3092 1683,3105 1731,3079 1876,3100 1936,3082 1962,3091 1962,3029 1584,3039"/>
                <Baseline points="1591,3081 1617,3078 1643,3076 1669,3074 1695,3073 1721,3073 1747,3074 1773,3074 1799,3075 1825,3076 1851,3076 1877,3077 1903,3077 1929,3076 1955,3075"/>
                <TextEquiv>
                    <Unicode>gerie“ aufgeführt.</Unicode>
                </TextEquiv>
            </TextLine>
            <TextLine id="r2l62" custom="readingOrder {index:61;}">
                <Coords points="1755,3161 2311,3146 2543,3167 2543,3118 2494,3096 1984,3114 1944,3081 1846,3111 1755,3089"/>
                <Baseline points="1762,3145 1800,3145 1839,3146 1878,3146 1916,3146 1955,3146 1994,3146 2032,3146 2071,3146 2110,3146 2149,3146 2187,3146 2226,3145 2265,3145 2303,3145 2342,3145 2381,3145 2419,3146 2458,3146 2497,3146 2536,3146"/>
                <TextEquiv>
                    <Unicode>Mitteilungen aus dem Rathaus.</Unicode>
                </TextEquiv>
            </TextLine>
            <TextLine id="r2l63" custom="readingOrder {index:62;}">
                <Coords points="1661,3216 2584,3205 2721,3235 2721,3164 2671,3153 1661,3162"/>
                <Baseline points="1668,3207 1720,3208 1772,3209 1824,3209 1877,3209 1929,3210 1981,3210 2034,3210 2086,3210 2138,3210 2191,3210 2243,3209 2295,3209 2347,3209 2400,3209 2452,3209 2504,3209 2557,3210 2609,3210 2661,3211 2714,3211"/>
                <TextEquiv>
                    <Unicode>Wie aus dem Rathaus berichtet wird, findet heute</Unicode>
                </TextEquiv>
            </TextLine>
            <TextLine id="r2l64" custom="readingOrder {index:63;}">
                <Coords points="1582,3262 2712,3258 2651,3212 2607,3239 2534,3211 1582,3222"/>
                <Baseline points="1590,3255 1645,3256 1701,3257 1757,3258 1812,3258 1868,3259 1924,3259 1979,3259 2035,3259 2091,3259 2147,3259 2202,3258 2258,3258 2314,3258 2369,3258 2425,3257 2481,3257 2536,3257 2592,3257 2648,3257 2704,3257"/>
                <TextEquiv>
                    <Unicode>nach Schluß der Sitzung des gemeinderätlichen Ver¬</Unicode>
                </TextEquiv>
            </TextLine>
            <TextLine id="r2l65" custom="readingOrder {index:64;}">
                <Coords points="1588,3306 2721,3325 2721,3254 1588,3276"/>
                <Baseline points="1595,3302 1650,3302 1706,3303 1762,3303 1818,3303 1874,3304 1930,3304 1986,3304 2042,3304 2098,3304 2154,3304 2209,3304 2265,3304 2321,3304 2377,3304 2433,3304 2489,3304 2545,3304 2601,3304 2657,3304 2713,3304"/>
                <TextEquiv>
                    <Unicode>fassungsausschusses eine Konferenz der amtsführenden</Unicode>
                </TextEquiv>
            </TextLine>
            <TextLine id="r2l66" custom="readingOrder {index:65;}">
                <Coords points="1586,3359 2717,3370 2681,3313 1586,3313"/>
                <Baseline points="1593,3350 1648,3350 1704,3350 1760,3351 1816,3351 1872,3351 1927,3351 1983,3351 2039,3351 2095,3351 2151,3351 2206,3351 2262,3350 2318,3350 2374,3350 2430,3350 2485,3351 2541,3351 2597,3351 2653,3351 2709,3352"/>
                <TextEquiv>
                    <Unicode>Stadträte beim Bürgermeister statt, in der die Angelegen¬</Unicode>
                </TextEquiv>
            </TextLine>
            <TextLine id="r2l67" custom="readingOrder {index:66;}">
                <Coords points="1579,3410 2715,3416 2715,3370 2617,3357 1579,3356"/>
                <Baseline points="1587,3397 1643,3397 1699,3397 1755,3397 1811,3397 1867,3397 1923,3397 1979,3397 2035,3397 2091,3397 2147,3397 2203,3397 2259,3397 2315,3397 2371,3397 2427,3398 2483,3398 2539,3398 2595,3399 2651,3400 2708,3401"/>
                <TextEquiv>
                    <Unicode>heit der „Reigen'=Aufführungen zur Diskussion stehen</Unicode>
                </TextEquiv>
            </TextLine>
            <TextLine id="r2l68" custom="readingOrder {index:67;}">
                <Coords points="1587,3447 2716,3462 2685,3404 1587,3410"/>
                <Baseline points="1595,3443 1650,3444 1706,3445 1762,3446 1817,3446 1873,3446 1929,3446 1984,3446 2040,3446 2096,3446 2152,3446 2207,3446 2263,3445 2319,3445 2374,3445 2430,3445 2486,3445 2541,3446 2597,3446 2653,3447 2709,3448"/>
                <TextEquiv>
                    <Unicode>wird. Im Räthaus ist die Nachricht eingetrossen, daß die</Unicode>
                </TextEquiv>
            </TextLine>
            <TextLine id="r2l69" custom="readingOrder {index:68;}">
                <Coords points="1581,3499 2606,3492 2705,3524 2705,3456 2638,3447 1581,3448"/>
                <Baseline points="1589,3492 1644,3493 1699,3493 1755,3494 1810,3494 1866,3494 1921,3494 1976,3494 2032,3494 2087,3493 2143,3493 2198,3493 2253,3493 2309,3492 2364,3492 2420,3492 2475,3492 2530,3493 2586,3493 2641,3493 2697,3494"/>
                <TextEquiv>
                    <Unicode>Polizei auf Grund ihres Statuts die weiteren Auf¬</Unicode>
                </TextEquiv>
            </TextLine>
            <TextLine id="r2l70" custom="readingOrder {index:69;}">
                <Coords points="1590,3545 2706,3557 2661,3499 1590,3504"/>
                <Baseline points="1597,3540 1652,3540 1707,3540 1762,3540 1817,3541 1872,3541 1927,3541 1982,3541 2037,3540 2092,3540 2148,3540 2203,3540 2258,3540 2313,3540 2368,3540 2423,3540 2478,3540 2533,3540 2588,3540 2643,3540 2699,3540"/>
                <TextEquiv>
                    <Unicode>führungen des „Reigen“ verboten hat. Im Magistrat wiro</Unicode>
                </TextEquiv>
            </TextLine>
            <TextLine id="r2l71" custom="readingOrder {index:70;}">
                <Coords points="1582,3592 2712,3613 2712,3557 2610,3539 2141,3542 2103,3573 1582,3553"/>
                <Baseline points="1589,3587 1644,3587 1700,3587 1756,3587 1812,3587 1867,3587 1923,3587 1979,3587 2035,3587 2090,3587 2146,3587 2202,3588 2258,3588 2313,3588 2369,3588 2425,3588 2481,3588 2536,3588 2592,3588 2648,3589 2704,3589"/>
                <TextEquiv>
                    <Unicode>der Standpunkt vertreten, daß nur die Landesregierung</Unicode>
                </TextEquiv>
            </TextLine>
            <TextLine id="r2l72" custom="readingOrder {index:71;}">
                <Coords points="1576,3639 2711,3646 2646,3594 1791,3621 1577,3588"/>
                <Baseline points="1584,3635 1640,3635 1696,3635 1752,3635 1808,3635 1864,3634 1920,3634 1976,3634 2032,3634 2088,3634 2144,3634 2200,3634 2256,3635 2312,3635 2368,3635 2424,3635 2480,3636 2536,3636 2592,3637 2648,3638 2704,3639"/>
                <TextEquiv>
                    <Unicode>befugt sei, ein Verbot der Aufführungen zu erlassen.</Unicode>
                </TextEquiv>
            </TextLine>
            <TextLine id="r2l73" custom="readingOrder {index:72;}">
                <Coords points="1576,3687 2719,3688 2679,3645 1576,3640"/>
                <Baseline points="1584,3681 1640,3681 1696,3681 1753,3681 1809,3681 1866,3681 1922,3681 1978,3681 2035,3681 2091,3682 2148,3682 2204,3682 2260,3682 2317,3683 2373,3683 2430,3684 2486,3684 2542,3685 2599,3685 2655,3686 2712,3687"/>
                <TextEquiv>
                    <Unicode>Wenn die Polizei ein solches erließ, könne es nur aus</Unicode>
                </TextEquiv>
            </TextLine>
            <TextLine id="r2l74" custom="readingOrder {index:73;}">
                <Coords points="1578,3757 1887,3731 1976,3758 2047,3735 2235,3746 2235,3697 2168,3679 1952,3704 1578,3690"/>
                <Baseline points="1586,3727 1618,3728 1650,3728 1682,3729 1714,3729 1746,3729 1778,3730 1810,3730 1842,3730 1874,3730 1907,3730 1939,3730 1971,3730 2003,3730 2035,3730 2067,3730 2099,3730 2131,3729 2163,3729 2195,3729 2228,3728"/>
                <TextEquiv>
                    <Unicode>Sicherheitsgründen geschehen sein.</Unicode>
                </TextEquiv>
            </TextLine>
            <TextLine id="r2l75" custom="readingOrder {index:74;}">
                <Coords points="1747,3802 2540,3802 2540,3766 2500,3762 1747,3747"/>
                <Baseline points="1755,3795 1793,3795 1832,3795 1871,3795 1910,3795 1949,3795 1988,3795 2026,3796 2065,3796 2104,3796 2143,3796 2182,3796 2221,3796 2260,3796 2298,3796 2337,3796 2376,3797 2415,3797 2454,3798 2493,3798 2532,3799"/>
                <TextEquiv>
                    <Unicode>Schilderungen von Augenzeugen.</Unicode>
                </TextEquiv>
            </TextLine>
            <TextLine id="r2l76" custom="readingOrder {index:75;}">
                <Coords points="1662,3867 2714,3871 2714,3832 2661,3815 1985,3837 1663,3804"/>
                <Baseline points="1670,3857 1721,3858 1773,3859 1825,3859 1877,3860 1929,3860 1980,3860 2032,3860 2084,3861 2136,3861 2188,3861 2239,3861 2291,3861 2343,3862 2395,3862 2447,3863 2498,3863 2550,3864 2602,3865 2654,3866 2706,3867"/>
                <TextEquiv>
                    <Unicode>Ein Besucher der gestrigen „Reigen“=Aufführung erzählt:</Unicode>
                </TextEquiv>
            </TextLine>
            <TextLine id="r2l77" custom="readingOrder {index:76;}">
                <Coords points="1576,3908 2712,3915 2703,3870 1576,3863"/>
                <Baseline points="1583,3900 1639,3900 1695,3901 1751,3902 1807,3902 1863,3903 1919,3903 1975,3903 2031,3904 2087,3904 2143,3904 2199,3905 2255,3905 2311,3905 2367,3905 2423,3905 2479,3906 2535,3906 2591,3907 2647,3907 2704,3908"/>
                <TextEquiv>
                    <Unicode>Als ich das Theatergebäude betrat, verspürte ich im Vestibül</Unicode>
                </TextEquiv>
            </TextLine>
            <TextLine id="r2l78" custom="readingOrder {index:77;}">
                <Coords points="1579,3954 2716,3960 2716,3915 2672,3912 1579,3908"/>
                <Baseline points="1586,3944 1642,3945 1698,3945 1754,3946 1810,3946 1866,3947 1922,3947 1979,3947 2035,3947 2091,3947 2147,3947 2203,3947 2259,3948 2315,3948 2372,3948 2428,3948 2484,3948 2540,3949 2596,3949 2652,3950 2709,3951"/>
                <TextEquiv>
                    <Unicode>Schwe,elwasserstoffgeruch. Ich beachtete die Sache welter nicht</Unicode>
                </TextEquiv>
            </TextLine>
            <TextLine id="r2l79" custom="readingOrder {index:78;}">
                <Coords points="1547,4005 2743,4031 2727,3931 2644,3974 1547,3949"/>
                <Baseline points="1554,3991 1613,3990 1672,3990 1731,3990 1790,3990 1849,3990 1908,3990 1967,3990 2026,3991 2085,3991 2145,3991 2204,3992 2263,3992 2322,3993 2381,3993 2440,3994 2499,3994 2558,3995 2617,3996 2676,3996 2736,3997"/>
                <TextEquiv>
                    <Unicode>und begab mich auf meinen Platz, Eine gewisse Unruhe im</Unicode>
                </TextEquiv>
            </TextLine>
            <TextEquiv>
                <Unicode>„21I Se Aodegeie 
Direktor der Kammerspiele.
Die in einem Gropteil der Wiener Bevölkerung durch
die Aufführungen des Bühnenwerkes „Reigen“ von Artur
Schnitzter hervorgerusene Mißstimmung hat in der gestligen
Vorstellung des Stuckes einen derarigen elementaren
Ausbruck gefunden, daß das Theater der Schauplatz wüster
Tumuliszenen wurde und die Fortsetzung der Vorstellung
nicht mehr möglich war. Mit Rücksicht daluuf, daß der¬
arlige Vorgänge und Szenen, durch welche die persön¬
liche Sicherheit des Publikums sowie
auch der Darsteller in hohem Maße ge¬
ährdet wird, im Falle der Wiederholung der Vor¬
tellung dieses Bühnenwerkes in verstärltem Maße zu be¬
ürchten sind, siegt sich die Polizeidirektion veranlaßt, im
Sinne des § 6, Absatz 3, der Verordnung des Ministe¬
iums des Innern vom 25. November 1850, R. G. Bl.
Nr. 454, die fernere Auff hrung der Einakter¬
zenen „Reigen“ von Artur Schmgler aus Gründen
der öffentlichen Ruhe und Ordnung ein¬
zustellen.
Gegen diese Entscheidung steht Euer Wohlgeboren der
binnen 14 Tagen von dem der Zustellung dieses Dekrets
nachfolgenden Tage an gerechnet, bei der Polizeidirektion
einzubringende, an den Bürgermeister als Landeshaupt¬
mann für Wien gerichtete Rekurs offen, dem jedoch im
Hinblick auf die Gejährdung öffentlicher Interessen eine
aufschiebende Wirkung nicht zukommt.“
Das Dekret ist vom Polizeipräsidenten Schober
gezeichnet.
Mitteilungen Direktor Bernaus.
Auf die Frage unseres Mitarbeiters erklärte
Direktor Bernau, noch keine endgültigen Beschlüsse
über einen eventuellen Einspruch gegen das Verbot des
„Reigen“ gefaßt zu haben, er denke jedoch daran, nach
Befragen seines Rechtsbeistandes sowie des Betriebsrates
seiner Arbeiter und Angestellten den Rekurs gegen das
Verbot einzubringen.
Bei der Durchsuchung des Zuschauerraumes, dessen
Verwüstungen nicht so groß sind, wie es im ersten Augen¬
blick den Anschein hatte, sagte Direktor Bernau weiter,
wurden Beweise gefunden, daß in der Tat Stink¬
bomben geworfen wurden, ferner wurden Teer¬
schachteln, Eierschalen mit Teer gefüllt aufgelesen. Die von
den Würfen mit den Teerschachteln und Teereiern her¬
rührenden Beschmutzungen der Logenwände und der Sitz¬
überzüge und Bühnenteppiche wurden schon im Laufe
der Nacht beseitigt. Der Eingang ins Theater ist, da die
Herstellungsarbeiten den ganzen heutigen Tag erfordern
werden, niemandem gestattet. Beträchtlicher Sachschaden
wurde nur durch die Zertrümmerung der großen Spiegel¬
fenster der Eingangtüren hervorgerufen.
Der Spielplan der Kammerspiele.
Die Aufstellung des Repertoires für die kommende
Woche begignet großen Schwierigkeiten, weil zahlreiche
Mitglieder des Deutschen Volkstheaters und der Kammer¬
spiee im Hinblick auf die fortgesetzten Vorstellungen des
„Reigens“ sich für Varietes, Kabaretts und Nachtvor¬
stellungen in anderen Theatern verpflichtet haben. Heute
abend wird um halb 7 Uhr die Einakterserie „Mena¬
gerie“ aufgeführt.
Mitteilungen aus dem Rathaus.
Wie aus dem Rathaus berichtet wird, findet heute
nach Schluß der Sitzung des gemeinderätlichen Ver¬
fassungsausschusses eine Konferenz der amtsführenden
Stadträte beim Bürgermeister statt, in der die Angelegen¬
heit der „Reigen'=Aufführungen zur Diskussion stehen
wird. Im Räthaus ist die Nachricht eingetrossen, daß die
Polizei auf Grund ihres Statuts die weiteren Auf¬
führungen des „Reigen“ verboten hat. Im Magistrat wiro
der Standpunkt vertreten, daß nur die Landesregierung
befugt sei, ein Verbot der Aufführungen zu erlassen.
Wenn die Polizei ein solches erließ, könne es nur aus
Sicherheitsgründen geschehen sein.
Schilderungen von Augenzeugen.
Ein Besucher der gestrigen „Reigen“=Aufführung erzählt:
Als ich das Theatergebäude betrat, verspürte ich im Vestibül
Schwe,elwasserstoffgeruch. Ich beachtete die Sache welter nicht
und begab mich auf meinen Platz, Eine gewisse Unruhe im</Unicode>
            </TextEquiv>
        </TextRegion>
        <TextRegion orientation="0.0" id="r3" custom="readingOrder {index:2;}">
            <Coords points="2776,151 2776,1372 3253,1372 3253,151"/>
            <TextLine id="r3l1" custom="readingOrder {index:0;}">
                <Coords points="2794,183 3031,173 3050,187 3090,176 3260,192 3260,144 3157,157 3117,140 2794,136"/>
                <Baseline points="2801,173 2826,172 2851,172 2876,171 2901,171 2926,171 2951,171 2976,171 3001,172 3027,172 3052,172 3077,172 3102,172 3127,173 3152,173 3177,173 3202,173 3227,172 3253,172"/>
                <TextEquiv>
                    <Unicode>ging, gelüstet halte, imm</Unicode>
                </TextEquiv>
            </TextLine>
            <TextLine id="r3l2" custom="readingOrder {index:1;}">
                <Coords points="2786,217 2863,216 2919,235 3041,214 3252,237 3242,186 2787,180"/>
                <Baseline points="2793,212 2818,211 2843,211 2868,211 2893,212 2918,212 2943,213 2968,213 2993,214 3018,215 3043,216 3068,216 3093,217 3118,218 3143,219 3168,219 3193,219 3218,219 3244,219"/>
                <TextEquiv>
                    <Unicode>bombenwerfer wurde arre</Unicode>
                </TextEquiv>
            </TextLine>
            <TextLine id="r3l3" custom="readingOrder {index:2;}">
                <Coords points="2780,262 2837,275 2916,256 3039,280 3176,269 3255,284 3256,241 3200,224 3116,234 3053,221 3002,235 2942,223 2916,236 2872,218 2780,216"/>
                <Baseline points="2787,256 2812,256 2838,256 2864,256 2889,256 2915,257 2941,258 2966,259 2992,259 3018,260 3043,261 3069,262 3095,263 3120,263 3146,263 3172,264 3197,264 3223,263 3249,262"/>
                <TextEquiv>
                    <Unicode>Müller nahm sein Nation</Unicode>
                </TextEquiv>
            </TextLine>
            <TextLine id="r3l4" custom="readingOrder {index:3;}">
                <Coords points="2864,309 3249,324 3250,278 3167,270 3145,280 3096,267 3038,279 3006,266 2866,263"/>
                <Baseline points="2872,301 2898,301 2924,301 2951,302 2977,303 3004,304 3030,305 3057,306 3083,307 3109,307 3136,308 3162,309 3189,309 3215,309 3242,309"/>
                <TextEquiv>
                    <Unicode>Nach kurzer Pause wi</Unicode>
                </TextEquiv>
            </TextLine>
            <TextLine id="r3l5" custom="readingOrder {index:4;}">
                <Coords points="2786,356 2835,350 2861,376 2906,353 3022,370 3082,356 3254,369 3255,320 3066,310 2982,322 2884,306 2849,320 2787,302"/>
                <Baseline points="2794,346 2819,346 2844,346 2869,347 2894,347 2919,347 2945,348 2970,348 2995,348 3020,349 3045,350 3070,350 3096,350 3121,351 3146,352 3171,352 3196,353 3221,353 3247,354"/>
                <TextEquiv>
                    <Unicode>Im Zuschauerraum wurd</Unicode>
                </TextEquiv>
            </TextLine>
            <TextLine id="r3l6" custom="readingOrder {index:5;}">
                <Coords points="2787,396 2984,410 3048,393 3247,413 3248,364 3220,356 3188,372 3156,358 3023,371 3007,357 2788,355"/>
                <Baseline points="2795,391 2821,391 2847,391 2873,392 2899,392 2925,393 2952,393 2978,393 3004,394 3030,394 3056,395 3082,395 3109,396 3135,396 3161,397 3187,397 3213,397 3240,398"/>
                <TextEquiv>
                    <Unicode>lich sah man, wie in die</Unicode>
                </TextEquiv>
            </TextLine>
            <TextLine id="r3l7" custom="readingOrder {index:6;}">
                <Coords points="2793,441 3035,455 3157,440 3199,460 3225,453 3226,400 3158,415 3119,402 3101,413 2997,399 2985,411 2939,396 2911,408 2849,391 2832,404 2794,396"/>
                <Baseline points="2800,433 2826,433 2852,434 2878,434 2904,435 2930,436 2956,436 2982,437 3009,438 3035,438 3061,439 3087,440 3113,440 3139,440 3165,441 3191,441 3218,441"/>
                <TextEquiv>
                    <Unicode>Jalkon junge Leute mit</Unicode>
                </TextEquiv>
            </TextLine>
            <TextLine id="r3l8" custom="readingOrder {index:7;}">
                <Coords points="2783,487 2846,482 2923,501 2948,482 3026,502 3096,485 3229,505 3230,453 3010,445 2989,460 2881,438 2783,443"/>
                <Baseline points="2790,479 2815,479 2840,479 2866,480 2891,480 2917,481 2942,481 2967,481 2993,482 3018,482 3044,483 3069,483 3094,483 3120,484 3145,485 3171,485 3196,485 3222,486"/>
                <TextEquiv>
                    <Unicode>eindrangen und schrien,</Unicode>
                </TextEquiv>
            </TextLine>
            <TextLine id="r3l9" custom="readingOrder {index:8;}">
                <Coords points="2784,538 3009,522 3052,546 3240,534 3240,503 3200,491 3144,502 3095,485 3017,498 2946,484 2924,500 2785,487"/>
                <Baseline points="2792,524 2817,524 2843,524 2869,524 2895,525 2921,525 2947,525 2973,526 2999,527 3024,527 3050,528 3076,528 3102,529 3128,529 3154,529 3180,529 3206,529 3232,529"/>
                <TextEquiv>
                    <Unicode>müsse. Der Zuschauerra</Unicode>
                </TextEquiv>
            </TextLine>
            <TextLine id="r3l10" custom="readingOrder {index:9;}">
                <Coords points="2788,572 2873,583 2911,564 2975,585 3082,571 3151,590 3215,584 3216,546 3191,536 2789,537"/>
                <Baseline points="2796,567 2821,567 2847,566 2873,566 2899,566 2924,567 2950,567 2976,568 3002,568 3027,570 3053,570 3079,571 3105,572 3130,573 3156,573 3182,573 3208,573"/>
                <TextEquiv>
                    <Unicode>wenige Minuten vorher</Unicode>
                </TextEquiv>
            </TextLine>
            <TextLine id="r3l11" custom="readingOrder {index:10;}">
                <Coords points="2780,626 2874,615 2995,616 3013,633 3059,617 3255,628 3256,583 2781,574"/>
                <Baseline points="2788,615 2813,613 2839,612 2864,612 2890,612 2915,612 2941,612 2966,612 2992,613 3018,614 3043,615 3069,616 3094,617 3120,617 3145,618 3171,618 3196,618 3222,618 3248,618"/>
                <TextEquiv>
                    <Unicode>spiele Marfeld vom ###</Unicode>
                </TextEquiv>
            </TextLine>
            <TextLine id="r3l12" custom="readingOrder {index:11;}">
                <Coords points="2790,664 2926,671 2953,659 2972,672 3003,660 3077,682 3102,663 3253,673 3243,623 3045,619 3018,634 2983,617 2872,616 2791,630"/>
                <Baseline points="2798,656 2824,656 2850,656 2877,657 2903,657 2929,657 2956,658 2982,658 3008,658 3035,658 3061,658 3087,659 3114,659 3140,660 3166,660 3193,660 3219,661 3246,661"/>
                <TextEquiv>
                    <Unicode>und auf die Sicherheit hi</Unicode>
                </TextEquiv>
            </TextLine>
            <TextLine id="r3l13" custom="readingOrder {index:12;}">
                <Coords points="2795,718 2833,729 2885,700 2935,719 2990,705 3232,718 3253,712 3254,675 3132,676 3116,663 3078,683 3062,666 2954,660 2795,669"/>
                <Baseline points="2802,700 2828,699 2854,699 2880,699 2906,699 2932,700 2958,700 2984,700 3010,701 3037,702 3063,703 3089,703 3115,704 3141,704 3167,704 3193,704 3219,704 3246,704"/>
                <TextEquiv>
                    <Unicode>ucher befänden. Dann w</Unicode>
                </TextEquiv>
            </TextLine>
            <TextLine id="r3l14" custom="readingOrder {index:13;}">
                <Coords points="2857,746 2888,754 2940,741 2988,760 3015,742 3092,757 3132,748 3156,765 3212,749 3249,759 3249,714 3081,719 3037,707 3022,717 2991,705 2934,717 2858,704"/>
                <Baseline points="2865,741 2890,741 2915,741 2940,742 2965,743 2990,743 3015,744 3040,744 3065,744 3090,745 3115,745 3140,745 3165,745 3190,745 3215,746 3241,746"/>
                <TextEquiv>
                    <Unicode>Als die Demonstrant</Unicode>
                </TextEquiv>
            </TextLine>
            <TextLine id="r3l15" custom="readingOrder {index:14;}">
                <Coords points="2782,795 3240,799 3257,795 3257,746 3159,763 3016,743 2989,759 2782,751"/>
                <Baseline points="2790,785 2815,785 2841,786 2866,786 2892,787 2917,787 2943,788 2968,788 2994,788 3020,788 3045,788 3071,789 3096,789 3122,789 3147,789 3173,789 3198,789 3224,789 3250,789"/>
                <TextEquiv>
                    <Unicode>Vorhäng und nach wen</Unicode>
                </TextEquiv>
            </TextLine>
            <TextLine id="r3l16" custom="readingOrder {index:15;}">
                <Coords points="2787,835 2828,848 2859,831 2883,846 3020,836 3239,853 3249,799 3178,787 3138,806 2961,787 2907,803 2787,794"/>
                <Baseline points="2794,829 2820,829 2846,829 2872,829 2898,829 2925,829 2951,830 2977,830 3003,831 3030,831 3056,832 3082,833 3108,834 3135,834 3161,834 3187,835 3213,835 3240,835"/>
                <TextEquiv>
                    <Unicode>iserne Courtine hinaufziel</Unicode>
                </TextEquiv>
            </TextLine>
            <TextLine id="r3l17" custom="readingOrder {index:16;}">
                <Coords points="2785,880 3254,887 3254,850 2786,836"/>
                <Baseline points="2793,876 2818,875 2843,874 2868,873 2893,873 2919,873 2944,873 2969,874 2994,875 3020,875 3045,876 3070,877 3095,877 3120,878 3146,878 3171,878 3196,878 3221,877 3247,876"/>
                <TextEquiv>
                    <Unicode>eingehrungen waren, w#</Unicode>
                </TextEquiv>
            </TextLine>
            <TextLine id="r3l18" custom="readingOrder {index:17;}">
                <Coords points="2777,927 2919,920 2962,935 3017,922 3082,942 3258,923 3258,886 2778,880"/>
                <Baseline points="2784,918 2809,918 2835,917 2861,918 2887,918 2913,918 2939,918 2965,919 2991,919 3017,919 3042,920 3068,920 3094,921 3120,921 3146,921 3172,921 3198,921 3224,921 3250,921"/>
                <TextEquiv>
                    <Unicode>Parkett befindliche Publiku</Unicode>
                </TextEquiv>
            </TextLine>
            <TextLine id="r3l19" custom="readingOrder {index:18;}">
                <Coords points="2772,974 3024,968 3044,983 3099,954 3182,984 3239,967 3240,951 3187,928 3160,942 3017,923 2995,936 2940,922 2798,937 2773,925"/>
                <Baseline points="2780,963 2805,962 2830,961 2855,960 2880,960 2905,960 2930,961 2955,961 2980,962 3006,963 3031,964 3056,965 3081,965 3106,966 3131,967 3156,967 3181,967 3206,967 3232,966"/>
                <TextEquiv>
                    <Unicode>dem Palkon kam es zu</Unicode>
                </TextEquiv>
            </TextLine>
            <TextLine id="r3l20" custom="readingOrder {index:19;}">
                <Coords points="2782,1021 2887,1024 2918,1001 2973,1029 2999,1010 3044,1024 3248,1018 3248,970 3217,964 3171,992 3095,960 3046,981 3024,968 2782,978"/>
                <Baseline points="2790,1007 2815,1006 2840,1006 2865,1006 2890,1006 2915,1006 2940,1007 2965,1007 2990,1007 3015,1008 3040,1008 3065,1009 3090,1009 3115,1010 3140,1010 3165,1010 3190,1010 3215,1010 3240,1009"/>
                <TextEquiv>
                    <Unicode>gewütgt worden sein. Die</Unicode>
                </TextEquiv>
            </TextLine>
            <TextLine id="r3l21" custom="readingOrder {index:20;}">
                <Coords points="2783,1067 2965,1047 3007,1065 3055,1055 3095,1079 3125,1059 3177,1076 3258,1067 3258,1024 3196,1011 3107,1027 2999,1010 2783,1024"/>
                <Baseline points="2791,1053 2816,1051 2842,1051 2867,1051 2893,1051 2918,1051 2944,1051 2969,1051 2995,1051 3021,1051 3046,1052 3072,1052 3097,1052 3123,1052 3148,1053 3174,1053 3199,1053 3225,1052 3251,1052"/>
                <TextEquiv>
                    <Unicode>gegen den eisernen Vorhan</Unicode>
                </TextEquiv>
            </TextLine>
            <TextLine id="r3l22" custom="readingOrder {index:21;}">
                <Coords points="2777,1110 2824,1121 2857,1099 2920,1110 2944,1094 2992,1111 3058,1107 3092,1100 3092,1069 3068,1069 3055,1055 3008,1065 2989,1054 2924,1055 2869,1067 2841,1054 2777,1070"/>
                <Baseline points="2784,1093 2809,1094 2834,1094 2859,1094 2884,1095 2909,1095 2934,1095 2959,1096 2984,1096 3009,1096 3034,1096 3059,1096 3084,1096"/>
                <TextEquiv>
                    <Unicode>beschmutzt wurde.</Unicode>
                </TextEquiv>
            </TextLine>
            <TextLine id="r3l23" custom="readingOrder {index:22;}">
                <Coords points="2847,1141 2872,1153 3260,1148 3260,1109 3231,1100 3155,1107 3115,1092 3090,1108 3000,1112 2954,1096 2923,1117 2893,1100 2847,1100"/>
                <Baseline points="2854,1135 2880,1136 2907,1137 2933,1137 2960,1138 2987,1138 3013,1138 3040,1139 3066,1139 3093,1139 3120,1139 3146,1139 3173,1139 3199,1139 3226,1139 3253,1140"/>
                <TextEquiv>
                    <Unicode>Die Demonstranten sti</Unicode>
                </TextEquiv>
            </TextLine>
            <TextLine id="r3l24" custom="readingOrder {index:23;}">
                <Coords points="2768,1191 3245,1195 3245,1155 3195,1147 3147,1145 3121,1164 3082,1146 2921,1144 2897,1160 2796,1135 2769,1144"/>
                <Baseline points="2776,1183 2801,1182 2827,1182 2853,1181 2878,1182 2904,1182 2930,1183 2955,1183 2981,1184 3007,1184 3032,1185 3058,1185 3084,1186 3109,1186 3135,1186 3161,1185 3186,1184 3212,1183 3238,1182"/>
                <TextEquiv>
                    <Unicode>in dem sich zufällig Artur</Unicode>
                </TextEquiv>
            </TextLine>
            <TextLine id="r3l25" custom="readingOrder {index:24;}">
                <Coords points="2776,1242 2864,1225 3250,1238 3250,1192 3212,1189 3129,1184 3102,1200 2875,1186 2777,1201"/>
                <Baseline points="2784,1225 2809,1225 2834,1224 2860,1224 2885,1224 2911,1224 2936,1225 2962,1225 2987,1225 3013,1225 3038,1226 3063,1226 3089,1227 3114,1227 3140,1227 3165,1228 3191,1228 3216,1228 3242,1228"/>
                <TextEquiv>
                    <Unicode>unekkannt blieb, befan</Unicode>
                </TextEquiv>
            </TextLine>
            <TextLine id="r3l26" custom="readingOrder {index:25;}">
                <Coords points="2770,1276 2834,1281 2862,1258 2902,1279 3257,1283 3249,1234 2771,1236"/>
                <Baseline points="2778,1269 2804,1268 2830,1268 2856,1268 2882,1268 2909,1268 2935,1268 2961,1269 2987,1269 3014,1269 3040,1270 3066,1271 3092,1271 3118,1271 3145,1272 3171,1272 3197,1272 3223,1272 3250,1272"/>
                <TextEquiv>
                    <Unicode>auch sin die Damengard</Unicode>
                </TextEquiv>
            </TextLine>
            <TextLine id="r3l27" custom="readingOrder {index:26;}">
                <Coords points="2774,1321 3020,1326 3046,1313 3082,1328 3116,1314 3132,1330 3197,1319 3215,1331 3259,1315 3260,1286 3124,1274 3013,1288 2855,1262 2834,1281 2775,1273"/>
                <Baseline points="2782,1313 2808,1312 2834,1312 2860,1312 2886,1312 2912,1312 2938,1312 2964,1312 2990,1313 3017,1313 3043,1313 3069,1314 3095,1314 3121,1315 3147,1315 3173,1316 3199,1316 3225,1316 3252,1315"/>
                <TextEquiv>
                    <Unicode>Einfall kamen, die Hydrank</Unicode>
                </TextEquiv>
            </TextLine>
            <TextLine id="r3l28" custom="readingOrder {index:27;}">
                <Coords points="2770,1382 2954,1362 3029,1377 3181,1364 3209,1379 3230,1370 3230,1323 3131,1330 3105,1314 3063,1330 3041,1313 2964,1328 2893,1311 2770,1324"/>
                <Baseline points="2778,1357 2804,1358 2830,1358 2856,1359 2882,1359 2908,1359 2935,1358 2961,1358 2987,1358 3013,1358 3039,1358 3065,1358 3092,1358 3118,1358 3144,1359 3170,1359 3196,1361 3223,1362"/>
                <TextEquiv>
                    <Unicode>robe stand zentimeterhoch</Unicode>
                </TextEquiv>
            </TextLine>
            <TextEquiv>
                <Unicode>ging, gelüstet halte, imm
bombenwerfer wurde arre
Müller nahm sein Nation
Nach kurzer Pause wi
Im Zuschauerraum wurd
lich sah man, wie in die
Jalkon junge Leute mit
eindrangen und schrien,
müsse. Der Zuschauerra
wenige Minuten vorher
spiele Marfeld vom ###
und auf die Sicherheit hi
ucher befänden. Dann w
Als die Demonstrant
Vorhäng und nach wen
iserne Courtine hinaufziel
eingehrungen waren, w#
Parkett befindliche Publiku
dem Palkon kam es zu
gewütgt worden sein. Die
gegen den eisernen Vorhan
beschmutzt wurde.
Die Demonstranten sti
in dem sich zufällig Artur
unekkannt blieb, befan
auch sin die Damengard
Einfall kamen, die Hydrank
robe stand zentimeterhoch</Unicode>
            </TextEquiv>
        </TextRegion>
    </Page>
</PcGts>
