3532 4192
417 92 564 193 11.
642 104 722 167 Re
610 115 940 192 #gen
1131 110 1537 206 box 18/2
1412 391 2565 463 darstellen darf, und daß sie imstande ist, auch solche Gegen¬
1416 442 2551 524 stände künstlerisch bis zu dem Grade zu durchgeistigen und
1412 497 2561 557 zu verklären, daß für das gesunde ästhetische Gefühl die
1412 534 2550 605 sinnliche Empfindung durch die Freude am Schönen zurück¬
1409 581 2562 646 gedrängt wird. Die Kunst kann auf diese Art den ge¬
1412 620 2551 686 schlechtlichen Stoff über das Niveau erheben, von dem aus
1405 670 2552 745 ein ungebildeter Sinn etwas Unzüchtiges darin erblickt. Ent¬
1413 702 2362 783 scheidend ist der Grad künstlerischer Vollendung.
1440 758 2553 835 Hierbei kommt man auf das Gebiet, wo der Richter des
1404 794 2555 873 künstlerischen Sachverständigen und seiner Hilfe nicht ent¬
1398 847 2556 917 raten kann. Man kann nicht von jedem Richter verlangen,
1402 884 2549 964 daß er in das Wesen künstlerischer Arbeit und Wirkung
1410 931 2550 1005 einen vollen Einblick besitzt. Wieviele Leute messen den Wert
1396 977 2555 1050 eines Dramas an seiner moralischen, politischen oder sonsti¬
1396 1019 2547 1093 gen Tendenz, ohne zu ahnen, daß diese höchstens ein Bei¬
1394 1066 2542 1140 werk oder ein Stoff des Kunstwerkes sein kann, daß aber
1397 1109 2553 1177 auch sie durch künstlerische Behandlung zum Kunstwerk erhoben
1396 1149 2549 1223 werden muß. Die künstlerische Wirkung eines Werkes kann
1396 1188 2546 1268 der Außenstehende wohl als Ganzes empfinden, aber nur
1391 1244 2545 1306 ein geübter Kenner wird sich und anderen immer klarzu¬
1399 1280 2547 1351 machen imstande sein, worin die Erhebung über das All¬
1384 1316 2546 1404 tägliche, über die bloße Wiedergabe eines Vorganges oder
1395 1365 2537 1437 Zustandes oder einer Lehre besteht. Bei einem Shake¬
1398 1412 2536 1486 speareschen Drama geht die zwingende künstlerische Wirkung
1386 1460 2542 1523 aus von dem Rhythmus im Wechsel der Szenen, zarter und
1389 1496 2543 1573 derber, ernster und possenhafter Motive, von dem Aufbau
1387 1541 2535 1619 jeden einzelnen Auftritts, von den Charakteren, ihren Har¬
1383 1591 2526 1657 monien und Dissonanzen, von der Notwendigkeit, mit der
1376 1630 2539 1705 aus den Charakteren und ihrem Widerspiel die Vorgänge
1386 1673 2535 1752 sich entwickeln. Bei anderen Werken ist eine Stimmung
1380 1717 2527 1795 das, was künstlerisch hergestellt wird. Ueber dem jetzt viel¬
1367 1753 2530 1840 besprochenen „Reigen“ von Schnitzler—schwebt ein leiser
1379 1803 2536 1887 ironischer, ja melancholischer Humor, mit dem das alltäg¬
1374 1842 2531 1921 liche Geschlechtsleben von Menschen ohne innere Kraft und
1369 1889 2534 1973 Leidenschaft betrachtet wird. Hier besteht der künstlerische
1368 1934 2522 2012 Wert unter anderem in der Erzeugung und Festhaltung
1374 1979 2521 2056 dieser Stimmung durch eine Reihe von Abwandlungen
1364 2026 2532 2103 zwischen verschiedenen Personen und in verschiedenen
1368 2074 2521 2141 Parianten, in der Grazie und Feinheit des Dialogs, in
1359 2107 2534 2172 der Folgerichtigkeit, mit der in jeder Szene nur das Not¬
1362 2151 2519 2233 wendige gesagt ist und jedes Wort auf die Wirkung und Ent¬
1362 2195 2525 2279 wicklung eingestellt wird. Dasselbe gilt natürlich von den
1360 2241 2520 2319 Leistungen der Darsteller eines dramatischen Werkes. Jeder
1357 2278 2521 2364 Ton, jede Geste ist ein wohlüberlegtes, ausgeprobtes Hilfs¬
1358 2329 2515 2425 mittel zur Wiederschaffung des Werkes, zur Erzeugung der
1352 2368 2147 2443 Stimmung. Musik tut das übrige dazu.
1399 2420 2517 2501 Wie soll nun jemand, dem solche künstlerische Betrachtung
1361 2457 2518 2558 fremd ist, die Frage beantworten, ob der Stoff vom Künst¬
1363 2511 2523 2588 lerischen aufgesaugt und zum Kunstwerk erhoben ist, ohne
1348 2550 2521 2630 die Stimme des Sachverständigen zu hören und zu beachten?
1403 2593 2515 2673 Niemand wird dem Richter das Recht nehmen, sein eigenes
1355 2633 2505 2722 Urteil schließlich wählen und entscheiden zu lassen. Wollte
1349 2690 2508 2761 er aber den Versuch, sich über das Künstlerische belehren zu
1346 2727 2504 2808 lassen, abweisen und hielte er statt des Urteils der Künstler
1348 2771 2509 2850 und Kenner das des Unverstands und Hasses für das
1345 2821 2499 2907 normale, so drückte er dem blinden Hödur den Pfeil in die
1348 2858 2244 2937 Hand, der den Lichtgott der Kunst umbringt.
1392 2902 2503 2989 Freilich trifft die erste Schuld an den lächerlichen und
1343 2949 2502 3029 Deutschland bloßstellenden Prozessen die Vertreter alten
1346 2995 2490 3076 Geistes, die in Behörden und leider auch Parlamenten jetzt
1348 3034 2488 3113 ihre Zeit wieder gekommen wähnen. Ihnen sollten mutige
1349 3080 2494 3162 und ihrer Verantwortung bewußte Richter solche Absagen
1332 3127 2488 3197 erteilen, daß sie wieder in die Mauselöcher kröchen, wo sie
1336 3174 2486 3242 vom Herbst 1918 an zwei Jahre gesteckt haben. Sie haben
1344 3217 2487 3293 genug Arbeit, wenn sie die unkünstlerische Schmutzliteratur
1345 3255 2486 3347 bekämpfen, gegen die jeder Anständige sich wenden wird.
1329 3300 2187 3386 Von der Kunst sollen sie die Finger lassen.
1328 3409 2437 3519 Der 11. November amerikanischer Nationalfeiertäg.
1372 3486 2494 3570 Der amerikanische Kongreß nahm einen Beschluß an, wonach
1329 3521 2483 3606 der Tag des Waffenstillstandes zum Nationalfeiertag erklärt wird.
1619 3711 2181 3838 Londoner Kinos.
1855 3819 1958 3893 Von
1700 3889 2084 3956 Ludwig Wachtel,
1572 3928 2211 4006 Berichterstatter der „Vossischen Zeitung“.
1951 4022 2427 4090 K London, 1. November.
1344 4063 2453 4141 Ein Engländer hat sich, wie in dem Fachblatt „Der Film“ mit¬
1859 4119 1944 4154 W
