3484 4352
291 195 798 282 11. Leigen
999 182 1410 265 box 18/3
1331 1031 1526 1115 achrick
818 1027 1068 1112 Brosiaue
1125 1104 1232 1178 Bre
1167 1345 1554 1463 6 - MAT1
920 1611 1757 1687 Arthur Schnißler: „Reigen
990 1676 1681 1738 Schauburg (Vilkorratheater).
907 1725 1829 1784 Wenn man vor ein paar Monaten der „Reigen“
825 1770 1839 1819 fführnyo jns Krietern nur mißtrauisch nahte und sich
840 1811 1845 1865 nachher seing heftige Gereiztheit über eine böse Kompro¬
835 1845 1840 1895 mittierung des Dichters Schnitzler nicht gerade sanft von
840 1890 1837 1935 der Seele schrieb, so ist von der Aufführung in der Schau¬
849 1926 1844 1971 burg durchaus als von einer künstlerischen Tatsache zu
847 1954 1843 2007 sprechen. Das gastierende Ensemble von zumeist Ber¬
842 2000 1848 2048 liner Darstellern zeigt überall Niveau, die Regie des
845 2036 1850 2085 Herrn Hubert Reusch ist nicht nur um löbliche Dis¬
838 2076 1845 2124 kretion, sondern auch um Atmosphäre der Szene, um
836 2104 1850 2165 Klangfarbe der Dialoge, um Geschlossenheit der künstle¬
837 2149 1844 2197 rischen Wirkung mit Erfolg bemüht, die Bühne päsentiert
847 2184 1845 2235 sich reiz= und geschmackvoll, der Rahmen ist von be¬
855 2218 1851 2270 onderer (freilich im einzelnen irrender) Festlichkeit. So
847 2257 1845 2319 hemmt nichts den delikaten Zauber dieses witzigen Ringel¬
847 2294 1848 2345 sviels um die mancherlei Melancholien, Drolerien, Töl¬
851 2330 1850 2390 eleien des Liebeserlebnisses, welches unter verräterisch
849 2371 1841 2421 schillernden Worthülsen einem lächelnd verstehenden und
836 2415 1853 2460 unerbittlich besillusionierenden Blick den armseligen
837 2448 1850 2499 menschlichen Kern preisgibt. Hemmt den Zauber nichts
851 2482 1845 2531 als die Tatsache, daß diese Szenen ursprünglich gar nicht
852 2521 1852 2569 für die Bühne gedacht waren. Manche leisere Besinnlich¬
846 2566 1838 2609 keit verpufste, und die huschende Leichtigkeit und Be¬
845 2594 1848 2647 hendigkeit der Dialoge wird an der Kompaktheit der
840 2637 1847 2687 Bühne immer ein bißchen Schaden nehmen. Erstaunlich
843 2673 1844 2722 bleibt dennoch, wie diese zehn Variationen desselben
851 2722 1844 2765 Themas szenisches Leben gewinnen und auch als Bühnen¬
839 2749 1844 2814 gestalt fesseln, wie dieser witzige Liebes=Kreislauf ohne
847 2790 1850 2844 eigentliche dramatische Spannkraft doch dramatische Be¬
854 2818 1849 2884 begtheit hat, wie die lose Folge zusammengefaßt und vor¬
1444 2864 1850 2914 Der „Reigen“ zählt zu
851 2870 1426 2919 wärts treibend akzentuiert ist.
849 2909 1855 2958 Schnitzlers Bestem. Und es gehört schon einige Um= und
836 2949 1626 3012 Abwegigkeit dazu, hier „Anstoß“ zu nehmen.
924 2985 1862 3050 Ein reizender Theaterabend von liebenswürdiger
837 3031 1856 3081 und nachdenklicher Heiterkeit. Besonders Gutes kam von
1125 3068 1852 3115 Die schöne Sybill Smolowa gibt die
843 3077 1072 3127 den Frauen.
1081 3081 1110 3111 24
845 3113 1848 3159 junge Frau mit entzückend naiv=verspielter Raffiniert¬
837 3144 1845 3193 heit und neugieriger Koketterie in Stimme und Gesicht
847 3192 1699 3233 im Hin und Her entdeckungsfreudiger Unrast.
843 3220 1853 3276 Müller als süßes Mädel ist von waschechtestem Wiener¬
851 3260 1860 3310 tum, das sich zu humorvoller und frischer darstellerischer
848 3309 1853 3348 Bewegtheit löst. Sehr amüsant und schmissig, ohne nahe¬
848 3347 1852 3390 liegende Vergröberungen legt Jutta Versen das ge¬
843 3387 1861 3426 mütvolle Pathos der Schauspielerin hin und die Damen
846 3415 1852 3483 Olga Zuchs und Trude Norgard siedeln Dirne und
1875 1588 2886 1650 Stubenmädchen in den zuständigen Sphären glaubhaft an.
1889 1634 2898 1686 Auf der männlichen Seite ist Herr Gustav Heppner
1876 1665 2889 1726 zuerst zu nennen, dessen Graf von verblüffender Dichtig¬
1891 1711 2889 1760 keit der Typisierung und famoser stiller Witzigkeit ist
1893 1742 2887 1807 wenn auch sein Profil nicht gerade nach einem Grafen
1893 1784 2888 1842 ausschaut). Herr Mikulski ist als Dichter in der Er¬
1883 1821 2893 1882 scheinung etwas deplaziert, bringt aber durch dar¬
1894 1872 2901 1919 tellerische Rontine darüber hinweg. Herr Tautz, sehr
1889 1907 2898 1960 lustig als nur ratenweise lustiger Ehemann, die Herren
1883 1940 2621 2012 Tilo und Horn beschließen den Reigen.
1953 1969 2900 2042 Die Begleitmusik des vielseitigen Forster=Lar¬
1883 2020 2892 2071 rinaga tut an stimmungsvoller Melancholie ein wenig
1894 2053 2900 2109 des Guten zu viel, schafft aber eine sympathisch
1881 2103 2894 2151 distanzierende Untermalung der Vorgänge. Das Publi¬
1895 2129 2905 2196 kum gab sich den mancherlei Reizen des Abends wider¬
2722 2174 2861 2213 p. 1—3.
1894 2181 2139 2245 nruchelns hin
