3392 4256
317 124 838 237 11. Reigen
1006 119 1416 211 box 18/1
2370 1016 2440 1097 57
1613 1000 1973 1092 Vom Bel zu Babel
1135 1101 2439 1189 mit der Nervenpeitsche und mit Kantharidenreiz so lange
1139 1183 2442 1237 „trainirt“ werden, bis sie ganz und gar unfähig geworden
1134 1223 2440 1286 sind, dem Wort stiller Seelenkünder still zu lauschen und
1140 1277 2437 1341 dem Drama, das in Hamlet und Cordelia, in Stella und Tasso
1135 1330 2434 1399 hohe Ahnen verehrt, ein würdiges Publikum zu sein. Und
1142 1397 2441 1460 wir, Alle, denen Kunst ein Heiligthum und Sinnlichkeit ein
1140 1462 2432 1508 unersetzlicher Hort starken Menschenthumes ist, die jauchzen,
1151 1494 2436 1559 wenn im Tanze sich eines Weibes edler Leibvölligblößt, doch
1138 1546 2445 1616 speien, wenn daraus ein Härchengeschäft wird, wirmüssen uns
1145 1603 2441 1683 gegen die von Tag zu Tag dreister werdenden Versuche
1147 1655 2443 1722 sträuben, durch Nackttänze, Aufklärungfilms, Sexualtheatralik
1153 1708 2438 1783 die Freude an edler, freier, froh über alle Ränder von Sitte
1151 1756 2447 1827 und Brauch aufschäumender Sinnenregung zu erwürgen.Denn
1143 1836 2447 1887 diese Freude lebt von dem Geheimniß des höchsten Ge¬
1147 1877 2447 1939 schlechtsvorganges, das Jeder selbst entschleiern, in seliger
1147 1927 2440 1997 Nacktheit anstaunen und, als wärs zuvor nie Einem offen¬
1145 1977 2450 2051 bar geworden, genießen muß. Das wirksamste Mittel, diese
1157 2050 2443 2106 Freude zu morden, wäre die Gründung einer „Staatlichen
1157 2090 2441 2157 Hochschulezfür den technischen Betrieb der Sinnlichkeit“.
1155 2145 2454 2218 Deren Probirbühne mag dann mit „Reigen“ eröffnet werden.
1249 2193 2448 2271 (Trau Durieux, Herr Bab, Intendantleßner, die Professo¬
1150 2251 2442 2329 ren Koester und Roethe, sämmtlich irgendwelcher Muckerei un¬
1161 2310 2442 2381 verdächtig, haben, wie ich las, der Dreckdrohung getrotzt und
1157 2368 2459 2438 dem Gefühl ihrer Abneigung von so duftigem Theatergeschäft
1154 2431 2448 2495 Ausdruck gegeben. Solchen Ausdruck hat Preußens Kultus¬
1149 2482 2456 2545 ministerium, dem die Hochschule untersteht, zu erwirken ge¬
1159 2526 2453 2594 strebt; selbst sich aber nicht einmal in ein Geheimrathsgut¬
1157 2590 2455 2648 achten vorgewagt. Der Rat Bock, der dem Gericht vorsaß,
1154 2632 2451 2698 hier also Kunstgärtner sein sollte, hat, wie in vielen Zeitungen
1157 2705 2456 2753 stand, vorgeschlagen, den Reigen „nur“ sechzigmal tanzen zu
1155 2743 2445 2818 lassen. Werzweifeltnoch, daß in Krähwinkel Revolution war?)
1572 2836 2030 2937 Asche im Tempel
1256 2909 2455 2993 „Aber Daniel lachte, wies auf die Fußspuren und fragte:
1164 2972 2445 3056 Wessen sind die Stapfen in der Asche?“ Hätten die Sieger
1173 3025 2451 3095 von 1918 in Deutschlands Staatstempel, um drin fortwal¬
1160 3082 2451 3151 tenden Trug zu erweisen, Asche gestreut: auch sie dürften
1159 3147 2445 3215 heute lachen. Die erste Session des Völkerbundes, das schönste,
1169 3189 2455 3254 von Frühlingsgeist trächtigste Ereigniß unserer Lebenszeit,
1169 3249 2449 3313 wurde mit höhnischen Reden bespeichelt, weil der Bund,
1164 3294 2455 3362 dem noch Amerika, Rußland, Deutschland fehlen, dessen
1156 3349 2456 3423 Häupter aber den Eintritt dieser drei Völker ersehnen, nicht
