3336 4320
274 159 428 238 11.
464 149 769 257 Reigen
980 157 1370 244 box 18/1
524 3103 1689 3203 Die Aufführung von Schnißser
562 3156 959 3283 „Reigen“
1013 3178 1685 3299 — eine „tliche
1027 3259 1230 3382 Tat“
496 3352 1722 3458 Nach dem Urteil der Sechsten Zivilkammer des
803 3434 1446 3498 Berliner Landgerichtes III.
861 3478 1727 3565 Man wird sich erinnern, daß die von Frau Eysoldt
744 3523 1720 3595 und Herrn Sladek beabsichtigte erste Aufführung von Artur
743 3571 1648 3633 Schnitzlers „Reigen im Kleinen Schauspielhause
740 3608 1716 3675 Berlin auf Antrag des Hochschukleiters Professors Franz
737 3647 1710 3709 Schreker von der Berliner Polizei aus Sittlichkeitsgründen
739 3685 1713 3744 verboten und Frau Eysoldt und Herr Sladek mit hohen
738 3723 1720 3783 Strafen bedroht wurden. Gegen die Verfügung apvellierten
736 3758 1709 3829 die beiden Künstler an die Sechste Zivilkammer des Berliner
737 3799 1708 3860 Landgerichtes III als höhere Instanz und erzielten die
737 3838 1705 3902 bedingungslose Freigabe der Aufführung Jetzt liegt der
732 3874 1717 3943 Wortlaut der landgerichtlichen Entscheidung vor, die eine
737 3914 1702 3971 geradezu glänzende Rechtfertigung Schnitzlers bedeutet
733 3955 1704 4025 Das inhaltlich und formell gleich bedeutsame Urteil lautet
632 3995 711 4060 Die
706 3995 1706 4076 Hochschule für Musik hat den Antragsgegnern ihren
496 4049 1705 4125 Theatersaal, jetzt Kleines Schauspielhaus genannt, für schau¬
499 4097 1699 4176 spielerische Zwecke vermietet. Der Vereinbarung gemäß, dürfer
511 4148 1164 4205 HTRIIRFPHIU BHHRRLRRA
1614 4162 1658 4194 9
1685 3130 1742 3205 2
2326 292 2483 391 W.
2185 363 2396 488 6
2096 501 2552 571 Neues Wiener Journa!
1787 573 2976 641 sein kann. Gleiches gilt von der „starken finnlichen Erregung“
1780 621 3001 687 der Ausgelassenheit und der Verführungskunst der Schauspielerin
1786 671 3009 756 im neunten Bild Die überaus schwierige Aufgabe, die
1787 714 3001 793 Darstellung hier nicht ins Unschickliche oder ins tierisch
1793 764 3000 824 Triebhafte entgleisen zu lassen, wird durch gelungene Zurück¬
1792 808 2990 896 haltung und Zügelung alles Gemeinen vorbildlich gelöst. Im
1794 868 2985 940 vierten Bild geht die Erörterung des Ausbleibens der Geschlechts¬
1785 908 2997 989 lust mit 'aller Sachlichkeit und Nüchternheit vor sich. Die Er¬
1789 953 2984 1033 örterung des Ehebruches im fünften Bild erscheint notwendig,
1793 1015 2991 1073 um das seelische Erleben der jungen Frau hinsichtlich des Ehe¬
1783 1053 2992 1140 bruches, ihre Abenteuerlust, ihre Begehrlichkeit, ihre innere Zwie¬
1784 1101 2700 1181 spältigkeit und Unruhe ins rechte Licht zu rücken.
1906 1156 2991 1214 Die körperliche Vereinigung sollte stets lediglich der natür¬
1780 1184 2997 1280 liche Ausfluß innigster seelischer Gemeinschaft sein. Ein Verfall
1776 1248 2994 1336 dieser Auffassung hat leider in weitesten Schichten Platz
1775 1307 2990 1379 gegriffen. Diesen Kreisen wird durch diese Aufführung
1778 1353 2984 1423 die ganze Jämmerlichkeit des in ihrer Mitte mehr und mehr
1770 1395 2987 1476 einreißenden sittlichen Tiefstandes nachdrücklichst vorgeführt. Es
1779 1451 2990 1522 wird gezeigt, wie durch einen unedlen und unvollkommenen Genuß
1773 1487 2991 1582 des Augenblicks gedankenlos und würdelos zu Boden getreten
1772 1541 2988 1609 wird, was der Menschheit das Heiligste sein sollte. Die Wieder¬
1775 1584 2977 1663 holung der nämlichen Redewendung seitens der nämlichen
1774 1634 2973 1702 Person bei zwei verschiedenen Anlässen und die Wieder¬
1774 1678 2973 1754 kehr solcher Wendungen bei verschiedenen Personen in ähn¬
1774 1726 2985 1805 licher Lage kennzeichnen treffend jenen Mangel an Eigenart
1772 1778 2986 1856 und Selbständigkeit, auf dem der geringe Persönlichkeitswert
1769 1819 2978 1903 des Durchschnittsmenschen unserer Zeit beruht. Diese Entwürdigung
1768 1869 2977 1944 des Geschlechtsverkehrs zur Alltäglichkeit, zur Laune, zum Leicht¬
1772 1914 2984 1995 sinn, zum Abenteuer, dies Fehlen jeder großen, tiefen, sittlich
1778 1962 2980 2046 begründeten, echten, edlen Leidenschaft wirken erschütternd, weil
1774 2009 2466 2093 sie auf richtiger Beobachtung beruhen.
1887 2072 2984 2158 Inmitten der einzelnen Bilder, wenn zur Andeutung der
1775 2124 2984 2210 sich vollziehenden Vereinigung der Vorhang auf wenige Sekunden
1776 2176 2985 2261 sich schließt, und zwischen den einzelnen Bildern ertönt
1764 2227 2977 2297 eine Musik von Celesta und Cello oder Geige und Flöte. Diese
1760 2260 2974 2348 Musik lehnt sich an keine Kunstform an und ist dazu bestimmt,
1761 2317 2984 2400 mit ihren erotischen Phrasen die Stimmung festzuhalten, die in
1763 2362 2980 2451 dem Augenblick herrscht, in dem der Vorhang den Fortgang der
1758 2412 2224 2493 Handlung verhüllen soll.
1870 2466 2966 2559 Die Wirkung der Aufführung soll nach der erklärten Ab¬
1760 2524 2975 2611 sicht der Antragsgegner gipfeln in der Erzielung eines sittlichen
1766 2576 2970 2653 Ekels vor dem Tiefstand der Haltung weitester Bevölkerungs¬
1763 2622 2960 2700 schichten auf dem Gebiete des Geschlechtslebens. Auf diesen
1759 2671 2968 2741 Erfolg ist jede Einzelheit berechnet. Dieser Erfolg wird bei jedem
1756 2725 2965 2799 reifen, gebildeten Zuschauer auch erzielt. Vor allem beruht
1758 2765 2964 2840 diese Wirkung auf der ernsten Hingabe der Antragsgegner
1760 2814 2964 2890 an ihre Aufgabe und auf ihrer überlegenen Kenntnis der Wirkung
1757 2859 2965 2941 der szenischen Darstellung. Auch mag die Benutzung des von
1760 2903 2962 2985 Max Reinhardt verfaßten Regiebuches ihnen wertvolle Dienste
1759 2961 2951 3032 geleistet haben. In der zweiten vom Gericht besichtigten Auf¬
1757 3006 2966 3082 führung verloren im vierten Bilde der weibliche Teil, im neunten
1753 3052 2962 3134 Bilde beide Teile die Haltung, indem sie gerade an Stellen von
1749 3102 2954 3171 entscheidender Bedeutung ohne jeden Zusammenhang mit ihrer
1759 3148 2962 3218 Rolle in den Zuschauerraum hineinlachten. Es ist kennzeichnend
1753 3194 2970 3270 für den hohen Stand der Aufführung, daß durch diese an sich
1759 3246 2968 3323 sehr bedauerlichen Entgleisungen der Gesamtwirkung kein Abbruch
1749 3297 2797 3381 geschah. So bedeutet diese Aufführung eine sittliche Tat.
1861 3347 2962 3440 Es besteht zwar die Gefahr, daß der „Reigen“ auf unreise
1744 3406 2954 3474 oder unzureichend gebildete oder schlecht erzogene oder sittlich ver¬
1750 3457 2958 3527 vorbeue Menschen einen Einfluß dahin ausübt, daß sie sich auf
1752 3500 2956 3577 die hier gegeißelte Auffassung von der Bedeutung des Geschlechts¬
1752 3552 2955 3625 ebens einstellen. Doch kann jedes Kunstwerk, welches eine Au¬
1751 3597 2942 3670 eutung des Geschlechtlichen auch nur zuläßt, auf diese miß¬
1752 3640 2957 3718 räuchliche Weise ausgenommen werden. Ferner wird die
1740 3687 2951 3767 Meinung vertreten, die Erörterung solcher Dinge auf der
1741 3733 2948 3814 Bühne sei an sich in sintlicher Hinsicht anstößig. Diese
1745 3782 2944 3861 Meinung ist unzutreffend. Vielmehr kann es für die Auf¬
1750 3840 2934 3907 haltung des sittlichen Verfalls nur förderlich sein, diese Dinge so
1734 3885 2945 3957 zurückhaltend und sachlich und zugleich so deutlich und rücksichtslos
1738 3937 2934 4010 anfzudecken und zur Erörterung zu stellen, wie es hier geschieht.
1743 3970 2932 4046 Der zugrunde liegende Mietvertrag ist zwischen dem damaligen
1744 4022 2942 4101 Direktor der Hochschule für Musik, Kretschmar, und der
1738 4067 2944 4146 Frau Eysoldt geschlossen. Die führende Stellung dieser
1732 4119 2943 4194 Persönlichkeiten im Bereich der Kunst berechtigt zu dem
1751 4161 1860 4206 Saing
1907 4160 2248 4205 HEAE
