3444 4448
339 236 852 344 11. Reigen
1054 235 1465 326 box 17/5
2184 514 2689 659 Nus TAn AUI 50
2586 696 2819 770 Na. 9766
1648 700 2058 776 12. November 1920
1623 784 2859 847 Zeiten klagenden Librettisten, die ihr Hungertuch beim Prix und
1632 832 2849 893 und ihren Bettelstab beim Hieß kaufen, gar nicht zu reden. Das
1635 876 2853 950 verkannte Genie existiert einfach nicht mehr. Mozart und Schubert
1631 927 2852 988 würden, lebten sie heute, wahrscheinlich ungezählte Dollar ver¬
1636 960 2867 1034 dienen. Die Zeit versteht vielleicht ihre Künstler nicht, aber sie
1634 1021 2853 1095 bezahlt sie ganz anständig. Und merkwürdig, alte, oft gespielte
1635 1066 2860 1130 Stücke machen jetzt wieder Geschäft. Das neue Pudlikum, das
1624 1111 2867 1181 noch nicht lange Zeit in der Lage ist, teure Perkettplätze
1628 1161 2851 1227 zu bezahlen, holt seinen Bildungsmangel heftig nach. Theater¬
1635 1220 2859 1274 direktoren, wie Verleger sind eifrig dabei, aus alten Werken
1633 1260 2868 1327 herauszuholen, was immer nur geht. Demnächst wird es sogar
1633 1302 2862 1368 die Premiere eines neuen alten Stückes geben, von dem die
1634 1352 2858 1412 Theaterdirektoren seit mehr als einem Jahrzehnt schwärmen „Ja,
1635 1406 2859 1471 wenn man den „Reigen“ von Schnitzler spielen köum'! Das
1638 1450 2861 1516 wär' was!“ Und jetzt kann man den „Reigen“ von Schnitzler
1640 1495 2869 1563 spielen. Der Dichter so vieler feiner psychologischer Komödien,
1629 1553 2871 1625 hat sich vor dem Theaterpublikum durch Jahre geuiert, in seiner
1641 1594 2865 1658 Jugend ein Werk wie den „Reigen“ verfaßt zu haben. Jeder
1643 1639 2869 1705 andere, hieße er nicht Artur Schnitzler, hätte ein Stück mit
1637 1693 2870 1764 solchen Erfolgchancen ohne weiteres auf den Markt ge¬
1638 1718 2882 1812 worsen. Doch Schnitzler zögerte. Er traute sich nicht
1642 1793 2881 1850 recht, denn er fürchtete, das Publikum könnte hinter
1643 1826 2879 1893 den losen Szenen, die den „Reigen“ knüpsen, bloß
1647 1871 2877 1945 Pikanterie wittern. Und in ihnen ist doch eine eminente Meister¬
1655 1925 2878 2010 schaft des psycho=physiologischen Details. Schnitzler, schrieb den
1654 1967 2874 2045 „Reigen“ vor der „Liebelei“ und jahrelang kannten nur seine in¬
1651 2028 2871 2089 timen Freunde das Buch, bis ihn eines Tages ein Verleger
1655 2063 2875 2137 dazu brachte, es dem Buchhandel zu übergeben. „Reigen
1655 2116 2872 2182 machte damals sehr großes Aufsehen. Von einer Bühnenaufführung
1659 2160 2877 2233 aber wollte Schnitzler nichts wissen. Vor einem Jahr nun redete
1658 2211 2875 2283 ihm Max Reinhardt sehr zu, „Reigen“ in Berlin spielen zu
1651 2260 2877 2340 lassen. Und der Dichter entschloß sich, nachdem ihm Reinhardt
1657 2305 2870 2378 alle Bedenken ausgeredet hatte, die Aufführungsbewilligung zu
1656 2354 2876 2424 geben. Jetzt hat Reinhardt mit seinen Thestern aur mehr eine
1661 2403 2873 2470 loseie Regisseurbeziehung; Felix Holländer leitet sie und als
1660 2446 2886 2520 Holländer unlängst in Wien war, führte ihn der erste
1651 2504 2858 2567 Weg ins Cottage zu Schnitzler. Er wollte den „Reigen“
2201 2544 2878 2622 nicht früher wegzufahren bis
1664 2556 2139 2630 haben und gelobte,
1660 2592 2875 2659 Schnitzler seine Einwilligung geben werde. Und nach
1660 2647 2887 2715 langem Zögern und nachdem Holländer alle Besetzungsfragen er¬
1663 2683 2884 2759 ledigte, wie sie Schnitzler wünschte, konnte Holländer mit dem
1674 2737 2876 2817 „Reigen“ in der Reiserasche nach Berlin zurückfahren; dort soll
1668 2782 2876 2853 noch vor Weihnachten die Premiere sein. Mit einigen Wiener
1669 2835 2880 2901 Schauspielern in den Hauptrollen. Edthofer, Ettlinger, der junge
1676 2879 2877 2944 Thimig sollen unter anderen mitwirken. Für Wien hält sich
1672 2921 2883 2999 Schnitzler noch Bedenkzeit. Die Direktoren bestürmen ihn wegen
1666 2974 2883 3040 des Stückes, aber er hat sich bisher für keine Bühne entschieden.
1670 3025 2877 3091 Schnitzler hat förmlich Angst vor dem großen „Reigen"=Erfolg.
1659 3082 2889 3145 Er schätzt den „Reigen“ als eine liebe Jugendspielerei, aber es ver¬
1663 3123 2884 3191 drießt des Dichters Herz, daß der „Einsame Weg“ fünf- sechs¬
1666 3170 2881 3255 mal in einer Saison und der „Reigen“ vielleicht zweihundertmak
1661 3230 2037 3303 gespielt werden soll.
1781 3257 2898 3333 Und was wird die Zenfur zum „Reigen“ sagen? Es gibt
1667 3312 2894 3386 nämlich noch immer oder schon wieder eine Zenfur, obgleich es
1663 3360 2880 3417 immer hieß, so etwas brauche man in einer freien Republik nicht.
1662 3402 2886 3478 Trozvem ist die Zenfar in manchen Dingen für die Gessentlicheen
1663 3442 2883 3518 von nicht zu unterschätzendem Wert. Denn unsere Zenfur hat sich
1662 3491 2885 3573 den Zeitverhältnissen angepaßt. Sie ist nicht mehr so unnachsicht¬
1659 3543 2878 3618 lich strenge wie vor Jahren, als sie in Wedekinds „Kammer¬
1674 3585 2889 3666 sänger“ noch das k. k. vor dem Kammersänger strich, weil dieser
1677 3637 2889 3715 Tenor doch Dinge tat und sprach, die ein k. k. Mensch nicht tun
1669 3678 2880 3765 und sprechen darf. Als man in der Josefstadt unlängst wieder das
1678 3736 2885 3810 Zensurexemplar des „Kammersängers“ hervorholte, mußte man
1677 3780 2882 3856 über die kindliche Aengstlichkeit des Zensors von damals lächeln.
1675 3833 2893 3903 Heute ist das anders. So kam es, daß neulich, als in einem
1675 3870 2892 3954 Wiener Theater ein Stück gespielt wurde, dessen letzter Akt in
1669 3924 2889 4000 einem öffentlichen Haus vor sich geht, nicht der Zensor rot wurde,
1666 3986 2071 4055 sondern der Direktor.
1787 4009 2875 4095 Die Zensur von heute wird also gegen Schnitzlers „Reigen“
1670 4065 2890 4151 sicherlich nichts einzuwenden haben, weil sie ja weiß, daß es sich
1670 4117 2891 4191 bei Schnitzler um ein künstlerisches Werk und nicht um speku¬
1676 4160 2893 4233 lative Absichten handelt. Es ist die Frage, die eine taktvolle
2829 4207 2877 4255 di
2342 4213 2663 4269 HngHie R
1760 4229 2290 4270 KRHm
