3392 4352
664 77 1759 130 in den Kopf, der Welt schleunigst zu be¬
657 127 1753 176 weisen, daß es ernst gemeint war: daß kein
672 157 1755 218 Staatsrecht mehr gilt, wenn es in Wider¬
669 211 1747 290 spruch mit jenem „Gottesrecht“ gerät, dessen allein
665 248 1369 340 befugte Ausleger die Bischöfe sind.
780 320 1761 374 In einem Wiener Theater wird der „Reigen“
671 363 1752 420 aufgeführt. Viele Leute meinen, daß diese Aufführung
679 416 1760 469 das Schamgefühl verletze. Indessen, es werden in
670 459 1752 515 Wien Stücke aufgeführt, die noch in ganz anderem
654 500 1763 571 =Sinne „unsittlich“ sind als Schnitzlers „Reigen“ und
668 553 1752 611 in den unzähligen Nobelspeiunten, die sich geradezu
671 603 1756 664 der Protektion der Polizei des Herrn Glanz erfreuen,
680 648 1763 704 gibt es Aufführungen, die wirklich schamlos die
667 703 1763 763 Lüsternheit des Bourgeoispobels befriedigen. Aber der
689 756 1762 804 Reigen“ ist ein bekanntes Werk eines bekannten
660 795 1760 855 Dichters. Also suchte sich der Kardinal gerade dieses
666 841 1732 901 Werk zur Machtprobe aus. An demselben Tage,
673 901 1763 960 dem die Bischöse ihren Fastenhirtenbrief veröffent¬
678 948 1772 999 lichten, begann der Feldzug. Das Funder=Blatt, das
675 992 1767 1048 Organ des Kardinals, forderte, die Regierung solle
677 1044 1767 1101 die Aufführung verbieten. Die Regierung hatte zu
673 1094 1762 1153 solchem Verbot kein Recht, da über die Zulässigkeit der
680 1133 1767 1199 Aufführung nur der Wiener Landeshauptmann, nicht
673 1178 1778 1253 die Regierung zu entscheiden hat. Aber eben darum
684 1232 1772 1300 forderte der Kardinal das Verbot. Es handelle sich ja
680 1282 1774 1351 gerade darum, zu beweisen, daß es kein Staatsrecht
682 1341 1774 1390 gibt gegen das „Gottesrecht“ des Kardinals und daß
676 1376 1775 1432 keine Bestimmung der Verfassung gilt, wenn sie „das
674 1430 1775 1498 wohlerworbene Recht der Kirche schmälert“ de Laien¬
684 1456 1782 1544 regierung zu befehlen und zu verbieten. Das Werk¬
684 1533 1771 1587 zeug, das der Kardinal brauchte, war bald gefunden.
680 1574 1767 1634 Der Minister Glanz, in der Residenz des Kardinals
688 1617 1779 1674 ein häufiger Gast, ist es gewohnt, die Weisungen Seiner
690 1671 1782 1728 Eminenz entgegenzunehmen und auszuführen, wie es
689 1714 1777 1781 einem gehorsamen Sohn der Kirche ziemt. Was gilt das
687 1772 1786 1829 Staatsrecht, was die Verfassung, wenn Herr Piffl
685 1817 1785 1875 befiehlt? Unbekümmert um alle Gesetze, die ihm
696 1864 1783 1933 jegliches Eingreifen in das Recht des Landeshaupt¬
692 1919 1776 1983 mannes von Wien verwehren, verbot der Minister die
692 1965 1456 2025 dem Kardinal mißliebige Aufführung.
805 1991 1788 2069 Was geschieht nun? Daß die Klerikalen den
700 2042 1795 2116 Minister stützen, der, sei es auch um den Preis eines
690 2109 1783 2163 Rechtsbruches, den Befehl des Kardinals ausgeführt
705 2153 1792 2227 hat, ist selbstverständlich. Viel meressanter ist, wie
1501 2201 1791 2276 die Groß¬
713 2205 1489 2269 ich die „Freiheitlichen“ benehmen:
699 2243 1788 2312 deutschen im Parlament und die Liberalen in
697 2293 1788 2359 ihrer Presse! Von wenigen Ausnahmen abgesehen,
704 2342 1662 2425 stellt sich der ganze bürgerliche Freisinn teils
1690 2349 1785 2416 ffen
705 2404 1668 2466 auf die Seite des klerikalen Ministers, teils
1694 2401 1800 2468 sucht
699 2454 1792 2516 er die Angelegenheit zu bagatellisieren, als eine
698 2496 1797 2553 bloße Theaterfrage hinzustellen! Wie, hat nicht
703 2550 1785 2612 der Liberalismus jahrzehntelang die Abschaffung jeder
700 2594 1783 2659 Zensur gefordert, gerade er die größten Kämpfe
710 2640 1790 2705 um das Prinzip geführt, daß der Staat kein Recht
704 2691 1798 2752 habe, das geistige Leben mit Polizeiverboten zu
704 2735 1798 2789 regulieren, kein Recht, durch Polizeibüttel erwachsenen
702 2787 1783 2843 Menschen vorzuschreiben, was sie reden und schreiben,
700 2836 1792 2897 sich ansehen und anhören dürfen? War nicht die
712 2883 1803 2941 ganze Geschichte des Liberalismus eine Geschichte der
700 2932 1791 2995 Kämpfe gegen die Unterwerfung der Staatsgewalt
708 2979 1795 3039 unter das Gebot der Kirche und gegen die Ver¬
715 3022 1799 3098 gewaltigung des geistigen Lebens durch scheinheiliges
704 3082 1799 3139 Muckertum? Und mahnt uns nicht gerade der
712 3125 1793 3181 Liberalismus Tag für Tag, auch in der Zeit der
717 3169 1786 3231 schwersten materiellen Not, die Sorge um das Geistige,
713 3227 1793 3295 den Kampf um die persönliche, die geistige Freiheit
717 3276 1792 3334 nicht zu vernachlässigen? Aber sonderbar, wenn die
714 3312 1712 3371 Sozialdemokratie es unternimmt, dem Kardinal
1718 3321 1799 3382 zu
714 3357 1795 3427 beweisen, daß auch seiner Macht eine Grenze gesetzt
713 3420 1801 3476 ist und daß auch in Oesterreich die Zeit vorbei ist,
713 3468 1803 3523 in der auf Pfaffengeheiß konfigziert und zensuriert
707 3515 1800 3579 wurde, wann immer pfäffischer „Keuschheit“ es
705 3545 1795 3642 gefiel, dann murrt der bürgerliche Freisinn,
1788 39 2776 109 doch ficht für den ch n
1799 110 2878 157 nann Partei ergreifen, dessen Steuerpolitik den Geld¬
1802 153 2877 208 ack so rücksichtslos anpackt! Nur der Klerikalismus
1792 200 2883 253 kann noch große Massen gegen die Sozialdemokratie
1795 246 2871 312 aufbieten; und da sollte man einen „Kulturkampf“
1789 287 2880 356 gegen den Klerikalismus entfesseln? Keine Rede!
1808 353 2891 412 Judenliberale, Großdeutsche und Christlichsoziale eint
1807 394 2883 448 er Haß der Sozialdemokratie, kitret das gemeinsame
1794 439 2885 498 Klasseninteresse der Besitzenden zusammen. Die Liberalen
1801 487 2895 555 unterscheiden sich von den Christlichsozialen wirklich
1794 541 2900 597 nur noch badurch, daß sie Juden sind; da beide der
1792 592 2881 649 Kampf um die Freiheit des Handels eint, werden sie
1804 641 2887 704 sich doch nicht wegen der Frei##t vom Kirchenzwang
1798 685 2890 746 zerstreiten! Der Kardinal kann die Machtprobe wagen.
1806 742 2881 791 Er ist nicht nur seines klerikalen Heerbannes sicher.
1796 779 2897 836 Er braucht auch keinen Widerstand des bürgerlichen
2317 833 2899 894 Börgertum führt keinen
1810 830 2260 898 Ffreisinns fürchten.
1803 876 2890 933 Kulkurkampf gegen Karbinale mehr, seitdem es entdeckt
1815 921 2897 988 at, daß man unter dem Schutze des roten Kardinals¬
1812 988 2889 1057 hutes immer noch am besten seinen Gelbsack ver¬
1813 1027 2050 1096 tecken kann.
