3392 4352
113 71 791 139 seint außer Montag täglich 6 Uhr früh.
116 120 789 218 nzelpreis 80 Heller.
131 187 673 252 Im Straßenverkauf 90 Heller.
1429 27 2332 120 Areant
1107 88 1714 181 Redaktion und Expedition:
2017 124 3071 210 In Wien monatlich: zum Abhölen oder per Post K 19.30.
930 141 1879 237 Wien Vik., Bandgasse 28. — Telephon 30.436.
2017 185 3071 267 Außerhalb Wiens: Einzeln 90 h=40 Pf.—25 Cent.
912 201 1879 302 D waltung: VIII., Alserstraße 69. — Tel. 11.186.
2019 238 3077 339 Monatl. mit Postversand: 22 K— 11.25 Mk. — 7.50 Fres.
2119 403 3118 484 sich radikal zu gebärden. Aber wie sollen sie die
1049 396 2053 512 Der Streit um den „neigen.
2110 464 3119 537 großen wirtschaftlichen und politischen Fragen ra
1090 495 2062 580 Im Parlament ist es gestern wieder einmal hoch
2115 506 3125 572 dikal behandeln? Das gerade wollten sie ju unter
1046 535 2055 632 hergegangen, beinahe wie in den schönsten Obstruk¬
2117 548 3121 614 allen Unständen vermeiden. So müssen sie es ver¬
1052 592 2047 670 tionszeiten des alten Kurienparlaments. Es gab
2117 597 3112 675 suchen, das Interesse der Massen auf minderwichtig
1050 632 2048 714 Schimpfreden, wüste Szenen, Faustschläge, Rippen¬
2109 648 3128 725 Fragen abzulenken. Das ist der Grund, warum
1047 675 2049 767 stöße und andere Kirchweihbelustigungen. Der An¬
2109 694 3125 766 sie in der letzten Zeit ihren Antiklerikalismus aus
1047 731 1592 810 laß? Schnitzlers „Reigen“!
2109 744 3123 825 der Rumpelkammer, in die er in der Koalitionszeit
2107 801 3110 868 gewandert war, wieder hervorgeholt und auf den
1084 782 2049 867 Der Bürgermeister hat als Landeshauptmann
2119 839 3111 914 Glanz hergerichtet haben. Das Verbot der „Rei¬
1040 829 2056 923 die Aufführung dieses Stückes gestattet. Darob
2113 894 3113 967 gen“=Aufführungen hat ihnen nur einen willkom¬
1048 889 2043 970 große Entrüstung unter den Christlichsozialen. Sie
2111 937 3127 1021 menen Anlaß geboten, ihren Radikalismus auf eine
1045 944 2052 1012 hatte aber nicht den gewünschten Erfolg, das Stück
2103 988 3119 1054 ungefährliche und naiven Gemütern doch impo¬
1047 988 2049 1067 vurde weitergespielt. Ein Rudel halbwüchsiger Jun¬
2103 1027 2661 1100 nierende Weise auszutoben.
1034 1024 2041 1115 gen störte eine Vorstellung, doch auch das war ver¬
1036 1086 2046 1153 gebene Mühe. Nun bearbeiteten die Christlichso¬
1029 1128 2034 1201 zialen ihre Regierung und diesmal hatten sie Glück.
1034 1177 2048 1255 Herr Dr. Glanz untersagte, obwohl er dazu gar
1025 1230 2040 1288 nicht berechtigt ist, die weiteren Aufführungen des
1036 1264 2032 1355 Schnitzlerschen Stückes. Im Nätionalrat erfuhr
1032 1326 2035 1404 man von diesem Verbot gestern mittags und die
1026 1361 2048 1440 Sozialdemokraten brachten##forteine dringliche
1024 1404 2038 1482 Anfrage ein. Worauf es, wie bereits erwähnt, zu
1026 1469 2033 1542 einer äußerst lebhaften und anregenden Ausein¬
1032 1509 2035 1574 andersetzung kam. Man ließ auf beiden Seiten das
1033 1554 2035 1629 schwerste Geschütz auffahren. Dr. Glanz erklärte
1030 1614 2033 1687 unter dem demonstrativen Beifall der Christlichso¬
1029 1654 2039 1736 zialen, jeder anständige Mensch werde ihm recht ge¬
1034 1709 2036 1776 en, und Seitz, der liebenswürdige, süße Seitz,
1024 1751 2032 1826 wurde geradezu revoluzerisch; er kündigte den
1035 1791 2036 1866 Thristlichsozialen an: „Wenn Sie mit bewaffneter
1020 1839 2033 1923 Gewalt vorgehen, so werden die Sozialdemokraten
1030 1888 1175 1948 auch
1174 1895 2019 1973 bewaffneten Widerstand entgegensetzen.“
1055 1939 2026 2037 Man steht hier vor zwei Lügen, einer christlich¬
1023 1987 2024 2073 sozialen und einer sozialdemokratischen. Wer soll
1026 2044 2035 2128 den Christlichsozialen die sittliche Entrüstung über
1016 2086 2030 2166 die „Reigen“=Aufführung glauben? In Wien wer¬
1014 2134 2031 2221 den nicht erst seit gestern, sondern seit Jahren, seit
1012 2182 2023 2272 Jahrzehnten die schweinischesten Stücke aufgeführt.
1013 2237 2033 2304 Haben sich die Christlichsozialen jemals darüber
1023 2288 2023 2353 aufgeregt? O ja, ihre Presse hat seit jeher ab und
1019 2323 2023 2402 zu der Zeiten Verderbnis bejammert, aber mit so
1022 2387 2023 2465 einer Jeremiade war die Sache auch immer erledigt.
1009 2425 2025 2505 Und nun auf einmal wollen sie der Welt einreden,
1007 2467 2013 2546 daß sie sich den „Reigen“ ein Kunstwerk, das mit
1018 2518 2017 2605 jenen Spekulationen auf die Lüsternheit nichts ge¬
1015 2579 2019 2639 mein hat, auf der Bühne unmöglich gefallen lassen
1007 2617 2017 2691 können! Ja, daß ihre Entrüstung so groß ist, daß
1007 2661 2011 2748 sie nicht einmal einen Verfassungskonflikt scheuen!
1055 2708 2011 2793 Und wer soll ernst bleiben, wenn Seitz für den
1013 2772 2011 2848 „Reigen“ seinen berühmten „letzten Revolver“
1005 2825 2022 2897 zieht? Die Sozialdemokraten sagen freilich, es han¬
1003 2867 2014 2946 delt sich nicht mehr um den „Reigen“ jetzt gilt es,
1011 2911 2018 2987 eine Verletzung der Verfassung zu ahnden. Aber
1008 2966 2009 3045 wer soll glauben, daß es ihnen mit dieser Erklärung
1002 3016 2015 3087 ernst ist? Sie haben erst vor ein paar Tagen, bei
999 3051 2008 3136 der Verhandlung der Biersteuererhöhung, der Re¬
1007 3108 2010 3182 gierung einen Verfassungsbruch vorgeworfen und
1000 3160 1998 3232 ein Mißtrauensvotum gegen sie beantragt. Aber
998 3210 2011 3277 nach dessen Ablehnung war die Sache für sie er¬
1004 3247 1999 3317 ledigt — trotz dem Verfassungsbruch! Und dieser
999 3296 2011 3375 Fall steht nicht vereinzelt da: Wie oft hätten die
996 3359 2009 3420 Sozialdemokraten in der letzten Zeit den ernstesten
992 3394 1995 3465 Grund gehabt, den Christlichsozialen den Kampf
992 3439 2004 3514 bis aufs Messer anzukündigen — doch sie haben sich
992 3485 1993 3551 immer mit der „loyalen Opposition“ begnügt. Und
993 3544 2000 3609 nun soll man ihnen glauben, daß sie die Arbeiter
995 3584 1950 3657 für den „Reigen“ zu den Waffen rufen werden?
1039 3632 2000 3713 Die Not der Massen wird von Tag zu Tagsärger.
985 3679 1999 3767 Also halten die Sozialdemokraten es für angezeigt,
