3436 4384
276 199 439 301 11.
480 205 776 299 Reigen
967 197 1386 287 box 18/3
2021 152 2860 199 e
2009 204 2878 245 „Martyriums des heiligen Se¬
2021 235 2878 287 bastian“ von D' Annunzio mit der Begleit¬
2015 284 2879 328 musik von Debussy statt. Das Werk, das vor
2019 323 2884 372 fünfzehn Jahren entstanden und zum ersten Male
2014 370 2890 421 im Chatelet in Paris aufgeführt wurde, ist völlig
2009 418 2890 466 umgearbeitet und stark gekürzt worden; von den
2023 462 2882 508 fünf „Stationen“ des Originals sind nur noch vier
2019 507 2886 564 übriggeblieben. Die Aufführung an der Scala
2021 552 2883 597 mit Ida Rubinstein in der Titelrolle und
2020 595 2876 645 einigen der hervorragendsten Mitglieder der Com¬
2015 650 2883 693 médie Francaise gestaltete sich zu einem Theater¬
2013 686 2884 743 ereignis allerersten Ranges. Die Stabführung hatte
2018 731 2882 778 Toscanini. D'Annunzio, der der Aufführung in
2013 770 2877 827 Generalsuniform beiwohnte, war Anlaß patrioti¬
2015 820 2884 872 scher Kundgebungen. Der Applaus, der dem Werke
2005 863 2884 920 galt, scheint den ##chten der Presse zufolge
2006 914 2877 971 weniger groß gewesen zu sein. Recht amüsant und
2008 953 2880 1013 bezeichnend für die heutigen Theaterverhältnisse
2006 999 2887 1056 in Italien ist folgendes. Das Werk wurde schon
2015 1045 2884 1100 seinerzeit 1911 von den Erzbischöfen in Paris und
2006 1097 2886 1147 Mailand auf den Index gesetzt, und die Diözese
2007 1143 2882 1192 von Mailand erinnerte dieser Tage erneut daran,
2008 1184 2883 1234 daß es allen Katholiken auf Grund des kanonischen
2005 1229 2879 1279 Rechtes verboten sei, den Aufführungen des „Mar¬
2018 1281 2881 1331 tyriums“ von D'Annunzio beizuwohnen. Aber das
2002 1322 2882 1374 genügte noch nicht. Am Tage der Aufführung in
2009 1370 2871 1415 der Scala fand in der Mailänder Kirche San
2005 1412 2877 1469 Raffaele eine heilige Funktion statt, eine „funzione
2002 1465 2873 1505 reparatrice“, um die gekränkte Gottheit zu ver¬
1995 1502 2131 1568 söhnen.
2062 1603 2884 1664 In Rom, im Theater Bragaglias, erlebte dieser
1996 1657 2881 1718 Tage Schnitzlers „Reigen“ (Girotondo) die ita¬
1998 1708 2875 1761 lienische Uraufführung. Schnitzler, der doch sogar
2004 1748 2877 1797 schon ins Japanische übersetzt worden ist, ist in
2012 1794 2877 1838 Italien bisher wenig bekannt. Um so anerkennens¬
2010 1840 2873 1900 werter die Leistung Bragaglias, der von jeher be¬
2009 1886 2876 1939 müht war, moderne ausländische Autoren dem ita¬
2006 1933 2870 1980 lienischen Publikum zu vermitteln. Bragaglia ver¬
2004 1970 2875 2024 steht es meisterhaft, auf seiner kleinen Experimental¬
2011 2018 2878 2076 bühne mit bescheidensten Hilfsmitteln eindrucksvolle
2010 2064 2876 2123 und künstlerisch=stilvolle Wirkungen zu erzielen.
2008 2110 2870 2161 Weniger glücklich ist er in der Zusammenstellung
2003 2156 2877 2216 seines Ensembles. Die schauspielerische Wiedergabe
2000 2205 2882 2253 war durchaus unzureichend, und das ganz auf den
2004 2239 2877 2309 Dialog gestellte und nur vom Dialog aus zu spie¬
2011 2291 2881 2348 ende Stück versank in der Monotonie eines
2000 2346 2716 2397 nuancenlosen und gleichförmigen Spiels.
2720 2337 2876 2392 Aner¬
2004 2382 2867 2435 kennenswert immerhin die graziöse und leichte Art,
2003 2433 2876 2485 mit der über die für hiesige Begriffe besonders
2000 2467 2867 2523 gewagten Stellen hinweggespielt wurde. Daran
2010 2518 2865 2574 hätte auch Professor Brunner keinen „Anstoß“ ge¬
2005 2567 2872 2612 nommen. Die Aufnahme des Stückes war, wesent¬
2003 2610 2867 2665 lich infolge der matten schauspielerischen Wieder¬
2006 2655 2868 2706 gabe, recht schwach und die Kritiken der Presse
1991 2697 2863 2747 dementsprechend. Trotz dieser dezenten und unan¬
1997 2746 2868 2807 stäßigen Wiedergabe wurde das Stück wenige Tage
1985 2780 2652 2857 mach der Erstaufführung verboten.
2053 2905 2865 2971 Die an der Mailänder Scala gestohlene Stra¬
2010 2963 2868 3015 winski=Partitur über deren mysteriöses
2003 3008 2870 3053 Verschwinden aus dem Studierzimmer Toscaninis
2005 3054 2865 3111 wir vor kurzem berichteten, ist bei dem Musikalien¬
2009 3099 2859 3155 händler Mario Alziati in Mailand wiederge¬
1999 3139 2865 3198 funden worden. Dieser will sie von einem
1999 3185 2860 3242 Unbekannten für 50 Lire (!) erworben haben,
1992 3240 2868 3287 außerdem noch einige andere ebenfalls an der Mai¬
1989 3311 2855 3377 länder Scala entwendete Partituren. Die Polizei
1987 3371 2705 3421 forscht nun nach dem großen Unbekannten.
2038 3454 2846 3531 Giovanni Papini, der mit seinen Prosaschriften,
1984 3526 2856 3580 vor allem mit seiner in viele Sprachen übersetzten
1990 3579 2845 3631 „Storia di Christo“, einen nicht gewöhnlichen Er¬
1985 3620 2854 3670 folg erzielte, ist Blättermeldungen aus Florenz zu¬
1987 3670 2844 3716 folge unter die Komödienschreiber gegangen. Er
1985 3709 2850 3756 arbeitet gegenwärtig an einem Stück, das voraus¬
1980 3751 2842 3801 sichtlich den Titel „La scoperta del mondo“ (Die
1982 3796 2852 3850 Entdeckung der Welt) tragen wird. Außerdem
1984 3838 2851 3892 schreibt er zurzeit an einem moralisch=philosophischen
1976 3888 2849 3940 Werk, natürlich in literarisch=künstlerischem Ge¬
1979 3932 2854 3989 wande, „Adam“ das in Form und Charakter
1959 3978 2586 4044 eine Art Manifest darstellen wird.
2733 3978 2838 4055 Kr.
