3436 4224
218 1504 362 1578 iten.
175 1541 399 1613 werden und
155 1582 395 1656 mit seinem
126 1634 400 1697 #nd der Herr
131 1674 403 1737 ir in diesem
109 1716 404 1785 Ertei Ostpreu¬
152 1760 402 1817 länger mit
134 1794 361 1857 Fische“ nime
127 1831 377 1897 de Erwa##
133 1873 394 1947 der Lü###ng¬
252 1937 398 2008 Konalen
130 1939 210 2014 tisch
252 1992 395 2061 Abend¬
137 2003 201 2054 en,
307 2077 397 2143 der
141 2076 283 2144 nten,
144 2175 396 2251 richteten Aus¬
139 2233 411 2291 chgerne nach.
121 2269 403 2340 es und seines
124 2334 403 2406 ufgehoben
135 2389 407 2444 ker Auffassung
123 2427 405 2488 as Allgemein¬
181 2469 405 2521 ich auch für
128 2506 413 2574 icht gewünscht,
140 2571 406 2642 8 Hauptschrift¬
229 2614 405 2675 nur mit¬
212 2663 409 2717 lichen An¬
186 2696 405 2756 ich im Sep¬
140 2732 408 2801 Zeitung“ im
160 2780 410 2837 f und er zur
123 2817 408 2876 en zu müssen,
135 2857 410 2914 mich bringen.
123 2898 408 2953 fassen. Soweit
137 2933 415 2990 eiheit mit
167 2903 418 3072 1 11
147 3052 409 3107 hi im Zweifel
148 3089 407 3157 ötz von Berli¬
137 3121 273 3186 bbrin
280 3196 407 3260 besser,
137 3190 267 3262 bertritt.
144 3232 407 3315 Zurückhaltung
286 3416 423 3483 phen
120 3427 288 3489 eogra
132 3474 420 3525 ederichsen
294 3509 413 3564 Welt¬
120 3513 295 3575 end des
242 3546 421 3616 Gineral¬
122 3545 233 3618 eim
970 131 1403 222 box 18/3
256 128 798 231 11. Reigen
479 1181 1748 1280 eblall=Benzblal
1861 1192 1993 1282 I1
1985 1209 2142 1283 5
2302 1075 2946 1305 spreußen
442 1320 1688 1399 Königsberg, Mittwoch, den 7. Dezember 1921.
2488 1350 2928 1414 25. Jahrgang.
387 1497 3002 1552 gouvernement Warschau war, sprach zunächst über die politische Ge¬* Kirchenkonzert. Der Ostpreußische Schulverein Orts¬
1342 1554 1391 1590 200
396 1554 1168 1609 paraphie Volens, um dann auszuführen:
417 1554 1815 1631 Kaluza seinen Kollegen, Schutern und der Propsteigemeinde sewesen gr
1733 1559 2692 1632 kunstrrfnisiher Bsschels Seite
1734 1589 3003 1666 im Ausland großes Aufsehen erreat und ihm im vorigen Jahre ein
421 1600 1700 1667 ist. Warme Worte des Trostes fand der Geistliche für die Hinter¬
1730 1640 3018 1704 bolländisches Reisestipendium eingetragen. Dr. Behnes jüngste
414 1648 1712 1715 bliebenen. Die Trauergesänge führte der Semrausche Kirchen¬
1732 1684 3014 1744 Publikation ist „Der Sieg der Farbe“ ein großes Mavpenwerk in
420 1689 1699 1752 chor aus. Dann bewegte sich der Zug nach dem katholischen Fried¬
1729 1717 3008 1802 Lichtdrucken. Vorträge hielt er abgesehen von Berlin in Homburg,
413 1722 1305 1807 hof in Amalienau, wo die Beisetzung erfolgte.
1730 1752 3012 1834 Leivzia, Danzia Weimar, Magdeburg usw. — Der Saal des Stadt¬
497 1773 1711 1836 * Die „Reigen“=Aufführung im Neuen Schauspielhaus gehört zu
1724 1813 2209 1884 missionshauses ist geheizt.
417 1828 1709 1884 den besten Leistungen unserer Kammerbühne. Durch einen runden
430 1870 1708 1926 Ausschnitt sah man das Bühnenbild in kleinem Umkreis mit den aei¬
1796 1875 3022 1930 * Ueber Beschlagnahme von Waren durch die Polen bei der
427 1909 1711 1961 wendigsten Gegenständen bestellt, so daß die jeweiligen Paare über¬
1736 1914 3014 1970 Fahrt durch den Korridor (Durchgangsverkehr) wurden verschiedent¬
430 1945 1706 2000 lebensgroß wirkten: wie etwa auch im Träumen, bei der Lektüre des
1721 1949 3016 2007 lich im Laufe des Sommers aus Handelskreisen Klage lant. In
427 1984 1705 2041 Buches die einzelnen Szenen fast schattenrißartig an einem vorüber¬
1726 1991 3020 2050 einem Falle wurde von der Bahnhofskommandantur in Konitz
418 2022 1713 2081 gleiten würden. So gelangten Schnitzlers feine, aber auch heikle
1722 2020 3014 2084 eine Sendung von neun Kisten getragenes Schuhwerk be¬
423 2063 1714 2122 Variationen auf ein Thema, das sonst nicht gern mit vollem Namen
1736 2069 3011 2123 schlagnahmt, die vom Landrat des Kreises Brannsberg zur
423 2102 1708 2168 genannt wird, aus einer gewissen Entrücktheit in den Zuschauerraum.
1721 2111 3006 2163 Weitergabe an die minderbemittelte Bevölkerung bestimmt war.
504 2128 1702 2196 Die Dirne wurde von Erna König derb und doch nicht seelen¬
1719 2138 3017 2211 Die Kreisbehörde hatte hierfür bereits den Betrag von 27 421 Mark
419 2171 1708 2236 los dargestellt. Draufgängerisch und skrupellos spielte Max Fried¬
1723 2182 3011 2242 an die Altlederverwertungsstelle Charlottenburg gezahlt und stellte
429 2215 1701 2277 rich den Soldaten. Neben ihm blühte das Stubenmädchen der Mar¬
1722 2218 3010 2283 begreiflicherweise nach der Beschlagnahme Anträge bei den zustän¬
432 2257 1708 2326 garete Holtz=Walleck zart und lieblich: die Lieblichkeit wandelte
1722 2267 3007 2321 digen Stellen auf Rückerstattung dieses Betrages seitens der polni¬
451 2290 1717 2351 ich aber in Keckheit im Liebesspiel mit dem jungen noblen Herrn
1733 2308 2050 2375 schen Regierung.
441 2341 1713 2388 Wolfgang Langhoff). Der folgenden Szene mit der jungen Frau
1801 2343 3027 2407 Im Auftrage des Oberpräsidenten der Provinz Ost¬
422 2377 1710 2443 blieb Langhoff Schnitzler die letzten Nuancen schuldig; ganz traf auch
1734 2375 3035 2447 preußen hat sich dessen Berliner Vertreter beim Reichs= und Staats¬¬
426 2414 1715 2467 nicht Helene Sauer den Ton der a„nständigen“ Frau. Es fehlte ein
1736 2421 3015 2479 ministerium des Näheren mit dieser Angelegenheit befaßt und den
425 2450 1716 2510 Weniges, sie sah sehr liebreizend aus, und doch: Schnitzler muß feiner
1735 2463 3020 2520 betreffenden Antrag mit zweckdienlicher Begründung dem Staats¬
430 2481 1718 2548 gespielt werden, vor allem auch im „Reigen“. Dagegen war der
1734 2509 3022 2564 kommissar vorgelegt, der neuerdings zur Regelung der Ansprüche
434 2522 1710 2587 Ehemannstyp von durchschnittlichen Lebemannsallüren Hans Pepp¬
1736 2535 3018 2599 aus Beschlagnahmungen von Waren durch die Polen bestellt wor¬
427 2566 1712 2622 lers glänzend getroffen. Entzückend veanerisch gibt sich das Mädel
1735 2584 3013 2643 den ist. Der Berliner Vertreter des Oberpräsidenten wird sich
434 2605 1716 2651 der Mizzi Mößl=Friedrich. Blaß bleibt der Dichter Werner
1729 2625 3027 2695 auch weiterhin für die Förderung der Angelegenheit im Sinne der
425 2640 1707 2704 Kepichs, auch nicht überzeugt genug klingen seine doch ganz aus
1729 2657 2197 2740 Antragsteller verwenden.
434 2680 1716 2742 tiefer Seele geholten Phantasien; wenn diese auch auf die Schau¬
443 2725 1719 2787 spielerin lächerlich wirken darf er sich doch nicht einen Augenblick lana
1814 2728 3012 2787 * Remonteankäufe 1922. Ebenso wie in den beiden vorher¬
433 2764 1718 2816 selbst lächerlich vorkommen. Besser gelang ihm die Zwiesprache mit
1732 2775 3014 2848 gehenden Jahren wird auch im Frühjahr 1922 bezw. Sommer ein
428 2789 1720 2861 dem süßen Mädel. Annie Vara spielte mit Primadonna=Capricen,
1738 2805 3023 2867 großer Ankauf drei= und vierjähriger warmblütiger Remon¬
437 2852 1715 2897 mit dem Alltagspathos und der ganz selbstverständlichen Gefühls=Un¬
1735 2850 3023 2907 ten durch die erste Remontierungskommission des Reichswehrmini¬
428 2882 1716 2939 lvaik der großen Schavspielerin den vom Dichter und Graf um¬
1737 2888 3006 2943 steriums stattfinden. Die Märkte löffentliche und private) erstrecken
433 2914 1715 2965 schwärmten Bühnenstern. Das Feinkomischeste des Abends war
1740 2920 3005 2989 sich über die ganze Provinz. Die Züchter haben hierbei Gelegenheit,
435 2957 1723 3020 Oskar Wallecks eckiger Graf. dem das Liebesspiel zur Mittagszeit
1741 2961 3010 3023 in der Nähe ihrer Wohnstätten ihre Remonten abzusetzen Amt¬
439 2987 1711 3052 mit der Schauspielerin so verdammt stimmungslos vorkommt. Walleck
1740 2997 3022 3061 liche Bekanntmachungen über die näheren Termine und Ankaufs¬
445 3021 1723 3090 läßt auch bei der Dirne mit stillen seinen Worten den Reigen aus¬
1734 3049 3016 3103 bedingungen erfolgen voraussichtlich im Februar. Die Kommission
687 3074 1723 3143 Seine Spielleitung hatte wohltuende Dämpfung aus¬
444 3082 705 3141 klingen....
1737 3074 3019 3147 legt großen Wert darauf. daß die Mähnen der Pferde nicht geschoren
440 3107 1719 3175 geübt, nur die melodische Musik zwischen den Szenen war zu leise ge¬
1741 3135 1889 3202 werden.
433 3140 1653 3210 worden sodaß man kaum etwas horte, da unmöglich ein jeder
1862 3174 3014 3245 Deutscher demokratischer Studentenbund. Der am vergangenen
430 3181 1667 3252 zweieinhalb Stunden — es wurde ohne eigentliche Pause gespielt
1741 3225 3007 3286 Mittwoch wegen Krankheit des Vortragenden ausgefallene Vortrag
436 3230 1721 3285 im Dunkeln wortlos sitzen wollte Die Stimmung wurde noch ge¬
440 3272 1712 3323 stört, das hie und da, da und dort in den immer verdunkelt bleiben¬
1731 3269 3019 3320 von Geh. Rigierungsrat Prof. Dr. Schreiber über „Das
444 3305 1719 3362 den Zwischenakten Taschenlampen. Streichhölzer und Feuerzenge auf¬
1735 3287 3010 3364 Problem der Parteiorganisation“ findet am 7. De¬
434 3343 1719 3407 flammten, um das Programm nachzulesen. Es wäre wohl zweck¬
1739 3337 3014 3412 zember 8 Uhr pünktlich in der Oberprima der Luisenschule (Landhof¬
436 3383 1715 3450 mäßig, wenn der Saal wenigstens zweimal im Laufe des Abends ein
1739 3388 2120 3455 meisterstraße), statt.
438 3423 858 3496 wenig belichtet würde.
1858 3447 3029 3509 Kleiderdiebstähle. Einem Kandidaten der Medizin wurde aus
512 3450 1716 3524 Gehorsam der Weisung des Theaterzettels verließ das Publikum
1739 3480 3021 3548 dem Garderobenraum des Hygienischen Instituts ein kurzer
433 3494 1654 3566 die Vorstellung ohne Aeußern eines Beifalls oder Mißfallens.
1747 3521 3019 3599 mit Kanin gefütterter Sportpelz und Kaninkragen, sowie grauem
1522 3540 1669 3608 A. H.
