3336 4320
231 128 751 230 11. Reigen
935 147 1358 228 box 18/1
707 470 1123 570 für Zeitungsausschmu
725 544 1192 623 43, Georgenkirchplatz 21
1094 661 1263 745 #####
495 738 687 818 Zeitung:
502 808 608 885 Ort:
1211 799 1330 895 30
508 878 685 961 Datum:
778 882 962 980 eret gn
1073 905 1198 977 —
1592 881 2944 977 —.
1750 984 2914 1060 Feirtages wurden an der gleichen Stelle die abstoßenden Vor¬
695 997 1598 1125 Christ ist erstanden ...
1761 1057 2524 1113 gärge der „Büchse der Pandora“ enthüllt.
1829 1109 2924 1164 Es ist schlimm, daß Wedekind so schamlos ist, schlimmer aber
613 1101 1656 1187 Ein Rückblick auf die Berliner Ostern.
1747 1162 2904 1213 ist, daß er die weibliche Schamlosigkeit nicht nur schamlos dar¬
1757 1186 2910 1250 stellt, sondern sie auch als einen glänzenden siegreichen Zustand
1081 1192 1186 1270 Von
1760 1241 2912 1290 feiert, vor dem er sein Knie in Verehrung beugt. Um den
966 1257 1301 1338 Erich Schlaikjer.
1764 1279 2906 1335 Satanismus dieses Vorganges vollständig zu machen, wird dann
1753 1336 2905 1381 auf der anderen Seite nicht nur jede religiös, sondern auch jede
822 1327 1703 1392 Sie sprachen aber: „Ja nicht auf das Fest, auf daß
754 1362 1612 1437 nicht ein Aufruhr werde im Volk.“ Matth. 16, 5.
1757 1369 2915 1417 irdisch begründete Sittlichkeit mit eiskalter Skrupellosigkeit
1751 1416 2902 1461 aufgehoben, soweit sie sich nicht in einen räudigen Hund ver¬
561 1408 1708 1473 Die deutsche Österstimmung ist nie so herrlich gezeichnet
1759 1458 2919 1523 wandelt, den der Fuß der Dirne zum Entzücken des Dichters.
543 1456 1708 1514 worden wie von Goethe im Faust in der Szene vor dem Tor.
1765 1509 2376 1565 mnit lachenden Tritten mißhandelt.
550 1506 1705 1572 Am frühen Morgen läuten die Glocken und der Chorgesang
560 1552 1711 1597 auchzt über den auferstandenen Heiland, am Nachmittag aber
1819 1558 2904 1623 Ob es Menschen gibt, die dieser Auffassung entsprechen
549 1594 1699 1658 strömt das Volk aus der ehrwürdigen Nacht der Kirchen und
1750 1597 2901 1662 und die ihr darum aus inneren Gründen zugetan sein müssen,
554 1639 1712 1697 aus den alten engen, giebeligen Gassen in die aufblühende
1760 1655 2914 1715 soll im vorliegenden Zusammenhang nicht untersucht werden.
546 1682 1706 1735 Natur hinaus. Die Bürger besprechen den neuen Bürgermeister,
1752 1696 2909 1751 Mir ist, als hätten wir hier die im Neuen Testament nur an¬
558 1727 1708 1780 das weibliche junge Blut läßt sich von kecken Burschen finden,
1767 1741 2912 1791 jedeutete Sünde wider den Geist, die nicht vergeben werden
550 1769 1703 1818 die Fiedel klingt unter der Linde, die derben Mägde jauchzen
1765 1788 2913 1840 kann, die Sünde, die nicht nur ein bestimmtes Gebot, sondern
559 1814 1706 1884 und an den Tischen wird zu starkem Bier ein beizender Toback
1750 1828 2906 1880 den Geist der Sittlichkeit aufhebt, nicht nur die göttliche Liebe
550 1852 703 1919 geraucht.
1755 1872 2906 1938 vermissen läßt, sondern diese Liebe selber als den heiligen Geist
629 1871 1702 1951 In diesem Bild ist nicht die göttliche Resignation des
1760 1912 2915 1962 der Schöpfung zugunsten der Wollust entthront. Gott stößt die
546 1936 1704 1993 Nazareners, die wie der Frieden eines Sommerabends in die
1764 1961 2902 2019 Welt nicht von außen, sondern bewegt sie im Innern, sagt
554 1986 1705 2042 gepeinigte Welt tritt, sondern das urkräftige Behagen eines
1760 2007 2915 2057 Goethe, und wir kommen am Ende ein Stück weiter, wenn wir
555 2032 1708 2087 gesunden Volkslebens, in das der Nazarener einen ernsten
1758 2044 2913 2098 das Licht dieser philosophischen Auffassung auf unser Problem
558 2066 1713 2125 Glockenton hineingewoben hat. Wir wissen, daß wir dies In¬
1766 2096 2904 2152 allen lassen. Die Sündenvergebung hebt die Folgen der
555 2123 1714 2174 einander von Christentum und germanischer Kraft an allen
1760 2138 2902 2185 Sünde auf, im Sinne Goethes aber erreicht Gott diese Auf¬
552 2164 1706 2217 fröhlichen Festtagen unserer Kirche wiederfinden. Wir wissen,
1766 2175 2915 2232 hebung nicht, indem er von außen in die Seele eingreift,
557 2205 1702 2254 daß auch in der Weihnachtszeit die geselligen Vergnügungen,
1763 2229 2903 2279 sondern indem er in ihrem Innern eine Bewegung hervorruft,
545 2245 1705 2297 der Gänsebraten, die Kuchen, die Geschenke der Kinder eine
1751 2266 2907 2319 nicht indem er die Gesetze der Seele stört, sondern indem er sie
547 2290 1705 2346 große Nolle spielen und sind zufrieden, wenn durch die heilige
1757 2313 2902 2363 erfüllt. Wenn Goethe damit recht haben sollte (und seine Auf¬
549 2327 1709 2387 Zeit die Ahnung einer höheren Welt hindurchgeht. Wir wissen,
1767 2359 2907 2414 assung ist zum mindesten ernsten Nachdenkens wert), würde
557 2378 1707 2427 daß wir nie die Majestät der Ueberwindung erreichen werden,
1753 2398 2903 2444 die Sündenvergebung ausbleiben, weil in der Seele ein
544 2420 1708 2466 die sich in den Erdentagen des Heilands spiegelt, und die in
1750 2440 2909 2490 Prozeß nicht mehr hervorgerufen werden kann, der zur Ueber¬
543 2461 1703 2517 Gethsemane und in dem verzweifelten Aufschrei am Kreuz
1762 2490 2909 2547 windung des sündigen Zustands führt. Das Neue Testament
557 2505 1712 2560 selbst seine hohe Seele vorübergehend verlassen wollte. Wir
1750 2529 2912 2581 würde also die Verweigerung der Sündenvergebung nicht in
557 2554 1707 2610 wissen, daß wir uns glücklich preisen müssen, wenn der Heiland
1760 2571 2912 2631 Aussicht stellen, weil die Güte des von ihm verkündeten Gottes
541 2596 1704 2641 durch die gesunde Sinnlichkeit unseres Volkstums einen leuch¬
1754 2616 2907 2665 irgendwo eine Grenze hätte, denn nach den Evangelien hat sie
554 2637 1699 2694 tenden Faden seiner göttlichen Liebe hindurchwebt, und er wird
1758 2662 2906 2717 das nirgends, sondern weil sie in einer bestimmten menschlichen
546 2687 1195 2750 uns darum nicht verwerfen wollen.
1755 2703 2914 2761 Seele nicht mehr zu wirken vermag. Ist eine Seele aber in
621 2722 1704 2781 Er verwarf die Sünderin nicht und nicht den verlorenen
1755 2750 2906 2796 allem Ernst satanistisch geworden, also nicht aus törichter Eitel¬
551 2762 1708 2835 Sohn, weil in ihnen das Licht der Menschenliebe war. Er
1757 2795 2907 2847 keit, weil sie den Zustand für gar so interessant hält, dann ist
552 2818 1705 2878 hatte für den daheimgebliebenen Sohn nur eine gütige Zurecht¬
1758 2834 2901 2894 sie so restlos der Unsittlichkeit verfallen, daß jedes Gefühl ihres
551 2867 1707 2913 weisung, obwohl seine Seele kalt war, und er stellte selbst dem
1757 2874 2904 2934 eigenen Zustandes erloschen ist. Dann kann aber eine innere
557 2907 1708 2958 Mörder am Kreuz das Paradies in Aussicht, als das Licht der
1753 2925 2906 2978 Reaktion, die zu einer Ueberwindung des sündhaften Zustands
553 2946 1703 3006 sittlichen Erkenntnis in ihm aufging. Er spricht die mildesten
1750 2971 2914 3030 führen könnte, nicht mehr hervorgerufen werden, da jede
547 2996 1710 3049 Worte, die je von Menschenlippen geflossen sind, so lange er
1762 3013 2905 3067 Reaktion aus einem sittlichen Keim hervorgehen müßte, die sitt¬
544 3037 1704 3087 nur ein diamantenes Staubkorn seines eigenen Wesens sieht.
1757 3052 2904 3105 lichen Keime aber gestorben sind. Man kann selbst die härtesten
545 3082 1703 3136 Er greift nur zur Peitsche, wenn das Letzte gewagt und der
1758 3100 2900 3154 Metalle schmelzen, ein Metall aber, das der Einwirkung der
544 3119 1701 3170 Tempel selber geschändet wird. Er läßt den Donner seiner
1758 3140 2910 3194 Wärme nicht mehr unterliegt, kann auch durch die Glut im
549 3164 1706 3219 Rede nur grollen, wenn die Seelen innen voll Unflats wurden,
1758 3184 2907 3246 Innern des Sonnenballs nicht geschmolzen werden, und in einer
554 3208 1707 3264 wobei er sich durch äußere Korrektheit nicht blenden läßt, und
1756 3232 2916 3281 Seele, die der Einwirkung der göttlichen Güte nicht mehr unter¬
557 3252 1702 3305 selbst dann geht mitunter durch seine Rede eine stille Trauer
1759 3278 2906 3340 liegt, kann eine Vergebung der Sünden nicht mehr bewirkt
548 3298 1713 3350 über die Verlorenen, wie die Wipfel der Bäume unter leisem
1763 3318 1895 3380 werden.
543 3340 1703 3408 Rauschen weinen, wenn das Gewitter sich in der Ferne verzog.
1829 3365 2909 3432 Im Satanismus scheinen mir also die psychologischen Vor¬
623 3381 1713 3443 In den folgenden Zeilen, die den Spielplan der Östertage
1752 3409 2908 3462 amssotzungen vorhanden zu sein, die vorhanden sein müssen, um
547 3434 1699 3481 betrachten wollen, darf nun nicht übersehen werden, daß das
1766 3460 2911 3509 das Ausbleiben der religiösen Sündenvergebung verständlich
547 3478 1710 3530 Theater eine weltliche Kultusstätte der Seele ist und die
1767 3501 2904 3551 erscheinen zu lassen. Gott könnte die Seele nur noch ändern,
546 3518 1714 3569 weltliche Freude hier also vorhanden sein darf. Wir dürfen
1757 3541 2902 3591 indem er durch einen äußeren Eingriff ihre gesetzmäßige Ent¬
546 3565 1706 3613 vom Theater zwar verlangen, daß es dem Grad nach höher
1758 3583 2905 3636 wicklung aufhöbe, und am Ende gilt das Wort des Nazareners:
550 3602 1700 3649 liege als das bunte Treiben vor dem Tor, weil es eine Kultus¬
1754 3633 2913 3682 „Ich bin nicht gekommen aufzulösen, sondern zu erfüllen,“ nicht
553 3649 1711 3706 stätte der Seele ist und diesen Adel nie ganz verleugnen darf,
1760 3669 2900 3726 nur vom alitestamentlichen Gesetz, sondern hat den tieferen und
548 3698 1698 3747 wir dürfen aber nicht verlangen, daß es, als ein Teil des
1751 3714 2901 3766 allgemeineren Unterton der Goetheschen Anschauung. Wie dem
535 3736 1707 3781 Volkslebens, aus anderen Elementen gemischt sei als das
1760 3765 2902 3812 nun aber auch sei: unter allen Umständen ist der Satanismus
550 3781 1700 3832 Volk selber. Wenn die Fiedel unter der Linde erklingt, darf
1752 3800 2915 3847 der tiefste Abfall vom Heiland, den menschliche Gedanken er¬
542 3817 1702 3872 sie auch im Theater gestrichen werden, und wenn das junge
1755 3845 2902 3897 messen können, und so handelt unser Theatersystem wohl nur
543 3864 1708 3916 Volk jauckzt, hat das Jauchzen auch auf der Bühne ein Recht.
1762 3887 2900 3935 folgerichtig, wenn es ihn gerade an den hohen Festtagen der
540 3906 1702 3966 Verliert sich vor dem Tor die sinnliche Freude in niedrige
1753 3935 2902 4001 christlichen Kirche von der Bühne herab so wirkungsvoll pro¬
551 3951 1701 4003 Gier, hat das Theater ein Recht, diese Erscheinung zurückzu¬
1757 3975 1904 4032 pagiert.
545 3990 1702 4042 strahlen, sie hat aber kein Recht, ihr gleich zu sein oder sie zu
1830 4022 2914 4089 Wenn man im Satanismus den souverän gewordenen
546 4040 1709 4093 billigen, wie sie auch im Volksleben von keinem gesunden
1753 4088 2908 4133 menschlichen Egoismus erblickt, muß er zum sexuellen Trieb als
543 4081 1700 4140 Menschen gebilligt wird. In der Gier wohnt keine Freude, son¬
1750 4120 2905 4166 zur konzentriertesten Form zugleich des sinnlichen Egoismus und
804 4122 1702 4168 Möglichkeit einer zitternden Befriediaung und so
