3436 4256
292 153 420 238 11.
994 140 1416 253 box 18/2
481 147 810 254 Reigen
695 731 3040 918 Die Anträge des Staaksanwalts im „Reigen“=Prozeß.
1209 910 2536 980 Gefängnisstrafe für Frau Eysoldt und Direktor Sladek.
713 986 1872 1047 Nachdem im „Reigen“=Prozeß gestern mittag die Beweis¬
1875 987 3074 1057 letzterer bekommt es über sich, unberührt durch
655 1032 1857 1090 aufnahme geschlossen worden war, wurden nach Beendigung einer
1882 1037 3072 1081 Wissenschaft und Kunst, gegen die Angeklagten Ge¬
1879 1074 3084 1128 sängnisstrafen zu beantragen. Der Staatsanwalt hat
668 1075 1858 1125 kurzen Pause die Plaidoyers eröffnet. Zunächst ergriff der
1879 1114 3084 1165 damit gezeigt, daß er in dieser 1½ Wochen währenden Verhandlung
657 1116 1853 1186 Vertreter der Antlage, Staatsanwaltschaftsrat v. Bradtke das
1885 1149 3078 1199 nichts gelernt hat Nach dem Staatsanwalt kommt es nur auf die
660 1161 1063 1219 Wort und führte aus:
1888 1185 3076 1235 Zeugen an, die nach dem 22. Juni Aergernis genommen haben. Nun
708 1200 1861 1258 Auf die langen ethischen, moralischen und künstlerischen Er¬
1881 1211 3043 1278 sind aber die meisten Zeugen der Anklage aus der früheren Zeit¬
653 1224 1850 1292 örterungen, die hier in den letzten Tagen stattgefunden haben, wolle
1888 1247 2580 1310 insbesondere die „Brüder vom Februar“
665 1288 1849 1327 er nicht nochmals eingehen. Die Anklage sei erhoben wegen Er¬
1920 1299 3079 1349 Nur eine ganz verdorbene Phantasie und einseitige Einstellung kann
652 1309 1848 1372 regung öffentlichen Aergernissesss. Zur Anklage stehe nur die Auf¬
1878 1327 3078 1396 in den Bewegungen der Schauspieler unzüchtige Handlungen er¬
667 1350 1860 1403 führung, was in dem Schnitzlerschen Buch steht, stehe nicht zur Ver¬
1882 1375 3076 1427 blicken. Die Schauspieler können nur für das verantwortlich ge¬
660 1395 1851 1443 handlung. Bei der Erörterung des öffentlichen Aergernisses ist es
1875 1408 3077 1458 macht werden, was auf der Bühne selbst geschieht. Sei je einem
665 1429 1861 1484 nicht von ausschlaggebender Bedeutung, ob das Werk ein Kunstwerk
1876 1449 3075 1496 Menschen eingefallen, die Aufführungen des „Tannhäuser“ und der
648 1470 1862 1519 ist oder nicht. Er erkenne an, daß das in Frage stehende Werk ein
1883 1484 3074 1536 „Walküre“ aus denselben Gründen zu verbieten. Nach Professor
655 1508 1854 1550 Kunstwerk ist, aber auch ein solches kann auch unzüchtig sein. Un¬
1884 1523 3071 1570 Brunner und dem Staatsanwalt müßte das geschehen. Geschehen
652 1537 1857 1593 züchtig ist, was dem normalen Menschen gegenüber schamverletzend
1880 1562 3071 1620 ist nichts auf der Bühne von unzüchtigen Handlungen. Noch nie¬
658 1577 1848 1620 virkt. Dies ist bei der Aufführung des Schnitzlerschen zu be¬
1882 1602 3078 1649 mals ist bisher ein Stück, dessen Inhalt bedenklich erschien, nach
668 1614 1853 1675 ahen. Die Form kann nicht das allem Entscheidende sein, es
1877 1625 3079 1686 § 103 unter Anklage gestellt worden. Das sei eine Neuentdeckung
652 1644 1851 1703 kommt darauf an, welche Stellung dem Inhalt gegenüber das Theater¬
1876 1674 3069 1721 von Professor Brunner. Oeffentliches Aergernis im Sinne
653 1699 1849 1743 bublikum einnimmt. Die große Masse geht nicht ins Theater, um den
1874 1709 3073 1759 des § 183 liege also nicht vor. Die normalen Beurteiler,
655 1719 1857 1778 Dichter und sein Werk zu kritisieren, sondern um sich zu erbauen oder
1884 1735 3081 1799 die unbefangen und mit dem richtigen Gefühl des Anstandes der
653 1771 1843 1815 zu belustigen usw. Dem Publikum stellt sich das Stück als Ganzes
1885 1788 3084 1832 Vorstellung gegenüberstanden, haben nur künstlerische Empfindungen
660 1814 1845 1860 dar als ein unzüchtiges, denn es stellt sich dar als ein solches, dem es
1885 1828 3082 1877 gehabt. Der Dichter denkt nicht daran, die bargestellten Dinge zu
649 1850 1860 1894 iediglich auf Beischlafvollziehung ankomme. Die große Menge kann
1886 1850 3079 1917 verherrlichen und zu beschönigen, er steht über den Dingen mit einem
654 1888 1845 1932 nicht erkennen, daß der Zweck, den der Dichter mit seinem Werke ver¬
1882 1899 3073 1946 gewissen schmerzlichen Zug. Es sei doch in die Augen springend,
658 1921 1857 1971 folgt, ein ganz anderer sei als die bloße Hinweisung auf den
1878 1919 3080 1983 was der Dichter sagen wolle. Dazu bedürfe es nicht eines besonderen
648 1947 1474 2012 rein animalischen Akt des Beischlafes.
1468 1961 1564 2007 Eine
1553 1949 1851 2009 ganze Reihe
1883 1972 3070 2020 Eiferers. Der Verteidiger spricht alsdann über die moralische und
642 1985 1859 2042 vor Zeugen habe bekundet, daß sie Anstoß an der Aufführung des
1878 2013 3077 2054 politische Wirkung des Stückes und dessen Bühnendarstellung. Die
647 2039 1847 2088 „Reigen“ genommen haben. Alle Zeugenaussagen gipfeln in dieser
1874 2049 3071 2101 Klapperstorch= und Kinderstubenpolitik Professor Brunners und des
655 2069 1857 2122 Ansicht. Die Aufführung eines Stückes bedeutet eine Handlung
1885 2070 3070 2133 Staatsanwalts sind verfehlte, am unserem Volke sittlich wieder
655 2113 1845 2154 und alle Schauspieler in ihrer essamtheit sind verantwertlich für
1875 2120 1978 2171 auf
1964 2122 2413 2177 die Beine zu helfen.
2398 2126 3070 2177 Wir dürfen uns nicht scheuen,
647 2146 1852 2187 diese Darstellung, die die Vornahme unzüchtiger Handlungen ent¬
1874 2151 3070 2206 die Dinge, wie sie sind, zu sehen. Das Einmischen Brunners
644 2180 1855 2227 hält. Obwohl die Musik an sich sicherlich nicht unzüchtig ist, über
1880 2196 3074 2253 in Kunstdinge, ist gemeinschädlich. Ueber den Antrag
650 2202 1849 2274 an dieser Stelle wircht sie derartig. Der Vorgang des Einsetzens
1876 2232 3072 2281 des Staatsanwalts auf Freiheitsstrafe wolle
654 2254 1847 2301 des auf und ab schaukelnden Walzertaktes ist ganz eindeutig. Nach¬
1875 2268 1947 2317 er
1938 2271 3073 2321 kein Wort verlieren. Es handele sich
653 2286 1847 2344 dem der Vorhang gefallen, weiß man, was jetzt vorgehen soll.
1882 2307 2855 2351 nicht bloß um eine bedeutende.
2841 2305 3076 2365 geschätzte
653 2334 1849 2380 Das Gesamtbild muß unzüchtig wirken. Ob das Werk ein
1881 2345 3077 2386 Künstlerin, sondern es gehe hier um die Frei¬
651 2365 944 2430 Kunstwerk ist.
980 2363 1357 2428 scheidet hier aus.
1361 2369 1747 2431 es kommt hier
1879 2382 3081 2434 heit des deutschen Geisteslebens. Was Professor Brunner.
768 2410 840 2456 die
893 2394 1220 2455 Wirkung der
652 2410 721 2453 auf
831 2400 892 2454 2
706 2423 753 2460 —
1225 2398 1452 2458 Darstellung,
1432 2396 1578 2459 auf
1730 2404 1848 2465 große
1877 2424 3071 2470 an die Stelle der beseitigten Zensur setzen wolle, sei viel schlimmer
651 2438 1850 2485 Masse an. Auf diese Masse muß der Direktor, der Schauspieler Rück¬
1870 2454 3072 2512 als diese. Man dürfe nicht auf Grund einer künstlichen Auslegung
654 2473 1842 2533 sicht nehmen. Sie haben die Dinge nicht vom Standpunkte auf
1871 2496 3070 2546 ein Stück als unzüchtig bezeichnen, dessen politische und andere Rich¬
656 2520 1844 2572 höherer Ebene stehender Künstler, Literarhistoriker und Kritiker
1873 2533 3075 2578 tung einem mißfalle. Deshalb rechne er bestimmt mit der Frei¬
647 2557 1852 2617 zu betrachten. Nach der Entscheidung der Zivilkammer konnten die
1886 2572 3071 2624 sprechung aller Angeklagten. Es wäre ein Fleck auf Deutsch¬
652 2590 1854 2654 Angeklagten sich subjektiv in dem Irrtum befinden, daß das Stück
1877 2607 3067 2656 lands Ehre Frau Eysoldt ins Gefängnis zu werfen.
644 2634 1667 2680 nicht geeignet sei, auf die Menge unzüchtig zu wirken.
1933 2644 3080 2691 J.=R. Dr. Rosenberger ergänzte dann diese Ausführungen
697 2662 1850 2723 Der Anklagevertreter ko imt dann zu dem Schluß, daß die Auf¬
1880 2678 3067 2750 und ging besonders auf die Anklage von der rechtlichen Seite
651 2705 1853 2762 führung des „Reigen“ als Vornahme einer unzüch¬
645 2753 842 2802 tigen
829 2742 1440 2805 Handlung aufzufassen,
1472 2753 1586 2803 und
1930 2748 3068 2815 Das Urteil wird Freitag früh um 9 Uhr verkündet werden.
1580 2751 1749 2815 die
1753 2758 1850 2808 An¬
650 2792 1858 2850 geklagten strafrechtlich verantwortlich seien,
645 2829 1172 2889 da alle objektiven und
1157 2819 1847 2893 subjektiven Voraussetzungen er¬
653 2860 742 2914 füllt
1933 2850 3010 2928 600 000 Mark zur Milchverbilligung.
1021 2860 1141 2914 Die
1222 2863 1399 2913 beiden
1490 2863 1853 2919 Theaterleiter
645 2887 1864 2957 direktonen seien nicht Anstifter, sondern Mit¬
2033 2913 2920 2977 Hilfe für die minderbemittelte Bevölkerung.
654 2939 1859 2992 täter, der Angeklagte Reusch als Spielleiter Ge¬
640 2975 1851 3026 hilfe. Das Ausmaß der Strafe ist schwierig. Daß die Vor¬
1919 2966 3003 3033 Vom Nachrichtenamt des Magistrats Berlin wird mitgeteilt:
643 3002 1860 3061 führungen nach dem 22. Juni fortgesetzt wurden,
1927 3014 3071 3069 Die Stadt Berlin gewährt bei wirtschaftlicher Notlage
646 3052 1857 3104 bedeutet eine Verhöhnung des Gerichtes. Eine
1885 3045 3073 3108 für Schwangere (3 Monate vor der Entbindung bis ## Entbindung) und
648 3092 1853 3158 Geldstrafe wäre ein Hohn. Nur Gefängnis ist
1886 3104 3074 3156 für Kinder bis zum vollendeten 2. Lebensjahre einen Milchgeldzuschuß
648 3127 1054 3182 hier angebracht.
1875 3146 3066 3187 von täglich 30 Pfg. bzw. 45 Pfg. Seit dem 1. März hat die Versamm¬
696 3159 1858 3234 Der Staatsanwalt beantragt gegen die Angeklagten
1877 3186 3068 3240 lung 2950000 Mark bewilligt, die inzwischen verausgabt sind.
643 3204 1845 3282 Sladek und Eysoldt je vier Monate Gefängnis, gegen die
1878 3225 3077 3274 Wegen Bewilligung der Mittel bis zum 1. Oktober 1921 ist der
640 3264 1845 3330 übrigen Angeklagten je drei Monate Gefängnis, gegen
1881 3268 3074 3313 Stadtverordnetenversammlung bereits eine Vorlage über sechshun¬
639 3302 1112 3364 Rensch Freisprechung.
1881 3306 3066 3358 derttausend Mark zugegangen. Zur Durchführung der Milchver¬
1879 3352 3072 3404 billigung bis zum 31. März 1922 hat der Magistrat beschlos¬
688 3351 1855 3409 Verteidiger R.=A. Heine: Auf der Anklagebank sitzt
637 3391 1845 3439 eine der ersten Schauspielerinnen, eine der größ¬
1876 3390 3086 3438 sen, den ausreichend erscheinenden Betrag von weiteren sechs¬
647 3429 1632 3475 ten Tragödinnen Deutschlands, deren
1618 3427 1847 3481 Name zwei
1881 3436 3077 3494 hunderttausend Mark bereitzustellen, und der Stadtver¬
651 3453 1636 3508 Jahrzehnte hindurch mit der Schauspielkunst verknüpft
1622 3458 1854 3519 ist, der wir
1875 3474 3069 3529 ordnetenversammlung eine entsprechende Vorlage eingereicht. Vom
650 3496 1844 3549 Dank schuldig sind für die unerhörten Leistungen mit der sie uns
1878 3514 3080 3580 1. April 1922 ab werden die Geschäfte der Milchverbilligung auf die
651 3541 1844 3587 die Schönheiten der klassischen und nachklassischen Kunst von
1867 3554 3084 3608 Bezirke übergehen, die auch die Mittel durch ihre Etats anfordern
647 3568 1844 3621 Shakespeare bis Strindberg verkörpert hat. Neben ihr sitzen ihre
1877 3601 2024 3664 werden.
648 3611 1838 3660 Mitarbeiter und Schauspieler, vor ihr hochangesehene führende
652 3647 1843 3700 Männer unseres Geisteslebens. Leuchten der Wissenschaft, Kenner
1921 3640 3065 3706 Der Aeltestenrat der Berliner Stadtverordnetenversamm¬
636 3687 715 3741 der
1309 3684 1532 3736 Präsidenten
1513 3687 1574 3729 100
755 3686 1013 3748 Weltliteratur,
1004 3686 1323 3749 die beiden
1665 3687 1847 3745 Deutschen
1880 3691 3073 3738 lung hat sich sehr eingehend mit der Magistratsvorlage über die
651 3717 1844 3776 Bühnenvereins und Kenner der gesamten Theaterkultur. Von
1880 3736 3068 3790 beschlossenen Erhöhungen der Löhne und Gehälter für Ar¬
644 3764 1849 3819 allen diesen Männern hören wir immer dasselbe Gutachten,
1868 3768 3070 3829 beiter. Angestellte und Beamte beschäftigt und schließlich
649 3800 730 3849 daß
763 3800 883 3856 die
871 3794 1259 3855 Aufführung eine
1259 3800 1838 3864 künstlerische, sein abgetönte,
1871 3814 3082 3869 beschlossen, die Vorlage im Plenum der Stadtverordnetenversamm¬
653 3836 726 3882 fast
777 3832 1284 3890 allzu dezente gewesen
1290 3840 1438 3890 sei.
1499 3820 1850 3889 Die Angeklagten
1871 3859 3061 3902 lung nur kurz zu erörtern, sie aber recht gründlich in einem Aus¬
658 3878 1852 3932 haben auch noch einen anderen Sukkurs erhalten durch das Urteil
1874 3900 3073 3952 schuß vorzuberaten. — Die Dezernenten des Wohlfahrtsamts
645 3908 1853 3961 des Zivilaerichts in ihrer Sache, das das Werk als eine „sittliche
1872 3940 3071 4001 und der Erwerbslosenfürsorge traten gestern zu einer Besprechung
650 3945 1843 3989 Tat“ erklärt hat. Auf der anderen Seite sitzen Pro¬
1869 3985 3071 4043 beim Stadtkämmerer Dr. Karding zusammen. Es wurde be¬
637 3977 1854 4046 fessor Brunner und der Staatsanwalt, und
3102 767 3210 834 schlof
3102 823 3222 873 führe:
3102 867 3217 916 stützu
3106 907 3213 957 empfö
3110 990 3218 1049 an di
3108 1028 3209 1083 und
3106 1072 3214 1126 fort
3102 1113 3222 1167 ganze
3105 1158 3222 1215 gewor
3175 1238 3234 1311 2
3151 1367 3213 1432 Ir
3103 1404 3224 1475 Stelle
3107 1469 3207 1519 beit
3100 1507 3210 1560 stützu.
3104 1551 3214 1601 Selbst
3099 1593 3207 1650 flücht
3108 1631 3229 1686 der 2
3110 1677 3212 1726 den b
3099 1720 3213 1781 stund
3111 1760 3180 1806 ein.
3105 1802 3212 1856 Straf
3100 1845 3214 1898 hineir
3105 1888 3222 1941 bere
3104 1927 3214 1984 Eingr
3100 1957 3208 2028 köllne
3106 2050 3222 2103 8. Nr
3101 2095 3208 2161 zur
3088 2170 3220 2232 zu A
3105 2214 3215 2276 zogen
3104 2265 3213 2329 telg
3093 2305 3192 2358 bare
3098 2345 3200 2399 straß
3110 2389 3214 2442 rauch
3104 2431 3214 2484 Demt
3101 2473 3215 2526 dieser
3097 2515 3195 2566 zweif
3102 2557 3211 2614 Art?
3147 2638 3209 2696 D
3096 2669 3207 2737 Strei
3099 2728 3206 2780 Deut
3092 2765 3215 2823 Reich
3095 2814 3205 2869 werk
