3392 4256
521 100 599 162 Re
316 97 826 192 11. Eigen
1023 92 1436 191 box 18/1
2148 821 2223 894 55
1391 829 1752 910 Vom Bel zu Babel
921 930 2223 996 ander über die Szene ködern sieht und nebenan mit ihrem
928 994 2219 1051 welken Leib sättigen (beinah) hört. Dort aber war immer¬
916 1037 2220 1101 hin noch Tragoedienluft, war Symbolik, die Paarung das
929 1094 2222 1170 Sinnbild einer Erlebnißsumme; und drunter Franks kirchen¬
926 1147 2224 1223 väterlich keusches Schaudern vor all dem Unheil, das der
925 1210 2225 1289 Pandorabüchse, der Scheide im Weibsschoß, entströmt. In dem
929 1268 2229 1341 „Reigen“, der auf der Bühne nur die am Stoff Klebenden nicht
927 1330 2224 1395 langweilt, ist nichts, soll gar nichts Anderes sein als spiele¬
923 1399 2230 1469 rische Darstellung des Reizes, der auf die vasomotorischen
935 1450 2222 1516 Nerven wirkt. Hier soll nur gezeigt, mit Zuckflämmchen illu¬
929 1521 2232 1581 minirt werden, wie Erektion wird und wieder abschwillt. Ist die
926 1566 2224 1629 Kluft nicht sichtbar, die Tiefe des Unterschiedes nicht ruch¬
926 1628 2232 1697 bar? Shakespeares majestätische Weisheit ließ uns Julia Ca¬
936 1678 2224 1755 pulet, noch matt vom süßen Weh erster Begattung, in Ro¬
925 1743 2233 1816 meos Arm auf dem Lager sehen und hören. Diese Vermähl¬
937 1802 2223 1867 ung der Leiber empfinden wir als nothwendige Frucht der
929 1858 2228 1934 Seelenvermählung, die wir seit dem Blitzstrahl im Ballsaal
936 1916 2234 1989 werden sahen. Ist solches ewigen Wunders Darstellung gleich¬
930 1990 2241 2050 artig, gar gleichwerthig einer, die zu zeigen bemüht ist, wie
929 2051 2232 2101 ein Männchen ein Weibchen eräugt, das auf seine Gefäß.
940 2097 2231 2178 nerven reizend wirkt und das er an sich, an dem er sich
933 2159 1704 2236 geschlechtlich zu erwärmen sucht?
1033 2192 2232 2281 Auch diese Darstellung, ruft man, sei erlaubt; denn der
932 2288 2232 2347 Freiheit der Kunst sei nirgends eine Grenze gesetzt. Nir¬
935 2346 2241 2410 gends auch da, wo sie in öffentliches Gewerbe austritt? Euer
935 2390 2235 2460 „Reigen“ zeugt gegen Euch. Weshalb werden die Begattung¬
939 2460 2240 2534 akte selbst, in deren Verlauf oft die echtesten, mensch-thie¬
935 2506 2241 2588 risch tiefsten Laute aus Mannheit und Weibheit aufheulen,
941 2581 2234 2633 aufkeuchen, nicht vorgeführt, sondern durch kitschige Fetzen
950 2638 2239 2697 von Musik ersetzt, der hier (unter dem Dach der Hochschule
938 2683 2242 2750 für Musik) das Amt des Stimmung machenden Klavierspie¬
942 2744 2240 2815 lers im Bordell zugewiesen ist? Weil dem Gewerbe öffent¬
939 2813 2237 2878 licher Kunstausstellung eben doch eine Grenze gezogen ist.
1047 2860 2241 2930 Wo läuft sie? Auf der Linie, die leidenschaftliche Wall¬
952 2913 2239 2988 ung von Prostitution scheidet. Und Prostitution, scheint mir,
954 2977 2236 3047 ist da, wo die Geberde sexualer Begierde von dem Zweck
946 3039 2239 3115 des Gelderwerbes bestimmt ist. Das Weib, das seinen Schoß
946 3089 2241 3168 dem Stundenmiether öffnet und ihm eine der Höhe des Pacht¬
949 3156 2247 3234 zinses angemessene Erregtheit oder Paarunglust vortäuscht,
