3444 4320
496 131 801 211 gen
1004 114 1403 202 box 18/1
2346 67 2812 133 oinmigerk„Rrigen
2569 127 3014 181 Berlin, 24. Dezember.
2167 164 3043 221 Schmuckstück der Unter=der=Bank=Lektüre, in der
2125 201 3049 273 Gymtiasiastenerinnerung zwischen den rotangestriche¬
2124 247 2229 295 nen
2235 252 3047 306 Stellen aus Luthers Bibelübersetzung und
2119 285 3044 335 Boccaaccios „Dekam-ron“ figurierend, abgegrissenster
2131 321 2876 370 Leihbibliotheksband in deutschen Landen,
2880 334 3045 381 wurde in
2126 360 3041 413 Frau Eysoldts „Kleinem Schauspielhaus“ zum ersten
2127 401 2402 450 Mal aufgeführt.
2155 428 3039 497 Die Behörde sprach ein Veto. Die Kritik schriek
2114 476 2456 533 gegen die Behörde,
2163 508 3037 571 Aber ich glaube, der wahre Mannesmut beginn
2115 548 3039 605 erst dort, wo man ein Stck als ekelhaft zu bezeich¬
2119 595 3043 664 nen wagt, obwohl es sich mit dem Sexualakt
2124 626 2229 682 besaßt.
2160 660 2606 731 Der unorientierte Literat
2618 661 3041 736 — im Wirklichen un¬
2115 703 2352 756 orientiert —
2351 710 3050 768 weiß keinen Unterschied. (Ihm gilt ja
2117 747 3036 808 Wedekinds Vordell mit dem des Herrn Wildgans
2124 787 3046 843 gleich.) Er weiß nicht, daß die Begrisse „Kunst“ oder
2130 830 3039 885 Schmutz“ lediglich von der erotischen Weltanschau¬
2118 868 3036 926 ung besummt sind; daß alles, was aus dem Defekt
2122 900 3036 976 kommt, schmutzig und nichts, was aus der Freude
2120 938 2468 995 kommt, anstößig ist.
2146 981 3034 1041 Daher das Eintreten für den „Reigen“ — nicht als
2118 1014 3044 1072 Konsiskationsgut, sondern als Kunstwerk — und die
2126 1056 3049 1104 Bezeichnungen „graziös", „tändelnd" „leicht ge¬
2123 1088 3039 1161 upft“ und „holdselig“ für ein Werk, das nicht eine
2113 1135 3041 1202 Spur Parfim=, aber dafür eine ganze Dosis von
2119 1172 2886 1232 Oesinsektionsgeruch in der Nase hinterläßt.
2137 1214 3035 1269 Das ungeschriebene Manko des Stückes ist das alte:
2110 1252 2849 1310 Post coitum omne animal est triste.
2854 1261 3044 1314 Ober um
2116 1290 3037 1346 Altenbergs — des tausendmal gepriesenen! — Lesart
2110 1328 3029 1389 zu zilieren, der mit diesem Satz, alles was Schnitz¬
2108 1371 3037 1420 lers Stück an Geist und Sinn enthält, genial abser¬
2107 1407 3042 1469 tigt: Post coitum omne animal est anhöflich. Er
2103 1445 3035 1521 durfte es hinschreiben, denn er war der beredieste
2106 1483 3032 1544 Verkünder des Gegenleils: non omne animal
2106 1524 3033 1576 sondern nur das häßliche, intelligen.), desekte, bürger¬
2105 1567 3037 1625 lich zerkneischte, dem großen Moment der Natur nicht
2093 1603 3025 1662 mit Grazie gewachsene. unkindliche, geschlechtssresse¬
2111 1638 2236 1686 ische,
2240 1644 3033 1699 die Roldutst mit einem rosa Helsbanden
2101 1674 2501 1728 schm. dende animal —
2523 1681 3026 1738 der aus Unlust gezeugte und
2099 1719 3021 1776 deshalb in Unlust zeugende Mensch. Oder anders:
2110 1753 3034 1815 der zwischen Trieb und Vernunft Zerrissene. (Das
2100 1790 3028 1854 heikt aber wieder nur: der Unschöne.) Ich will es
2108 1838 3028 1891 licht den dummen Idealvergoldern gleichtun und
2101 1873 3021 1934 wie sie auf Wedekind so auf Schnitzler sagen: „Aus¬
2095 1913 3012 1961 nahmsfälle der Natur! Es gibt Gotheidanknoch usw.“
2102 1946 3029 2003 Der Unterschied ist nur: die Fälle, die Wedekind
2101 1984 2216 2034 zeißt,
2226 1986 3025 2045 im Sinne des Herkommens selten, stnb
2096 2030 3016 2090 Hopertrophien idealer Möglichkeiten — also bedeu¬
2102 2068 3021 2129 end und wichtig; Schnitzters Okkasionen, in jener
2098 2103 3014 2163 Mittelschichte der Häßlichen, Psychisch=Bebrillien,
2091 2142 3017 2209 Uebelriechend=Poetischen, sehr häufig auffindbar, sind
2090 2186 3013 2241 unnötige Spezialfälle, und umso unnöliger, als sic
2091 2217 3022 2281 den Vorgang, in dem sich der Dutzendleser aufatmend
2094 2255 3024 2329 wiedererkennt, mit einem Schimmer von Blumik und
2086 2294 2342 2351 Lyrik' versehen.
2137 2324 3022 2395 Ich, für meinen Fall, empfinde den Geruch dieser
2086 2364 3008 2438 Lyrik etwa als Veilchenduft einer Lysoformflasche.
2080 2419 3007 2478 Die aparten, dustigen, graziösen, tändelnden Szenen,
2087 2458 3012 2515 als das, was die medizinischen Fachzeitschrifteg un¬
2087 2492 3018 2553 ter „Vorgeschichten“ verstehen: nämlich als lirische
2088 2530 3025 2595 Rekonstruktionen der Fabel, die der jeweiligen Insek¬
2088 2567 3022 2625 tion zu Grunde liegt. Es ist ärztliche Erotik. Man
2087 2611 3009 2669 merkt, daß Schnitzlers Name ein „Dr. Med.“ schmückt.
2079 2641 3009 2706 Ich leugne nicht, daß man auch eine fabelhafte,
2082 2684 3010 2745 sprachliche Beobachtung merkt. Aber cui bono? Nur
2091 2727 3008 2782 um den häßlichen Typus durch Kunsthilse zu stärken?
2087 2759 3008 2818 Die Gymnasiasten um keinen Preis zu Männern
2085 2792 2418 2850 werden zu lassen?
2118 2837 3019 2900 Herr Kerr meinte in seinem Reserat, das Stück
2073 2875 2875 2938 enthalte nichts „Gröbliches", „Schmieriges“.
2122 2914 3013 2981 Ich bin seiner Meinung, soweit er es auf die be¬
2084 2951 2999 3024 rhmten Gedankenstriche, das Lichtauslöschen und die
2073 2988 2454 3047 Umarmungen bezieht.
2113 3013 3010 3093 Aber wo es im „Reigen“ zu düsteln und schweben
2073 3066 3016 3135 beginnt, wo die Mondscheinsonate durch das Zimmer
2069 3105 2261 3159 gaukelt —
2278 3108 2750 3169 dort beginnt die Sauerei.
2119 3141 3003 3215 Hallen zu Gnaden! — Das war gegen Schnitzler
2078 3184 2625 3244 und nicht für die Zensur gesagt.
2106 3265 3001 3342 Zwei Wiener, Herr Ralph und Herr Eklin¬
2075 3326 2998 3386 ger, liehen der Aufführung Wienerische Würze und
2074 3363 2985 3415 Wärme. Was sonst auf der Bühne stand, traut sich
2077 3400 2995 3455 das letzte Wiener Pimperliheater nicht zu bieten.
2071 3434 2989 3484 Dafr sprach — feierlich, wie es in Berlin nun ein¬
2069 3483 2989 3548 mal zugeht — Frau Direktor Eysoldt vor und
2075 3514 2798 3574 nach dem Stück zwei Verwahrungsessays.
2117 3548 2988 3607 Der Nechtsanwalt der gegen die Aufführung pro¬
2070 3587 2989 3647 testierenden Partei zog nach der Première sein Veto
2072 3630 2990 3681 zurück, da ihn die sitlliche Lösung der unsittlichen
2073 3669 2981 3725 Aufgabe iberrascht habe. Er hat damit die ganze
2069 3705 2985 3765 Kritik gesprochen. Den Schauspielern und der Regie
2062 3747 2994 3811 gelang es mit vereinten Kräften, jede noch so geringe
2068 3785 2987 3828 sianlich=anziehende Wirkung des Stückes zu vermei¬
2069 3823 2983 3875 den. Statt leichten, flüsterhaften Geraschels der Wol¬
2063 3857 2892 3912 lust gab es hell=dunkel zelebrierte Schwaßzsucht.
2108 3899 2985 3968 Unter uns: ich empfand Heimweh nach dem deut¬
2058 3930 2386 3990 schen Volkstheater.
2708 3943 2949 3999 Anton Kuh.
