3392 4352
275 125 1221 170 Gründe die Aufführung dieser Dialoge recht¬
270 160 1223 225 fertigen oder anraten; es soll nur erklären, wie
280 212 1231 267 es kommen konnte, daß anständige, sittlich sicher¬
277 255 1231 312 lich höchst einwandfreie, literarisch nicht hyper¬
272 314 1232 373 moderne und politisch durchaus nicht radikale
270 344 1225 412 Persönlichkeiten, wie die drei Mitglieder des
277 402 1220 475 Zensurbeirates, die den „Reigen“ freigaben, in
269 451 1219 509 dessen Aufführung keine Gefahr erblickten. Da
265 496 1215 564 das Stück aber von der einen Instanz einma
268 543 1230 613 freigegeben war, so durften nicht politische oder
267 595 1221 653 Parteigründe maßgebend sein, daß es von einer
268 645 1110 712 anderen, und wie behauptet wird,
1139 648 1218 706 nicht
266 685 1098 750 kompetenten Instanz verboten wurde,
1137 696 1225 754 schon
268 739 1218 804 deshalb nicht, weil Verfassungskonflikte in diesen
277 783 1223 849 Tagen mehr als je vermieden werden müssen
267 841 1217 897 und weil wir uns mit der Aufrollung solcher
265 882 1216 951 Angelegenheiten just in diesen kritischesten
271 929 1215 990 Stunden unseres Staates vor der ganzen Welt
261 973 1101 1040 bloßstellen, die von den Vorfällen
1112 981 1224 1043 des
267 1026 439 1087 gestrigen
445 1024 1218 1096 Tages nur mit größter Ver¬
267 1082 1222 1134 wunderung Kenntnis nehmen wird. Zwischen den
265 1124 1216 1182 Gegnern und den Anhängern der „Reigen“=Auf¬
270 1170 1221 1243 führungen stehen, was immer man sagen mag,
265 1224 1216 1290 keine Weltanschauungen. Mit der Frage: Fort¬
274 1266 1218 1334 schritt oder Reaktion hat die Angelegenheit trotz
271 1313 1218 1367 des Lärmens von beiden Seiten nichts zu tun.
269 1359 1226 1420 Es ist eine Affäre, bei der starres Beharren auf
279 1420 1227 1476 einen Standpunkten keinem der beiden Teile
267 1456 1213 1515 Parteisache sein sollte, sondern in der ein ver¬
265 1512 1220 1567 nünftiger und rascher Vergleich gefunden werden
273 1567 1230 1628 muß. Wir haben andere Sorgen und größere
272 1601 489 1669 Schmerzen.
372 1685 1158 1799 Gewaltige Meuterei der
473 1812 1109 1903 ssischen Isseesiolle.
257 1889 1221 1982 Die Menterer marschieren auf Peters¬
685 1950 818 2022 burg.
379 2022 1224 2077 Paris, 11. Februar. Ueber Kopenhagen werden
270 2068 1218 2116 aus Kronstadt gewaltige Meutereien der
261 2105 1227 2153 russischen Ostseeflotte gemeldet. Die
262 2150 1204 2208 W#terer marschieren angeblich au
256 2189 619 2257 Potersburg.
270 2268 1220 2381 Ausweisung von Deutschen aus der
493 2366 999 2459 Tschecho=Slowakei.
390 2444 1217 2511 Prag, 11. Februar. (Privat=Depesche.)
261 2492 1218 2555 Die Regierung hat heute einen Erlaß herausgegeben,
259 2543 1220 2591 dem zufolge alle Ausländer aus der Tschecho¬
268 2583 1223 2636 Stowakei auszuweisen sind, bezüglich welcher
265 2621 1222 2672 der Verdacht besteht, das Volkszählungs¬
269 2665 1230 2723 ergebnis zugunsten der Deutschen beeinflussen zu
267 2714 1230 2763 wollen. So sei auch einem Wiener Blatte zufolge zu
268 2755 1220 2806 diesem Zwecke die Absendung einer bedeutenden Anzahl
262 2796 1222 2854 Deutscher aus Wien nach Znaim und Umgebung
266 2840 409 2901 geplant.
384 2864 1232 2942 (Das amtliche Tel.=Korr.=Büro ist zu der Er¬
267 2923 1226 2974 klärung ermächtigt, daß hier von der angeblich ge¬
277 2967 1229 3025 lanten Entsendung von Deutschen nach Znaim nichts
273 3010 488 3077 bekannt sei.)
308 3079 1185 3174 Die französischen Gewerkschaften
447 3170 1085 3256 gegen die Kommunisten.
384 3241 1223 3308 Paris, 11. Februar. Der Allgemeine Gewerk¬
270 3301 1231 3366 schaftsverband entschied gestern durch Annahme eines
277 3351 1229 3400 Antrages seiner Leitung mit 88 gegen 31 Stimmen.
276 3398 1226 3449 daß Organisationen, die sich dem Kommunismus
282 3441 1232 3492 anschließen, von selbst aus dem Gewerk¬
275 3478 1221 3531 schaftsverband ausscheiden. Trotz
269 3525 1223 3572 Protestes wurde der Antrag des Komitees ange¬
266 3569 506 3632 nommen.
1254 103 1295 136 9
1260 133 2214 185 Diktat der Klerikalen höher steht, als die
2359 138 3200 199 Bundesminister Dr. Glanz: Ich glaube auch
1260 168 2211 218 Bestimmungen der Verfassung. Es wird die Frage ge¬
2248 174 3189 233 licht, daß die breiten Massen der Wiener Bevölkerung,
1255 207 2215 256 stellt, ob der Minister zur Inneres den verfassungs¬
2249 219 3193 271 die einen schweren Existenzkampf führen, es als Ver¬
1257 252 2204 300 widrigen Erlaß sofort zurückziehen wolle
2242 251 2846 320 lust betrachten würden, wenn einer
1374 295 2080 375 Angriffe gegen den Minister.
2331 298 3112 373 kleinen Zahl frivoler Genießer
1373 370 2217 426 Abg. Leuthner (Sozialdemokiat): Stücke wie
2242 364 3208 414 dieses dem sittlichen Empfinden und dem Ernste der
2244 405 3062 469 Zeit widersprechende Verguugen entzogen wird.
1261 411 2210 460 er „Reigen“ werden in zahlreichen Fällen aufgeführt
2353 444 3206 492 Abg. Witiernigg (Sozialdemokrat): Das ist
1258 450 2209 499 (Rufe bei den Christlichsozialen: Wo denn 2), ohne
2242 469 2499 542 Liguori=Moral.
2502 483 3202 552 (Heftige Gegenrufe bei den Christlich¬
1257 484 2208 533 rgend einen Anstoß bei frommen Gemütern zu er¬
2250 519 2809 576 ozialen. — Andauernder Lärm.)
1258 524 2123 575 regen, zum Beispiel im Josefstädter=Theater, die
2158 526 2204 582 sich
2359 555 3198 614 Bundesminister Dr. Glanz: Die Regierung
1255 572 2141 616 vom „Reigen“ dadurch unterscheiden, daß ihnen
2248 586 2968 656 glaubt sich bei dieser Verfügung mit der
3007 600 3198 654 öffentlichen
1259 603 2150 660 etzte Spur künstlerischer Absicht fehlt. Hier handelt
2171 608 2216 660 es
2250 638 3189 679 Meinung in Wien und Niederösterreich in Ueberein¬
1264 643 2170 691 ich aber lediglich um die gesetzliche Seit
2177 654 2219 693 e.
2252 676 2401 731 timmung.
2433 679 3193 735 Da seitens des Magistrates den Verhält¬
1253 681 2206 731 Nach dem Bundesverfassungsgesetz stehzt dem Landes¬
2242 711 2355 761 nissen,
2379 718 3182 764 wie sie sich nach Aufführung des „Reigen“
1259 728 2201 778 hauptmann — in diesem Falle dem Bürger
2250 749 2358 805 #estalte
2400 749 3193 805 aben, nicht Rechnung getragen wurde, war
1252 767 2210 814 meister von Wien — die Entscheidung zu,
2242 788 2353 840 es nac
2386 801 3200 843 den geltenden Kompetenzbestimmungen, welche
1254 795 2207 853 gegen die, wenn sie einmal in beighendem Sinne erfolgt
2235 829 3201 874 die Theaterangelegenheiten dem Ressort des Mini¬
1268 833 2212 879 st, eine Entscheidung der Regierung gar nicht an¬
2253 863 2379 919 teriums
2396 868 3199 919 des Innern zuweisen, mein Recht und meine
1250 868 2211 923 gerufen werden kann. Redner wurft dem Minisier
2243 901 2348 966 Pflicht
2383 906 3090 958 ie weiteren Aufführungen zu untersagen.
1255 913 2202 960 Bedientenhaftigkeit gegenüber den
2434 945 3177 996 die gegen mich gerichteten Bemerkunger
2357 946 2423 1006 Auf
1260 952 2203 999 hristlichsozialen Parteiführern vor
2244 963 2362 1032 will ich
3076 985 3198 1034 Urtell
2377 995 3062 1034 nicht naher eingehen. Ich glaube das
1256 989 2206 1039 In der wurdelosesten, widerwartigsten
2242 1019 2319 1068 über
1263 1028 2202 1075 Form, in geradezu ekelhaften, lakgien¬
2244 1067 3191 1127 denkenden Menschen überlassen zu können.
1256 1072 2207 1117 mäßigen Formen (Zustimmung bei den
1266 1102 2202 1157 Sozialdemokraten. — Lachen bei den Christlichsozialen
2391 1118 3028 1184 Drohendes Handgemenge.
1256 1145 2212 1196 geschehe dies von einem Manne, der von dem Gefühl
2360 1171 3188 1226 die letzten Worte des Ministers entfesselten einen
1260 1187 2209 1250 rfüllt ist, daß er nur deshalb Minister wurde, um den
2247 1207 3194 1271 Sturm bei den Sozialdemokraten. Die Abgeordneten
1262 1219 2012 1280 Christlichsozialen Gefälligkeiten zu erweisen.
2884 1251 3059 1311 Pölze
2242 1251 2823 1308 Zelenka, Witternigg.
3126 1258 3186 1310 und
1371 1251 2206 1304 Abg. Dr. Ba#es (Sozialdemokrat): Und als
2246 1291 3188 1336 Widsolz stürzen zur Ministerbank und hauen
1252 1291 2215 1358 Kandidat für den Landesamtsdirektor von Steiermark.
2948 1328 3084 1384 Pul
2248 1329 2834 1387 nit den Fausten auf
1312 1348 2153 1413 Dr. Glanz begründet das Verbot.
2250 1360 3128 1415 Dr. Glanz! Andere Parteigenossen brän
3044 1406 3086 1459 1
2248 1403 3013 1450 hnen nach. Stürmische Rufe: „Abzug
1357 1412 2216 1481 Bundesminister Dr. Glanz: Schon vor der
2246 1438 3197 1499 Hinaus mit ihm! Diese Beleidigung lassen
1253 1450 2209 1511 Zulassung der Aufführung des „Reigen, die durch den
2241 1478 2658 1542 wir uns nicht gefallen!“
1251 1480 2203 1546 Magistrat erfolgt ist, hat der Polizei¬
2358 1503 3190 1568 Jetzt drangen auch Christlichsoziale zur Minister¬
1250 1540 2207 1586 präsident beim Bürgermeister auf die schweren
2251 1559 3200 1602 ank, um dem Minister, der ruhig auf seinem Platze
1254 1569 2206 1617 Bedenken gegen die Aufführung aufmerksam
2252 1595 3203 1641 itzt, gegen etwaige Angriffe eine Schutzgarde zu bilden.
1248 1613 2206 1665 gemacht. Der Magistrat hat dessen ungeachtet nach
2242 1637 3192 1702 Dabel geraten sie stark aneinander, Schließlich kommt es
1254 1646 2207 1692 Anhörung des Zeusurbeirates die Aufführung zugelassen.
2238 1674 2609 1739 unter tobendem Lärm
1258 1687 2203 1738 (Zwischenrufe.) Die Aufführung des Stückes gab als¬
1252 1720 2215 1785 balo zu lebhaften Erörterungen in
2407 1716 3010 1795 zu einem Zusammenstoß.
1249 1761 1932 1826 der Oeffentlichkeit Anlaß,
2245 1774 3205 1848 Man sieht plötlich die Faust des Christlichsozialen
1361 1805 2208 1867 Abg. Pick (Sozialdemokrat): In der „Reichs¬
2248 1829 3061 1877 Pischitz einen Schlag gegen
1250 1840 2202 1901 post!“ (Zwischemufe bei den Sozialdemokraten, Gegen¬
2238 1869 3192 1919 Kopf des ehemaligen Landeshaupt¬
1247 1877 1914 1928 rufe bei den Christlichsozialen. Lärm.)
2239 1904 2854 1968 mannes Sever führen.
2938 1907 3190 1963 ist nicht sicher¬
1366 1914 2209 1973 Bundesminister Dr. Glanz: Hiebei sprach sich
2245 1946 3183 1994 ob der Schlag ein absichtlicher oder zufälliger war. Die
1257 1953 2214 2027 die weit überwiegende Mehrzahl der öffentlichen
2241 1993 3193 2033 Sozialdemokraten halten ihn für absichtlich und wosten
1266 1992 1404 2057 Stimmer
2248 2021 3210 2083 ich auf Pischitz stürzen. In dieser kritischen Situation
1374 2016 2210 2095 Abgeordneter Seitz: Wo haben Sie das ge¬
2246 2066 3193 2113 gelingt es endlich den Abgeordneten Dinghofer. Forster.
1409 2071 1507 2123 peisen
1561 2068 1924 2128 Sie uns das
1924 2073 2199 2139 nach! (Lärm.
2237 2102 3188 2160 Fink und anderen, sich zwischen die einander bedrohenden
1364 2102 2200 2184 Bundesminister Dr. Glanz: .. .. dahin aus
2245 2137 3164 2198 Gruppen zu werken und sie voneinander zu treunen.
1398 2148 1685 2218 Aufführung eine
1244 2130 1393 2214 daß die
2409 2188 3010 2255 Der Präsident bedauert.
1406 2203 2199 2271 Verletzung der öffentlichen Sitt¬
1267 2208 1391 2281 arge
2346 2228 3180 2295 Präsiden Dr. Weiskirchner kann sich endlich
1651 2252 1808 2325 ichkeit
2244 2275 3154 2340 Gehör verschaffen. Er sagt: Ich muß über die
1419 2310 1768 2372 Kundgebungen aus
1249 2305 1377 2365 bedeute
1812 2303 2204 2372 der Bevölkerung und
2250 2330 3081 2380 inaualifizierbaren Vorgänge
1257 2346 1405 2406 zahlreich
1448 2346 1790 2411 Autikel der Presse
1812 2351 2203 2410 verschiedener Richtung
2237 2357 3101 2407 tiefstes Bedauern ausdrucken. (Beifall
1257 2395 2215 2444 ließen erkennen, daß diese Vorführungen mit
2252 2393 3163 2454 Anhaltende Zwischenrufe und Larm.) Durch solch
1257 2432 1345 2478 dem
1421 2430 2211 2476 ittlichen Empfinden weiter
2239 2438 3187 2502 Vorgange wird die Würde des Hauses
1259 2459 1390 2522 Krei
1416 2473 2207 2526 e der Wiener Bevölkerung in
2248 2470 2866 2525 aufstiefste geschadigt.
1281 2503 1376 2558 char
1426 2508 2208 2564 em Gegensatz stehen. (Lebhafter
2352 2508 3187 2568 Die Debatte kann fortgesetzt werden, aber der
1252 2546 2207 2594 Beifall bei den Christlichsozialen — stürmische Gegen¬
2248 2546 3184 2606 jächste Redner ist in dem noch andauernden Lärm
1260 2587 1804 2644 ufe bei den Sozialdemotraten.)
2250 2590 2552 2647 aum verstandlich.
1376 2611 2033 2674 Abg. Seitz: Woher wissen Sie das?
2359 2613 3188 2697 Abg. Volker (christlichsozial): Der Abgeordnet¬
1375 2653 2212 2713 Abg. Witzany (Sozialdemokrat): Die christlich¬
2241 2660 2760 2731 Leuthner hat hier einen neuen
1264 2692 2200 2752 ozialen Abgeordneten haben sich die Füße abgelaufen
2398 2718 3038 2795 Reigen von Schimpfereien
1248 2741 1354 2791 damit
1357 2737 2208 2799 sie Karten bekommen! (Sturmische Protestrufe bei
1254 2771 1644 2836 den Christlichsoziglen.)
2243 2769 3139 2833 aufgeführt. Wer einem Minister sagt, er sei ein
1378 2816 2204 2866 Bundesminister Dr. Glanz: Ich meine es wärc
2241 2829 3186 2880 dienter, und nicht weiß, daß der Minister ein Diener des
1249 2849 2208 2914 wirklich demokratisch, auch mir die
2249 2863 3192 2913 Volkes ist, der hat keine Achtung vor der Verfassung
1258 2890 1984 2960 Redefreiheit zugewahren.
2850 2898 3177 2954 Stürmischer Widen
2238 2897 2806 2946 (Beifall bei den Christlichsozialen.
1374 2927 1878 2985 Abg. Pick Keinen Eiertanz
2250 2939 3178 2992 pruch bei den Sozialdemokraten.) In dieser Zeit mu
1377 2959 2201 3015 Bundesminister Dr. Glanz: Wenn mar
2250 2963 3184 3046 ie Sinlichkeit gewahrt werden. Die Arbeiterfrauer
1260 2996 2204 3064 Argumente bekämpfen will, so muß man sie hören.
3102 3018 3190 3070 Wei
2248 3014 3066 3055 verden gewiß nicht zum „Reigen gehen.
1259 3044 1975 3108 (Stürmischer Beifall der Cristlichsozialen.
2247 3047 2735 3109 ieht denn hin? Nur
2741 3051 3185 3111 sattgefressen
1367 3071 2216 3130 Abg. Seitz. Sie haben bis jetzt nur über ästhetische
2245 3090 3131 3151 Schieber. (Beifall bei den Christlichsozialen.
1262 3120 2208 3182 Meinungen gredet, aber kein einziges Argument
2246 3133 3090 3181 Lärm bei den Sozialdemokraten.) Empören
1251 3162 1453 3225 vorgebracht.
2241 3178 3099 3222 sich darüher, daß es diesen Leuten versagt sein
1371 3182 2213 3243 Abg. Dr. Matais (christlichsozial): Der
2237 3208 3097 3245 den „Reigen zu sehen? Die Regiernag hat
3104 3208 3156 3258 ib
1264 3234 2214 3290 Herr Präsident als Krawallmacher!
2247 3243 3154 3289 Pflicht getan und wir verteidigen da
1382 3272 2200 3344 Abg. Dr. Bauer: Ein solcher Schreier wie
2248 3280 3172 3329 Burgermeister Reumann hat als Landesha##
1261 3293 1367 3372 der M
1391 3317 1964 3368 ataja wagt es, so zu sprechen.
2247 3328 3176 3382 nann seine Pflicht verletzt. (Widerspruc
1374 3346 2206 3396 Präsident gibt wiederholt das Glockenzeichen.
2243 3360 3164 3414 bei den Sozialdemokraten.) Man hat den „Reigen
1372 3389 2204 3441 Bundesminister Dr. Glanz: Ich habe mich
2242 3399 3187 3445 in München und in Berlin verboten
1358 3436 2209 3478 an den Bürgermeister gewendet, weil
2241 3437 3182 3485 und wir Deutschen an der Donau wallen in unseren
2248 3475 3174 3522 eintichkeitsgefuhl nicht hinter dem übrigen deutsche
1344 3509 2201 3551 selbst eine abandernde Verfügung im eigener
1259 3510 1316 3559 hm
2243 3515 3175 3564 Volk zurückstehen. (Lebhafter Beifall bei den Christlich
1258 3551 2199 3601 Wirkungskreile zu ermöglichen. Der Herr Burger
2250 3559 3178 3618 ozialen; andauernde Zwischenrufe bei den Soug
1241 3582 2194 3656 meister teilte mir jedoch hierauf mit, daßer nich
2238 3578 2459 3649 demokraten.)
2510 3665 3268 3734 Abg. Seitz: Oesterreich ist viel zu schwach,
3277 3684 3311 3750 n
2388 3709 3078 3762 eine Regierung von Angestellten oder
2400 3761 3324 3816 ingen zu ertragen. (Rufe bei den Christlichsozialen
2400 3785 3271 3852 Unerhort! Sie sprechen von Söldlingen?) Wenn
2404 3825 3313 3885 Mehrheit den Mut gehabt hätte, selbst zu regieret
2400 3867 3318 3929 o hätte sie gewiß den politischen Takt gehabt. Da¬
2392 3902 2729 3956 kann man natürlich
2515 3944 3219 4017 einem solchen jungen Manne
2383 4008 3327 4070 (Rufe bei den Christlichsozialen: Nicht beleidigen!
2384 4055 3317 4118 nicht zumuten. Die ästhetischen Auffassungen de
2387 4092 3324 4156 Dr. Glanz interessieren uns nicht. Wir kümmern uns auch
2384 4136 3285 4181 nicht darum, welches Publikum das Stück anhört (R
2385 4164 2543 4200 S
