3484 4128
983 90 1598 180 Bühne und Staat.
978 182 1600 241 Von Oberverwaltungsgerichtsrat
1074 226 1506 300 Dr. H. Lindenau.
1377 273 1738 333 (Nachdruck verboten.)
1033 321 1734 377 Indem wir die folgenden Ausführungen
961 371 1731 412 wiedergeben, möchten wir betonen, daß wir
974 409 1732 453 das polizeiliche Verbot von Theaterauf¬
969 444 1738 493 führungen, die keinen strafrechtlichen Tat¬
976 483 1739 531 bestand verwirklichen, doch für höchst uner¬
974 529 1736 574 wünscht halten, und ein Theatergesetz fordern,
978 568 1738 619 das eine solche Möglichkeit ausschließt. Vor
971 611 1725 649 allem aber erachten wir es mit dem Ver¬
978 644 1737 695 fasser für notwendig, daß die Theaterpolizei
983 685 1736 731 chleunigst dem Kultusministerium unterstellt
976 723 1064 786 wird.
1443 720 1691 783 Die Redaktion.
925 764 1725 832 Der Prozeß um Schnitzlers „Reigen“
849 831 1729 892 ist durch das freisprechende Urteil der Straf¬
1571 879 1739 945 erledigt.
844 877 1566 937 kammer hoffentlich endgültig
833 974 1739 1051 und söllen in Zukunft Meinungsverschieden¬
813 1117 1695 1186 heiten zwischen Staat und Bühne über die
812 1178 1706 1238 Zulässigkeit von Aufführungen ausgetragen
814 1225 980 1283 werden
881 1273 1698 1334 Die Wiedereinführung der Zensur darf
805 1323 1702 1390 nicht in Frage kommen. Diese Einführung
817 1381 1694 1422 macht jede Aufführung von der zuvor er¬
809 1427 1700 1485 wirkten behördlichen Genehmigung abhängig.
812 1473 1703 1531 Sie erfordert also die positive Zustimmung
820 1522 1706 1574 des Staates zu jeder theatralischen Vor¬
809 1569 1697 1627 stellung und belastet die Regierung mit der
813 1626 1704 1682 vollen Verantwortung für den Gesamt¬
818 1664 1498 1728 inhalt der Bühnendarbietungen.
1500 1668 1702 1732 Selbst¬
811 1718 1712 1769 verständliche Folgen hiervon sind äußerste
807 1767 1699 1826 Zurückhaltung und Aengstlichkeit bei jeder
815 1814 1707 1874 Zensurprüfung, und auf der anderen Seite
824 1864 1693 1928 unerträgliche Hemmungen für die künst
817 1916 1706 1970 lerische Entwickelung. Man erwäge einmal,
809 1965 1704 2015 welche Folgen es für das Gedeihen eines
806 2012 1702 2070 beliebigen Industriezweiges haben müßte,
810 2058 1702 2113 wenn vor jedem Geschäftsabschlusse erst die
814 2113 1700 2172 Entscheidung einer bureaukratischen Stelle
820 2157 1699 2219 einzuholen wäre. Also keine Rückkehr zur
807 2205 1698 2263 Zwangsbewirtschaftung der dramatischen
810 2255 963 2315 Kunst!
897 2292 1704 2368 Daß der Strafprozeß ein höchst unge¬
807 2353 1701 2411 eignetes Mittel ist, um die Grenzen der
824 2397 1700 2462 öffentlichen Kunstbetätigung abzustecken,
817 2450 1704 2519 dürfte der „Reigen"=Prozeß jedem Teil¬
816 2515 1707 2560 nehmer mit genügender Klarheit vor Augen
818 2552 1698 2612 geführt haben. Der Anblick der von Barre
819 2600 1700 2655 und Gitter der Anklagebank eingeschlossenen
819 2647 1708 2711 Künstlerschar, ihre Preisgabe an die Auf¬
820 2702 1703 2750 regungen einer fast vierzehntagigen Ver¬
813 2744 1708 2800 handlung und an die Härten der Ange¬
820 2789 1696 2842 klagtenstellung, die selbst bei der entgegen¬
810 2842 1701 2902 kommendsten Verhandlungsleitung unver¬
814 2888 1696 2938 meidlich sind, boten ein Bild, dessen be¬
811 2936 1705 2986 drückende Nachwirkungen schwer aus der
823 2984 1700 3048 Erinnerung zu entfernen sind. Der Ge¬
815 3031 1702 3092 danke besonderer Kunstkammern unter
826 3081 1705 3139 Ueberwachung eines obersten Kunsthofes ist
819 3147 1701 3187 aufgetaucht. Die Hypertrophie des Be¬
821 3233 1702 3281 mehrt und wieder ein Stück von der
825 3279 1698 3337 Einheitlichkeit der ordentlichen Rechtsprechung
822 3328 1707 3379 abgesprengt werden, die sich doch, wie das
817 3375 1702 3426 Urteil im „Reigen“=Prozeß lehrt, dem
822 3424 1710 3485 Verständnisse auch für feine und schwierige
1646 3476 1703 3528 Es
822 3475 1578 3530 Kunstfragen gewachsen gezeigt hat.
825 3525 1694 3581 kommt also nicht darauf an, den Straf¬
816 3571 1709 3629 richter auszuschalten und damit dem
821 3620 1697 3684 Bühnenangehörigen eine Ausnahmestellung
821 3683 1700 3731 zu gewähren. Die Aufgabe besteht viel¬
813 3724 1698 3778 mehr darin, die Anwendung des Straf¬
817 3774 1702 3829 rechts als äußerstes und scharfstes Macht¬
825 3815 1705 3879 mittel des Staates zurückzustellen, bis alle
820 3878 1554 3937 anderen Möglichkeiten erschöpft sind.
898 3923 1706 3982 Ein hierfür nach Form und Wirkung
819 3972 1704 4044 durchaus geeignetes Mittel bietet das
1756 997 1899 1073 e Bühne
1757 1103 2632 1188 geltende Recht in dem polizeilichen Auf¬
1776 1173 2645 1227 ührungsverbote. Erst kürzlich ist in einer
1759 1225 2632 1286 Entscheidung des Oberverwaltungsgerichtes
1756 1273 2635 1336 mit eingehender Begründung dargelegt
1765 1322 2635 1378 worden, daß solches Verbot auch nach Auf¬
1763 1376 2636 1430 hebung der Zensur ausgesprochen werden
1763 1424 2634 1486 kann, sobald eine Aufführung geeignet ist,
1762 1472 2648 1524 die öffentliche Ruhe, Ordnung oder Sicher¬
1757 1516 2643 1577 heit zu stören, oder einen strafbaren Tat¬
1765 1560 2643 1633 bestand verwirklicht (§§ 2 und 10 ll. 17
1761 1616 2644 1672 des Allgemeinen Landrechtes). Auf diesem
1764 1663 2643 1720 Wege ist die Behörde nicht genötigt, wie
1759 1709 2638 1772 bei Ausübung der Zensur der einzelnen
1770 1770 2642 1829 Aufführung den obrigkeitlichen Zulassungs¬
2199 1811 2637 1873 Sie beschränkt sich
1766 1812 2195 1878 stempel aufzudrücken.
1768 1858 2636 1918 vielmehr darauf, die Stücke herauszugreifen,
1759 1913 2633 1968 die nach den Beobachtungen bei der Erst¬
1758 1955 2642 2014 aufführung oder einigen Wiederholungen in
1767 2011 2634 2067 ihrer Wirkung ernstlich gegen die Staats¬
1765 2057 2643 2125 ordnung verstoßen. Gegen ein darauf er¬
1763 2109 2646 2173 lassenes Verbot steht dem Bühnenleiter die
1770 2153 2647 2219 Klage bei den unabhängigen Verwaltungs¬
1757 2216 2647 2272 gerichten offen, bei denen er nicht als An¬
1765 2255 2629 2321 geklagter vor die Schranken gefordert wird
1774 2309 2633 2367 ondern der Polizeibehörde als gleich¬
1769 2353 2636 2405 berechtigte Partei entgegentritt. Die Klage
1771 2398 2637 2459 hat aufschiebende Wirkung, so daß erst der
1765 2447 2650 2516 rechtskräftige Richterspruch die Einstellung
1763 2498 2641 2556 der Vorstellungen erzwingt. Jedoch bleibt
1763 2547 2638 2602 der Behörde die Möglichkeit, auf Grund
1756 2594 2635 2652 des § 53 des Landesverwaltungsgesetzes ihr
1754 2644 2643 2700 Verbat sofort zur Ausführung zu bringen,
1769 2687 2634 2754 „sofern letztere ohne Nachteil für das Ge¬
1763 2740 2555 2804 meinwesen nicht ausgesetzt bleiben kann“
1763 2785 2638 2847 ein Machtmittel, von dem die Polizei schon
1771 2843 2633 2900 nit Rücksicht auf die im Falle des Unter¬
1769 2886 2649 2941 iegens drohenden Regreßansprüche nicht
1759 2935 2635 3004 leichten Herzens Gebrauch machen wird.
1768 2984 2635 3043 Man darf diese Ordnung im geltenden
1762 3031 2647 3088 Recht als ganz erträglich bezeichnen, ohne
1770 3087 2636 3144 freilich die Notwendigkeit abschließender und
1767 3138 2636 3187 den Anforderungen künstlerischer Freiheit
1768 3181 2639 3231 entsprechender Regelung durch ein Theater¬
1769 3231 2281 3296 gesetz bestreiten zu wollen.
1834 3282 2642 3357 Die Frage drängt sich auf, weshalb der
1766 3334 2640 3403 vorstehend geschilderte Weg des Polizei¬
1760 3383 2626 3442 verbots nicht gegenüber den „Reigen“=Auf
1773 3435 2638 3488 ührungen gewählt worden ist, wenn die
1759 3487 2641 3542 Vertreter des Staates dieses Werk Schnitzlers
1766 3533 2638 3590 gerade für einen geeigneten Gegenstand des
1762 3577 2637 3636 Eingreifens hielten. In der Oeffentlichkeit
1761 3628 2632 3692 hat besonders der Umstand Kopfschütteln
1761 3690 2642 3739 erregt, daß man plötzlich eine Aufführung
1760 3726 2635 3784 vor die Strafrichter zerrte, die weit über
1769 3778 2632 3836 Jahresdauer allabendlich unter den Augen
1760 3835 2643 3894 der Behörden vonstatten gegangen war.
1764 3880 2643 3941 Die abweichende Stellung, die Polizei und
1761 3925 2641 3986 Staatsanwaltschaft hier einnahmen, war
1767 3976 2631 4047 aber nicht die einzige Divergenz zwischen
