3392 4352
277 115 373 200 11
970 111 1402 201 box 17/3
466 121 787 218 Reigen
412 861 621 972 Wennen!
1282 895 1474 954 Wenden!
737 865 1133 973 Rückselte beachten!
1129 948 1444 1054 Telephon 12.801
1160 1040 1226 1091 66
657 1112 1155 1220 „ODSERVEN
472 1204 1421 1269 I. Esterr. behördl. konzession. Unternehmen für Zeitungs-Ausschnitts
570 1255 1324 1335 WIEN I, CONCORDIAPLATZ 4
804 1313 1083 1386 Vertretungen:
398 1359 1456 1429 in Berlin, Basel, Budapest, Chicago, Cleveland, Christiania,
408 1418 1460 1471 Genf, Kopenhagen, London, Madrid, Mailand, Minneapolis,
406 1452 1460 1523 New-Vork, Paris, Rom, San Francisco, Stockholm, St. Peters¬
799 1490 1073 1552 burg, Toronto.
702 1517 1175 1608 (Quellenangabe ohne Gewähr.)
398 1578 786 1672 Ausschnitt aus:
993 1620 1277 1719 Reichspost
399 1675 844 1785 vom: S 77 4
871 1689 1407 1794 Nachmittagsausgabe
734 1745 922 1831 F
1040 1763 1212 1842 Wien
490 1808 1534 1890 Der Direktor Kövessy der „Neuen Bühne“ in Buda¬
393 1885 1529 1945 pest, dem offenbar die Zoten, die derzeit schon — nicht
387 1938 1530 1991 nur in Budapest — über die Bretter gehen, noch zu wenig
397 1984 1548 2044 papriziert erscheinen, hatte den Einfall, Sch######s.
403 2033 1537 2096 „Reigen“ (eine Sammlung von Sexualnovellen) zu
401 2087 1529 2142 „dramatisieren“ und mit Musikbegleitung (!)
389 2130 1545 2199 über die Bretter der „Neuen Bühne“ gehen zu lassen, die
351 2288 1493 2360 wohl die Halbwelt Budapests bedeuten sollen. Das war
366 2343 1457 2401 selbst der Budapester Polizei zu stark und sie verhot bi
349 2396 1483 2442 weiteren Aufführungen.-Dafür wird sie vom Feuille¬
358 2441 1494 2506 tonisten Arpad der „Zeit“ obwohl er selber Kövessys
368 2487 1187 2564 Einfall geschmacklos findet, also gerüffelt:
431 2552 1490 2606 Die Budapester Polizei kümmert sich verzweifelt wenig um
346 2598 1486 2643 jene Angelegenheiten, die in ihr Ressort fallen, dagegen muß
364 2620 1483 2675 man ihr das Zeunnis ausbellen, daß sie sich um Dinge schert,
357 2665 1475 2750 die Abgeordneten aus dem Parlament hinausgeworfen, und
368 2746 1486 2789 jetzt entfernt sie mit gleicher Energie die Dichter aus dem
367 2771 1486 2834 Thegter. Schnitzlers „Reigen“ der auf einer neuen klenen
357 2820 1492 2879 Bühne der uigarischen Hauptstadt zur Darstellung gelangte,
365 2860 1278 2902 verletz das Anstandsgefühl unserer Polizei,
1306 2856 1489 2907 und die
366 2893 1486 2940 weiteren Aufführungen dieer eigenartigen Novität wurden
362 2933 1486 2980 untersagt. Die Polizei, die kaum schlechter sein könnte, als sie
370 2972 1487 3017 st, will das Publikum besser machen, als es ist und jene
365 3001 1492 3048 Menge, di: die Moral der Polizei bisher mit Fug und Recht
354 3046 1482 3109 kritisierte, bekommt jetzt diese Krilik in verschärfter Form zurück.
365 3082 1413 3154 Nach schlechten Polizeisitten also eine schlechte Sittenpolizei.
460 3118 1504 3193 Der Mann hat eientlich recht. Nicht die Polizei¬
366 3179 1498 3234 sondern die Kanairäumer wären berufen, den „literari¬
359 3229 985 3300 schen“ Augiasstall zu säubern.
2700 1386 3278 1453 Schnitzler unter dem Titel
1768 1400 1892 1507 1
2695 1438 3314 1503 menfaßte. Hätte der geistvolles
1778 1429 2451 1565 % Beniueton.
2705 1479 3318 1548 seinen „Reigen“ für bühne
2704 1525 3300 1601 dann würde er wohl selbst eine
1720 1541 2655 1642 Schnitzlers „Reigen“ auf der Bühne.
2704 1584 3274 1651 bereitet oder angeregt haben.
1972 1606 2424 1697 Von Arpad (Budapest).
2713 1625 3320 1702 Schnitzler weiß jeder Schrift
2697 1677 3306 1733 denkende Leser, daß Novellen
1769 1660 2663 1737 Die Budapester Polizei kümmert sich ver¬
2693 1726 3312 1794 Dialogform vorherrscht, fast so
2594 1732 2662 1789 die
1721 1723 2581 1788 zweifelt wenig um jene Angelegenheiten,
2697 1772 3300 1853 stücke sind wie Tafelredner
2595 1780 2664 1845 ihr
1736 1785 2574 1846 in ihr Ressort fallen, dagegen muß man
1714 1831 2656 1894 das Zeugnis ausstellen, daß sie sich um
2739 1824 3304 1887 Was Goethe in den wenigen
1722 1865 2650 1942 Dinge schert, die sie ganz und gar nichts an¬
2699 1884 3271 1943 Frauen Weh und Ach sagt,
1733 1922 2657 1987 gehen. So hat sie vor kurzem die Abgeord¬
2707 1931 3307 2001 Punkte zu kurieren sei und
1734 1973 2656 2030 neten aus dem Parlament hinausgeworfen, und
2700 1973 3304 2043 bitteren Versen andeutete: „
1725 2021 2666 2091 jetzt entfernt sie mit gleicher Energie die Dichter
2692 2019 3310 2096 Kind, was Liebe ist? Ein
1729 2072 2656 2132 aus dem Theater. Schnitzlers „Reigen“ der
2701 2068 3304 2141 Haufen Mist“ — das hat Sch
1727 2098 2661 2180 auf einer neuen kleinen Bühne der ungarischen
2707 2132 3285 2187 „Reigen“ in bunten Bildern
1725 2167 2661 2243 Hauptstadt zur Darstellung gelangte, verletzte
2702 2173 3299 2228 die verliebten und verliebt tu
1726 2219 2660 2276 das Anstandsgefühl unserer Polizei, und die
2694 2220 3317 2283 und Weiblein aus den Tiefen
1727 2259 2661 2326 weiteren Aufführungen dieser eigenartigen
2701 2271 3299 2325 (die oft als ihre Höhen gelte
1721 2316 2657 2371 Novität wurden untersagt. Ob es bei diesem
2701 2314 3307 2371 Augen, und wenn er auch wide
2699 2367 3270 2424 Ausschnitte aus dem Leben
1718 2368 2655 2423 Verbot bleibt, ob das Ministerium Ja und
1723 2414 2666 2473 Amen zu dieser neuesten Zensur sagt, wollen
3230 2464 3306 2523 6
1739 2472 2668 2535 wir abwarten. Eines ist jedoch schon heute
2701 2456 3236 2518 und verschönt beinahe das
1738 2505 2665 2571 gewiß: die Polizei, die kaum schlechter sein
2706 2509 3319 2586 Gleichnis zu reden: Sonnenstra
2699 2562 2858 2626 pfützen.
1721 2562 2665 2625 könnte, als sie ist, will das Publikum besser
1720 2613 2658 2666 machen, als es ist, und jene Menge, die die
2725 2584 3279 2680 Der ungarische Bearbeiter
1725 2662 2655 2727 Moral der Polizei bisher mit Fug und Recht
2696 2631 3311 2723 nahm jedoch dem Werk Schnitzl
1725 2708 2665 2769 kritisierte, bekommt jetzt diese Kritik in ver¬
2701 2708 3319 2775 strahlen, den Glanz des Talents
2695 2761 3307 2827 der Dichtkunst. Mit derber Ha
1738 2801 2490 2873 sitten also eine schlechte Sittenpolizei.
2689 2811 3306 2866 künstlerisch sorgsam gefeilten
2694 2861 3314 2921 Skizzen zerschlagen und d
1765 2855 2665 2933 Wenn man nun auch keine Ursache hat, die
2693 2897 3281 2970 Schmutzigste auf die Bretter
1731 2961 2665 3018 wenn sie diese in alles stecken will, ist dies noch
2685 2956 3296 3011 Roheiten eigener Mache noch ve
2691 3003 3293 3070 lers Buch fand in Alexander?
1727 3005 2659 3061 lange kein Grund, die Dramatisierung der be¬
1719 3060 3305 3135 konnten Skizzen und Satiren zu preisen, die gezeichneten Uebersetzer, doch die
