3336 4416
1472 168 1942 215 e
1451 199 2510 255 tualität der Teilung sterreichs unter die benach¬
1457 247 2514 309 barten Staaten in Erwägung gezogen worden wäre.
1458 293 2515 355 Eine solche Behauptung stellt nur den Versuch dar,
1455 345 2519 400 in Österreich den Glauben zu verbreiten, daß die
1449 403 2513 448 Alliierten bereit seien, den Vertrag von St. Ger¬
1453 440 2514 501 main zu ändern. Dies widerspricht durchaus der
1458 500 2523 557 Wahrheit. Die Verbündeten sind fest entschlossen,
1464 540 2520 603 die Verträge, die sie unterzeichnet haben, zu achten
1471 588 2515 666 und ihnen Achtung zu verschaffen. Diesbezüglich
1463 649 2531 712 herrscht zwischen den Kabinetten von Rom, Paris
1464 680 2372 775 und Londop keine Meinungsverschiedenheit.
1710 757 1948 874 0
1513 907 2357 1000 An Der „Reigen.
1484 980 2531 1070 EEs ist interessant, die Bemerkung zu machen, ine
1472 1049 2540 1116 gegenwärtig Parlamente, Landtage, die Presse, wie
1472 1093 2539 1162 überhaupt beinahe die gesamte Öffentlichkeit inst
1467 1149 2534 1210 dem „Reigen“ von Schnitzler sich beschäftigt. Um deo
1477 1200 2531 1265 Sache als solche zu verstehen, ist es notwendig, eine
1471 1254 2137 1343 kurze Inhaltsangabe zu geben.
1544 1304 2534 1381 Die Achtung vor dem Reinlichkeitsgefühl unserer
1464 1367 2530 1421 Leser zwingt uns, sie bloß kurz und andeutungs¬
1468 1408 2531 1482 weise mit dem Tatsachengehalt dieser zehn Dialoge
1475 1456 2529 1526 von Artur Schnitzler bekannt zu machen. Zehn
1482 1499 2542 1587 Personen schlingen den „Reigen“; die Dirne mit
1468 1564 2535 1629 dem Soldaten, dann der Soldat mit dem Stuben¬
1485 1617 2546 1676 mädchen, dann das Stubenmädchen mit dem
1483 1666 2539 1733 jungen Herrn, dann der junge Herr mit der jun¬
1483 1709 2542 1788 gen Frau eines andern, hierauf dieser Andere mit
1475 1755 2546 1836 einem süßen Mädel, dann das süße Mädel mit dem
1476 1813 2544 1879 Dichter, hierauf der Dichter mit der Schauspielerin,
1489 1865 2542 1931 dann die Schauspielerin mit dem Grafen und end¬
1479 1903 2543 1985 lich der Graf mit der Dirne, so daß der Kreis ge¬
1481 1949 2552 2037 schlossen ist. Jede dieser zehn kurzen Szenen wird
1482 2008 2546 2096 zum Akt und wächst schon nach wenigen Minuten
1487 2059 2549 2142 zu einer Handlung aus, die im Buche mit Gedan¬
1487 2129 2549 2187 kenstrichen angedeutet wird und die durch Verdun¬
1486 2158 2546 2239 kelung der Bühne zu markieren die Spielleitung
1492 2209 2547 2287 vorläufig noch genug Rücksicht besitzen muß. Wir
1493 2256 2554 2342 sagen vorläufig „noch“ denn nach einer neuerlichen
1495 2311 2545 2389 Revolution und bei noch weiter ausgedehnter „Frei¬
1488 2369 2549 2442 heit“ wird vermutlich noch diese letzte Schranke fal¬
1487 2409 2546 2493 len, die uns derzeit noch von der Ungeniertheit
1495 2461 2550 2541 trennt, mit der sich Weidevieh auf der Alm oder die
1493 2515 2550 2605 Hunde auf der Gasse ihrem Liebesdrange hingeben.
1560 2568 2558 2664 In München kam es bei der 10. Aufführung
2498 2630 2558 2694 zu
1487 2632 2458 2705 von Schnitzlers „Reigen“ im Schauspielhaus
1493 2671 2555 2750 einem Skandal erster Klasse. Ein nicht unerheb¬
1495 2721 2565 2803 licher Teil unseres Volkes in seinem gesunden und
1492 2781 2554 2860 anständigen Empfinden will eben solche Bordellstücke
1501 2835 2559 2905 nicht dulden. In Leipzig hatte selbst die Theaterlei¬
1498 2872 2556 2961 tung das Gefühl, die Jugend fernhalten zu müssen
1500 2923 2558 3013 und sie ließ die Teilnehmer vorerst eine Erklärung
1505 2982 2551 3050 abgeben, daß sie wissen, was ihnen bevorsteht und
1494 3027 2565 3100 daß sie daher keine Einwendungen erheben und daß
1511 3073 2565 3151 sie die Karten nicht von Personen unter 18 Jahren
1501 3122 2560 3209 benützen lassen. Auch in Berlin — selbstverständlich
1570 3176 2567 3261 machte der „Reigen“ volle Häuser. Die „Rei¬
1505 3219 2563 3310 genseuche“, wie der „Vorwärts“, das sozialde¬
1508 3287 2564 3354 mokratische Blatt sich ausdrückt, greift weiter um
1508 3325 2557 3410 sich. In Wien wird der „Reigen“ jetzt gegeben. Wie
1511 3376 2565 3451 unendlich tief müssen doch weite Teile des deutschen
1504 3431 2566 3502 Volkes gesunken sein, daß solche Stücke aufgeführt
1508 3477 2570 3557 werden und daß das Theater bis zum letzten Platze
1512 3525 2565 3602 bei höchsten Preisen ausverkauft ist. So trauvig und
1517 3576 2577 3658 schandvoll die Angelegenheit ist, wir dürfen nicht
1508 3633 2574 3706 stillschweigend darüber hinweggehen. Es handelt sich
1505 3689 2583 3776 hier um die Bordellisierung unseres
1506 3737 1722 3812 Volkes.
1584 3768 2558 3856 Die Frage nach der Aufführung des „Reigen“
1505 3832 2578 3903 ist in Berlin zur gerichtlichen Entscheidung gelangt,
