3336 4416
284 122 786 229 11. Reigen
970 121 1391 213 box 17/5
2710 537 2867 616 Frriing
1923 533 2058 617 Kur
1854 626 3077 693 des Statthaltereirates nicht mühselig fortgedrängt, um
1855 668 3076 731 die des Tapezierergehilfen über sich ergehen zu lassen.
1848 727 3066 792 Man wird sich von den Leuten, die, ihrer Ver¬
1856 778 3074 834 antwortung wohl bewußt, im Dunkel bleiben, nicht die
1849 809 3079 877 Richtungen vorschreiben lassen, in denen sich das Dichten und
1855 870 3075 934 Denken zu bewegen hat. Jetzt hat diese ganze Angelegenheit mit
1865 916 3075 973 dem Schnitzlerschen „Reigen“ gar nichts mehr zu tun. Mag er
1859 964 3070 1031 züchtig oder unzüchtig, Kindern oder Erwachsenen gefährlich sein,
1859 1022 3071 1076 mag man ihn spielen oder nicht, das ist herzlichst gleichgmtig.
1853 1053 3079 1127 Im Grunde denkt keiner an den „Reigen“ mit seinen zehn Liebes¬
1860 1108 3084 1165 episoden, wenn er in diesem Kampf um ihn Stellung nimmt. Es
1868 1150 3083 1223 gilt Höheres. Der Kampf um den „Reigen“ ist jett besonders
1870 1196 3092 1264 nach den Szenen von Mittwoch symptomatisch geworden. Es ist
1866 1244 3090 1316 ein Kampf zwischen Stinkbomben und Geistigkeiten, zwischen der
1870 1293 3094 1361 Freiheit der Idee und ihrer Beherischung durch Leute, die nicht
1869 1352 2246 1423 hervortreten wollen.
1894 1433 3064 1526 Abschluß der Budgetberatung im
2325 1519 2663 1620 Ausschuß.
1988 1589 3102 1678 Der Finanz= und Budgetausschuß hat in seiner gestrigen
1873 1660 3090 1730 Sitzung die Beratung des Staatsvoranschlages beendet. Gestern
1870 1703 3096 1763 stand der Bericht der Liquidierungsinspektoren zur Debatte, an
1874 1762 3095 1809 der sich neben den beiden Inspektoren Smitka und Buchinger
1870 1803 3090 1860 die Abgeordneten Dr. Jerzabek, Allina, Seit und
1873 1851 3103 1906 Dr. Gürtler und mit längeren Ausführungen auch Finanz¬
1880 1894 3104 1954 minister Dr. Grimm beteiligten. Zum Generalberichterstatter
1880 1945 3102 2005 für das Haus wurde Abgeordneter Dr. Gürtler, zu Spezial¬
1885 1991 3105 2050 berichterstattern die Berichterstatter über die einzelnen Kapitel im
1874 2042 2228 2118 Ausschuß gewählt.
1975 2109 2953 2245 Sezession der Deutschen
2100 2209 2921 2340 Prager Parlament.
1990 2305 3089 2398 Prag, 17. Februar. Im Abgeordnetenhause kam es ig
1884 2379 3084 2440 der Erklärung des Abgeordneten Schälzky zu stürmischee
1883 2428 3087 2495 Auseinandersetzungen zwischen den deutsche
1896 2473 3054 2552 und tschechischen Parteten, darunter auch zwisch
1889 2527 2798 2604 den deutschen und tschechischen Sozialdemokraten.
2001 2554 3072 2624 Die Mitglieder des deutschen parl
1890 2615 3067 2682 Mentarischen Berbandes verließen ko
1888 2665 2675 2731 porativ den Gitzungösaal.
2365 2749 3072 2861 Großkreuz der Ehrer
1897 2761 2313 2868 Masaryk —
2387 2841 2642 2936 legion.
2018 2897 3077 2986 Prag, 17. Februar. (Privattelegramm die
1910 2968 3075 3029 „Neuen Wiener Journals“. Seitens der flanzösisch
1892 3007 3080 3074 Regierung wurde dem Präsidenten der tschecho=slowakischen Repul
1904 3059 3007 3125 Masaryk das Großkreuz des Ordeus
1904 3110 2631 3175 Ehrenlegion verliehen.
1897 3205 3057 3321 Die Anklageschrift gegen Stepha
2368 3286 2678 3383 Friedrich.
2022 3344 3038 3433 Budapest, 17. Februar. Wie die Blätter melden,
1902 3415 3078 3479 die Staatsanwaltschaft gegen den gewesenen Ministerpräsident
1912 3460 3072 3528 Stephan Friedrich die Anklage wegen des Verbrechens
1915 3523 3091 3603 Anstistung zum Mord an Grafen Stephan Tis;
1896 3571 2066 3650 erhoben.
2018 3574 3079 3671 Die überaus umfangreiche Anklageschrift verweist daraf
1904 3647 3089 3718 daß Friedrich in den Sitzungen des seinerzeitigen Arbeiterrat
1890 3702 3085 3779 und Nationalrates Erklärungen abgegeben habe, die geeignet
1922 3746 3091 3814 scheinen, das Mordattentat gegen Tisza gefördert zu haben. 2
1907 3791 3094 3858 Anklageschrift beantragt, daß dis zur Erbringung des meritorisch
1920 3844 3096 3909 Urteils in der Hauptverhandlung Friedrich auf freien Fu
1907 3889 3024 3963 belassen werde, da Fluchtgefahr nicht zu
1896 3948 2285 4028 fürchten sei.
2030 3958 3098 4052 Die Entscheidung hierüber wird der Anklagesenat fälle
1903 4030 3101 4095 Die Hauptverhandlung dürfte den Blättern zufolge Anfang Mö¬
