3496 4320
1100 117 1514 216 box 17/5
397 115 909 217 11. Reigen
480 300 1647 388 saut Ane Iu#.. W... Kunzoolten Verlauf; ihr Reinerträgnis
475 337 995 405 betrug beiläufig 300.000 K.
557 362 1640 473 Der „Reigen“ — ein Totentanz. Im „Grazer
476 424 1636 522 Tagblatt“ schreibt B. G. (Bruno Ertler?) unter dem Titel
466 493 1633 562 „Wiener Reigen“ u. a.: „Die Staatsmtschi#e ohnehin eine
468 537 1643 615 recht wehe Konstruktion, muß stillstehen, teil es einen „Reigen“.
462 582 1639 683 zu tanzen gibt. Seit 1897 ist die frivolz Dialsgreihe
673 1015 1845 1111 Schnitzlers vorhanden. Nie ist es jemand eingefallen, diese
674 1093 1849 1162 erotischen Skizzen auf die Bühne zu bringen. Erst 1921 ist
673 1127 1846 1209 der Geschmack tief genug gesunken, mit einer Sache
684 1185 1846 1263 Theater zu machen, die nie fürs Theater bestimmt war und
677 1227 1848 1303 auch nicht hingehört. Das ist die literarische Seite der
687 1271 1851 1353 Geschichte. Daß sie auch eine politische haben würde, hat sich
675 1323 1786 1411 wohl weder Schnitzler noch Direktor Bernau erwartet und
688 1375 1842 1452 erhofft. Den Andrang zu den „Reigen“=Aufführungen (falls
673 1423 1842 1501 sie überhaupt noch stattfinden) möcht ich sehen! Das Volk
686 1470 1842 1546 der Wiener hat wieder seine Hetz. Und wenn man ihm
688 1525 1849 1601 den Reigen auf der einen Seite verbietet, so tanzt es ihn
688 1574 1854 1647 auf der anderen weiter. Und wenn's auch ein Totentanz
683 1632 1212 1714 ist — geranzt ist es doch!“
2192 1393 2875 1476 Ein ahter „Reigen“=Dialog.
2063 1466 3078 1525 Mein Freund Schreier, der Herausgeber dieses Blaktes, hak
1985 1499 3083 1561 in der letzten Nummer des „Morgen“ seiner Ansicht Ausdruck
1984 1553 3063 1597 verliehen, daß die öffentliche Aufführung von Schniklers „Reigen“
1991 1591 3073 1636 eigentlich doch unzulässig sei. Er war so liebenswurdig, dabel an¬
1984 1631 3082 1679 zudeuten, daß es ihm im Grunde leid tue, mit dieser Auffassung im
1983 1670 3071 1721 Gegensatz zu mir zu stehen. Ich danke ihm für dieses Zartgefühl,
1990 1711 3073 1755 finde es aber für übertrieben. Auch die älteste und beste Freund¬
1997 1751 3076 1791 chaft verpflichtet keineswegs zu übereinstimmenden Beurteilungen
1995 1788 3075 1830 eines Theaterstückes und seiner Wirkungen. Als nun mein Freund
1992 1827 3070 1881 Schreier ins Unglück geriel, indem die gesamle offiztelle und offi¬
1983 1876 3074 1914 ziöse Muckergesellschaft sich nicht nur seiner Ansicht über die Un¬
1985 1903 3071 1956 zulässigkeil der „Reigen“=Aufführung anschloß, sondern sich auch
1987 1936 3067 1989 noch auf ihn berief, empfand ich es als meine Freundespflicht, ihn
1980 1982 3075 2030 aufzusuchen, um ihn zu trösten. Zu meiner überraschung fand ich
1985 2014 3073 2071 ihn in bester Laune und es entwickelte sich folgender; elfter
1988 2052 2267 2114 „Reigen“=Dialog:
2064 2077 3079 2156 Ich: Es freut mich, daß du die Geshichte so von der
1981 2144 2391 2212 heiteren Seite nimmst.
2059 2187 2924 2245 Erz Welche Geschichte? Was meinst du denn?
2051 2241 3072 2306 Ich: Nun ja, du bist doch durch deine Stellungnahme in
1982 2292 3077 2356 der „Reigen“-Frage in eine traurige Gesellschaf, und in die
1988 2339 3077 2397 Gefahr geraten, daß man sich „höheren Orts“ bel einer
1977 2389 3084 2451 Dummhelt, die man gemacht hat, auch noch auf dich beruftl
2049 2435 3074 2486 Er: Lieber Freund, wer unter allen Umständen ent¬
1983 2483 3081 2553 schlossen ist, stets seine aufrichtige Melnung zu sagen und
1984 2537 3068 2596 zu vertreken, kann sich dabei nicht immer die Gesellschaft aus¬
1976 2584 3078 2643 suchen. Und, was die „Dummheit“ anlangk, so weißt du ja,
1983 2634 3071 2695 daß ich der Ansicht bin, es sei bloß etwas Vernünfliges
1979 2679 2408 2754 dumn. gemacht worden.
2051 2715 3082 2795 Ich: Du bist eiso noch immer der Überzeugung, daß die
1977 2772 2858 2853 „Reigen“-Aufführungen verboken werden sollen?
2056 2835 3077 2890 Er: Ich bin dafür, daß sie nicht stattfinden. Für ver¬
1985 2870 3073 2937 bieten bin ich nie. Bernau hälte sie nicht wollen, Schnitler
1980 2922 3075 2980 hätte nicht einwilligen sollen. Jedenfalls läßt sich so etwas
1984 2971 3065 3034 auch ohne Polizeigewalt erledigen. Eine Frage der „Geistes¬
1984 3023 3067 3081 freiheit", „hie: Vormärz', „hie Demokratie“ hätte man
1981 3078 3071 3129 aus dem Reigen“ natürlich nicht machen dürfen. Aber man
1990 3114 3073 3183 sollte sich doch auch so fragen: Wenn der „Reigen' nicht auf
1987 3176 3080 3231 die Bühne gehörl, muß er dennoch auf der Bühne bleiben,
1983 3223 3075 3272 well die Mucker und Rückschriktler die vernünftige und
1980 3264 3074 3332 moralische Forderung, daß er nicht aufgeführt werde, zu
1978 3295 3056 3377 polikischen und Partelzwecken mißbrauchen? Wird seine Auf.
1977 3358 3062 3419 führung einwandfteler, well die Mittel, sie abzusetzen, dema¬
1987 3417 3056 3472 gogische sind? Wer ist denn aber, im Grunde genommen
1975 3465 3054 3516 schuld daran, daß der „Reigen“ jetzt ein Politikum ge
1978 3494 3058 3572 wordenist?: Decheu #ie####schtdafsegefergt-haben-hal¬
1976 3551 2491 3602 er ein Privatissimum bleibe!
2059 3572 3063 3644 Ich: Schnitzler hat ihn ja wirklich nur als Privakissimum
1976 3643 3074 3715 gedacht und geschrieben. Nun liegt er aber selt vielen Jahren
2268 3744 3344 3809 im Buch vor, wirkt dort viel erotischer als auf der Bühne,
2270 3798 3350 3859 und es ist weit leichker, Jugendliche vom Theaterbesuch als
2271 3850 2841 3908 von der Lektüre auszuschließen.
2338 3886 3359 3943 Er: Du vergißt, wie viel ganz erwachsene Jugendliche es
2263 3926 3356 4002 gib!! Wenn du schreibst, du könntest dir. „bei vornehmer Emp¬
2259 3998 3347 4053 findenden keine Lüsternheitserregung vorstellen“, sondern nur
2268 4040 3360 4093 „bei Leuken, bei denen alle Wege ins Tierische führen“, dann
2257 4079 3359 4137 ist der „Reigen' eben für die große Mehrzahl unstitlich. Die
3139 1690 3389 1798 Krea#e
