3444 4320
304 154 813 255 11. Reigen
991 162 1420 241 box 17/5
2099 270 2430 364 EICFSPOST,
2695 421 2859 504 Nr. 31
1778 455 2134 528 1. Februar 1921
1812 535 2960 625 schönen Künste so grausame Fesseln anlegte, war selbst
1817 593 2959 682 das Buch verboten. Jetzt hat man Gelegenheit, dirses
1813 659 2694 738 erlesene Kunstwerk auf der Bühne zu sehen.
1919 688 2956 772 Es fällt einigermaßen schwer, dieser wahrhaftigen
1831 744 2958 816 Schandtat gegenüber, die sich da ein Wiener Theater
1828 794 2964 862 leistet, kühles Blut zu bewahren. Unter den traurigsten
1827 848 2956 922 Verfallserscheinungen, welche die Abwärtsbewegung der
1832 893 2951 959 neumodischen „Theaterkultur“ kennzeichnen, bedentet
1820 939 2950 1007 diese Aufführung des „Reigens“ den bisher tiefsten Tief¬
1822 982 2964 1058 stand. Das alte Wort, daß alles schon dagewesen sei, wird
1828 1032 2965 1111 hier Lügen gestraft. So was wax noch nicht da. Diesen
1828 1079 2960 1156 1. Februar 1921, diesen Tag, an dem es eine Wiener
1831 1137 2968 1207 Bühne ungestraft wagen durfte, sich zum Schauplatze
1831 1183 2967 1258 geilster pornographischer Literatur zu machen, den müssen
1828 1226 2957 1295 wir uns gut merken. An diesen Tag werden wir die Be¬
1827 1278 2962 1346 hörden erinnern, wenn sie über den fortschreitenden
1831 1325 2972 1393 Sittenverfall klagen. Wenn man in den Theatern solche
1833 1373 2963 1449 Hochschulen für Schmutz und Laster duldet, dann darf
1840 1421 2963 1506 man sich eben über die Folgen nicht wundern, dann darf
1834 1469 2969 1545 man nicht lamentieren, daß die Razzien in den Stunden¬
1827 1516 2974 1597 hotels immer traurigere Ergebnisse liefern, dann dürfen
1841 1571 2972 1638 unsere Herren Volksrichter nicht betreten die Köpfe
1839 1612 2963 1691 schütteln über die ganz unglaublichen Kriminalfälle, die
1835 1668 2967 1739 ihnen zu schaffen geben, dann muß man die Abteilungen
1836 1710 2973 1789 für Geschlechtskranke in den Spitälern freilich vergrößern.
1841 1759 2979 1836 Nach der Polizei, nach dem Zensor zu schreien gilt gemein¬
1839 1822 2971 1891 hin als übles Zeichen von Rückständigkeit. Nun denn,
1843 1863 2969 1932 wir haben schon den Mut, so rückständig zu sein. Wir
1835 1916 2976 1984 tun es mit Stolz und im vollen Bewußtsein unserer Ver¬
1845 1951 2975 2024 antwortung. Wir verlangen von den Behörden, die uns
1853 2001 2975 2076 ja auch vor dem Umsichgreisen einer Pest zu bchüten die
1848 2043 2983 2120 Pflicht haben, daß sie dieser volksvergiftenden Schmach
1857 2095 2978 2166 sofort ein Ende bereiten. Wir verlangen es mit aller
1852 2142 2975 2220 Strenge und werden gewiß nicht müde werden, auf
1842 2190 2969 2273 Mittel zu ennen, die diesem wahrhaftig gerechten Ver¬
1838 2253 2980 2311 langen Nachdruck zu geben vermögen. Ach ja, wir kleri¬
1844 2288 2974 2361 kalen Mucker, wir Finsterlinge, wir haben ja mit ähn¬
1849 2345 2975 2413 lichen Schmerzen das Ohr der Oeffentlichkeit oft genug
1849 2387 2980 2467 belästigt, wir haben gegen Wedekind und Schönherr und
1853 2437 2974 2511 Sternheim gewettert, wir haben uns schon zu wieder¬
1845 2479 2979 2557 holten Malen als scheuklappentragende Kunstfeinde pro¬
1851 2542 2986 2607 duziert. Diesmal aber sind uns sogar aus Kreisen, die
1857 2577 2977 2661 uns sonst verächtlich zu belächeln pflegten, Bundesgenossen
1852 2626 2979 2705 erstanden. In Berlin hat sich ein Maximilian Harden
1856 2676 2979 2755 in heller Empörung gegen die dortigen „Reigen“= Auf¬
1865 2728 2980 2798 führungen aufgelehnt und ein Moissi hat sich gar zu dem
1848 2771 2979 2848 Ausspruche verstanden, jede Schauspielerin, die im
1859 2821 2980 2906 „Reigen“ mitspiele, verdiene angespuckt zu werden (was
1854 2875 2987 2944 wir ihm wahrhaftig nachfühlen können). Das sind denn
1851 2915 2974 3006 doch unverdächtige Zeugen dafür, daß man kein „Zelot“
1849 2965 2994 3046 zu sein braucht, um über diese arge Schmach, die da
1856 3025 2988 3088 dem Theat#r und dem Publikum angetan wird, in
1866 3061 2999 3140 flammende Wut zu geraten. Auch Leute, die sonst in
1856 3106 2998 3177 Fragen der Sittlichkeit ein sehr weites Herz bekundet
1846 3163 3004 3241 haben, müssen, soforne sie sich nur einiges Gefütt für
1859 3210 3002 3286 Reinlichkeit und Anstand bewahrt haben, diesmal an
1857 3276 2267 3344 unjere Seite treten.
1947 3295 2993 3376 Mit dem Dichter Schnitzler abenrechnen ist eigentlich
1854 3354 2989 3427 ein wenig verspätet, denn er hat biese penrtrante Dialog¬
1866 3395 2993 3473 reihe vor Jahrzehnten geschrieben. Natürlich hätte er,
1856 3451 2994 3519 der uns inzwischen doch wesentlich masollere Proden¬
1865 3489 2992 3571 seines Könnens geliefert hat (darunter den in gewissen
1865 3533 2990 3615 Sinne sogar anständigen „Jungen Medardus“) sich
1861 3586 2998 3657 nicht — offenbar dem Geschäft zuliebe — verleiten lassen
1867 3627 2994 3718 sollen, diese übelduftende Jugendsünde aus ihrer Buch¬
1865 3680 3002 3761 vergessenheit hervorzuholen und damit das Theater zu
1865 3727 2997 3810 verunreinigen. Es gibt einen „Frau-von=Pollak“=Witz
1858 3784 2990 3856 (wie deren die Juden genug und mit Behagen zu er¬
1863 3821 2994 3911 zählen wissen), da leistet sich diese Dame, deren Bildung
1863 3871 2999 3952 mit ihrem Reichtume nicht Schritt zu halten vermag, das
1867 3918 3006 3997 unfreiwillige Wortspiel, zu einem gräflichen Besucher zu
1882 3972 3007 4041 sagen: „Ich danke Ihnen. Herr Graf! Sie haben mein
1871 4021 3007 4110 Haus zu einem Freudenhause gemacht!“ — Mit dem
1877 4060 3013 4147 „Reigen“ hat Schnitzler das Theater, das uns ein Haus
1909 4115 3014 4196 er Frenden sein sollte. zu einem Freudenhause, zum
