3436 4256
329 142 389 235 1
539 145 611 216 R
1034 144 1453 233 box 18/2
514 160 843 261 #eigen
1779 946 2088 1029 U UP.P.Pert
2130 961 3372 1032 Pr. gerihtel, drm darnder Berralch der Menschheit
554 965 1752 1053 richtung der Verwaltung begonnen. Die gesamte
1761 1016 2947 1069 schwerde geführt wird, daß aus Anlaß der jüngsten
2967 1015 3364 1084 über die Abrüstung
549 1034 1741 1112 Zivilverwaltung kann aber erst funktionieren, bis die
1752 1061 2953 1119 Komplikationen zwischen Ungarn und den Nachbarstaaten vom
2970 1065 3376 1135 weil sie unter den he
553 1117 2951 1176 militärische Aktion gänzlich abgeschlossen ist. Das dürfte Völkerbund die Vorkehrungen unterlassen worden seien, die
2973 1117 3349 1187 als Frankreich
1753 1234 2951 1297 einem Verfahren gegen Schnitzler lechze, ganz im Gegen¬
2973 1234 3373 1307 hätte der „Reigen
1761 1293 2962 1351 teil, man lasse den Dichter so unbehelligt wie möglich.
2971 1289 3350 1354 davon bin ich fest
976 1223 1346 1372 Feuilleton.
1762 1339 2948 1420 Ich stelle es nur fest, um die Absurdität dieses Gerichts¬
2978 1337 3372 1399 nicht für die Ma
1766 1390 2367 1457 verfahrens zu kennzeichnen.
2970 1388 3376 1451 Trauer. Die grobe
2980 1435 3378 1494 wollten, haben ih
1417 1416 1743 1514 oder die
1856 1420 2950 1504 Die Grundfrage: Soll man den „Reigen“ auf¬
551 1420 1432 1523 Der Reigen der Zeugen
2973 1483 3365 1561 Direktor hatte gan
1764 1482 2950 1551 führen? möchte ich jetzt nicht wieder aufrollen. In der
777 1493 1543 1594 Zeugen des „Reigen“.
2977 1532 3194 1594 fast alles.
1760 1542 2955 1618 Frage ist das Problem der populären Massenwirkung
3060 1565 3327 1639 Die Zeugen,
893 1570 1409 1657 Von Stefan Großmann.
1755 1592 2950 1648 überhaupt enthalten. Gewiß eignet sich der „Reigen
2976 1601 3376 1697 Erscheinungen: G
1765 1635 2876 1697 besser zur Lektüre, und ich glaube, daß ein Leser,
1168 1625 1716 1701 Berlin, Mitte November.
2863 1639 2952 1692 der
2971 1662 3375 1736 Berliner Lehrer
1759 1688 2868 1764 abends in seinem Fauteuil das Buch durchblättert,
2878 1688 2951 1748 sich
1643 1686 1742 1754 Ich
646 1677 1612 1754 „Glückliche Leut', haben zu so was a Zeit.
2976 1726 3358 1785 versitätsprofessor,
1771 1735 2856 1804 die passendste Vorstellung machen kann, nämlich
2857 1739 2958 1797 eine
554 1723 1749 1799 mußte den alten Wiener Conpletrefrain summen, als ich
2972 1766 3381 1835 sitzende eines Ver#
1764 1786 2831 1838 seinen Bedürfnissen nach Dezenz angemessene.
2862 1789 2958 1845 Die
560 1785 1749 1851 davon hörte, daß im Landgericht Moabit wirklich ein
2970 1810 3364 1872 mus und einige #
1762 1828 2950 1891 Preisgabe eines Kunstwerkes an eine uneingeschränkte
550 1840 1742 1898 ausgedehnter Prozeß gegen die Direktoren des Kleinen
1766 1874 2952 1937 Oeffentlichkeit ist immer ein Problem. Wie bitter war
554 1884 1748 1942 Schauspielhauses, die den Schnitzlerschen „Reigen“ auf¬
2979 1909 3373 1966 leben fernstehende
1765 1935 2950 1988 es, ein paar Jahre lang die Schubertschen Lieder durch
558 1920 1747 1995 geführt haben, stattfindet und nicht nur gegen die Direk¬
2981 1952 3366 2013 ständigen fragte ei
555 1973 1741 2035 toren, sondern auch gegen den Regisseur, nicht nur gegen
1763 1982 2949 2041 Operettenpopularität zur Musik der Leierkasten und
1783 2009 1835 2048 St.
2970 2001 3379 2066 letztenmal im The
552 2028 1756 2088 den Regisseur, sondern auch gegen die Schauspieler. Ja
1762 2029 2950 2083 Höfe herabgewürdigt zu sehen, und die Böcklinsche
2971 2053 3336 2108 Verwirrung und
555 2073 1750 2133 folgerichtig hätte dann der Prozeß auch gegen die
1765 2069 2951 2136 Toteninsel ist durch allzuviele Reproduktionen schal
2972 2094 3367 2162 Endlich, nach läng
548 2108 1752 2178 Bühnenarbeiter und gegen die Garderobefrauen geführt
1769 2135 2940 2195 geworden. Der Gedanke, daß der Schnitzlersche „Reigen“
2976 2146 3379 2201 Lautensacks „Gel
558 2177 1753 2226 werden sollen, denn wenn die Direktoren durch die An¬
1771 2180 2951 2252 das Sonntagsvergnügen der Berliner Handelsgehilfen
2972 2191 3366 2262 Autoren, bei den
554 2213 1746 2270 nahme des Stückes ein Verbrechen begangen haben und
1759 2218 2346 2300 würde, ist nicht erquickend.
2973 2240 3368 2302 Der Zeuge, wie
561 2263 1747 2317 die Schauspieler durch die Darstellung sich mitschuldig
1867 2265 2955 2339 Aber keine delikate Kunst, keine ästhetische Be¬
2970 2275 3367 2346 offenbar nur dani
554 2310 1746 2385 gemacht haben, dann müßten folgerimtig auch die
1774 2325 2959 2394 trachtung kann im Zusammenhang stehen mit der Ab¬
2969 2337 3372 2402 Anstoß zu nehmen
561 2362 1744 2418 Friseuse und die Garderoviere und der Souffleur an¬
1776 2378 2956 2431 surdität dieser Gerichtsverhandlung. Ein Dutzend An¬
2973 2378 3382 2440 von dem Sittlich
555 2401 1755 2465 geklagt werden, die diesem Verbrechen Vorschub geleistet
1776 2428 2956 2489 geklagte, ein Dutzend Sachverständige, eine Unzahl
2967 2426 3379 2495 präsidiums, Herrn
555 2451 1749 2511 haben, und schließlich auch die Sitzanweiser, ohne die das
1769 2478 2961 2537 Zeugen. Die Zeugen teilen sich in zweierlei Kategorien:
2983 2480 3374 2539 gut gesinnten Ma
554 2498 1752 2552 Verbrechen nicht hätte zustandekommen können, weil sie
2977 2528 3372 2583 aufgebürdet hat, d
1773 2524 2959 2581 die einen Zeugen sind solche, die Anstoß genommen
553 2548 1748 2604 das Element der Oeffentlichkeit, nämlich die Zuschauer,
2977 2569 3372 2633 spät abends Ansto
1765 2573 2960 2639 haben, und die andern solche, die sittlich gehoben waren.
556 2594 1745 2650 erst hineingelassen haben. Nicht genug damit, eröffnet der
2980 2615 3380 2666 Film, er nimmt A
1778 2622 2961 2691 Ich selber wäre für diesen Prozeß als Zeuge unbrauch¬
560 2631 1746 2693 Prozeß gegen den „Reigen“ die Perspektive auf eine
2987 2657 3379 2731 stoß im Theater. E
1778 2671 2955 2738 bar gewesen, denn ich habe weder sittlich Anstoß ge¬
555 2678 1755 2739 Massenmaßregelung deutscher Schauspieler. Dasselbe
2969 2708 3372 2790 bewältigen und ha
1771 2720 2965 2787 nommen, noch bin ich aus dem „Reigen“ sehr geläutert
548 2733 1758 2786 Verbrechen, das die angeklagten. Schauspieler in Char¬
2972 2755 3352 2821 trupp geschaffen.
1772 2766 2964 2829 herausgegangen. Wichtig wäre es, Zeugen zu ver¬
560 2772 1745 2834 lottenburg begangen haben, haben andre Schauspieler in
2988 2790 3373 2864 sichtigen die Zeicht
1774 2819 2966 2883 nehmen, die sich bei der ganzen Vorstellung wirklich
556 2824 1751 2881 Frankfurt, Hamburg, Leipzig, München, Dresden
2987 2853 3372 2913 fliegen die Novelle
1770 2873 2959 2938 amüsiert haben. Ich halte den „Reigen“ für ein
555 2867 1750 2929 begangen, und wenn alle deutschen Darsteller, die in
2973 2903 3373 2960 Heinse, sie zensiere
1769 2922 2952 2985 melancholisches Werk und fürchte, daß solche Zeugen
547 2917 1754 2981 Schnitzlers „Reigen“ mitgewirkt haben, verfolgt und ver¬
2980 2945 3380 3006 Feuilletons der Z
554 2964 1754 3028 urteilt würden, so könnte es geschehen, daß in den
1777 2964 2951 3032 schwer zu finden wären. In dem ersten Verhör mit dem
2975 2988 3372 3053 den Berliner Sta
558 3002 1741 3070 nächsten Monaten gut ein Drittel der deutschen Schau¬
1771 3022 2966 3079 angeklagten Direktor Sladek fragte der Vorsitzende, ob
2982 3043 3356 3103 den Komponisten
556 3064 1576 3126 spieler hinter Schloß und Riegel gesetzt werden.
1770 3059 2962 3144 der „Reigen“ ein gutes Geschäft gewesen wäre, worauf
2966 3086 3372 3145 zum „Reigen“ per
664 3099 1749 3161 Der einzige Mann, der bei diesem Massenprozeß
1773 3110 2952 3186 der angeklagte Direktor Sladek antwortete: „Ja, dank
2978 3129 3385 3195 Musiker, Schauspich
558 3132 1750 3209 unbebelligt bleibt und an dessen Verfolgung kein Mensch
1773 3161 2953 3230 der Reklame des Staatsanwaltes“. Und diese Er¬
2980 3179 3357 3240 wurde, daß er in
565 3205 1745 3255 auch nur denkt, ist Artur Schnitzler, aus dessen Kopf
1767 3208 2953 3277 widerung war keineswegs als Provokation empfunden
2972 3220 3387 3289 gefunden habe, der
572 3251 1755 3311 schließlich dieser ganze „Reigen“ entsprungen ist. Ich
1775 3262 2958 3328 und ausgenommen, sondern sie traf wohl den richtigen
2966 3276 3376 3330 dem Rhythmus e
564 3302 1749 3375 stelle das wahrhaftig nicht deshalb fest, weil ich nach
1776 3304 2950 3371 Tatbestand. Ohne die Empörung der Anstoßnehmer
2967 3323 3376 3394 entspreche. Asa H
644 3351 1667 3543 A.br & TPt,
