3532 4256
1078 138 1479 227 box 18/3
362 141 886 237 11. Reigen
772 974 1393 1074 . 10, Georgenkuchplatz 21
879 1102 1246 1189 achrich
690 1166 877 1246 Zeitung:
697 1229 808 1311 Ort:
1023 1270 1166 1343 U#
1019 1285 1424 1378 — B. M.—
684 1303 880 1388 Datum;
1064 1386 1216 1469 15
1076 1526 1523 1624 Neues Theater.
825 1608 886 1655 □
993 1600 1583 1684 Zum erstenmal: Reigen“.
871 1647 1683 1741 „Jehn Dialoge von Arthur Schuitler.
748 1695 1898 1788 Nun ist der viel angefeindete und umstrittene „Reigen“
660 1737 1898 1827 glückluh auch in Grankfurt über die Bretter gegungen, ohne
659 1785 1901 1857 übrigens, wie rorwen bemerkt sei, die mancherseits erwarteten
657 1817 1896 1903 Skandalszenen auszilosen. Ueber das Stück selbst können wir
658 1858 1898 1943 es uns füglich ersparnn, noch etwas zu jagen, da vorausgesetzt
655 1898 1898 1981 werden darf, daß jeder Zeitungsleser nach dem gewaltigen
662 1933 1906 2019 Staub, den diese Szenen in Berlin, Wien, München und anders¬
657 1970 1895 2053 wo aufgewirbelt haben, mit ihrem Inhalt vertraut sei. Auch
660 2011 1903 2092 über die Qualität der zehn Einakterchen sind sich die Gelehrten
663 2051 1894 2124 ziemlich im klaren. Darüber, daß sie einen gewissen künstleri¬
653 2087 1895 2167 schen und psychologischen Wert haben, herrscht eigentlich kein
659 2124 1890 2208 Streit; sie gehören im übrigen der sogenannten galanten Lite¬
660 2163 1888 2243 ratur an, teilen deren Vorzuge und Nachteile und gehören des¬
654 2203 1896 2281 wegen nicht vor ein größeres Publikum. Es liegt also zum
651 2238 1893 2317 mindesten eine große Geschmacklosigkeit darin, daß man sie auf¬
653 2273 1893 2356 führt, eine Rersündigung an allen guten Geistern der Kunst,
652 2314 1889 2396 und wir verstehen, offen gesagt, in erster Linie Schnitzler selbst
652 2351 1889 2440 nicht, der die Erlaubnis zur Aufführung erteilte und evensowenig
653 2388 1889 2473 die Theaterleiter, die glaubten, diesen Dialogen den Weg zur
637 2436 1880 2511 Oeffentlichkeit ebnen zu müssen. Es ist garnicht so verwunderlich
647 2466 1881 2553 daß aus solchem Nichtverstehen heraus von manchen Seiten
642 2500 1887 2589 äußerst schwere Vorwürse gegen die Direktion des Neuen Thea¬
640 2547 1889 2633 ters erhoben wurden, die diese sich durch einen Verzicht auf die
636 2580 1879 2666 Annahme oder die Aufführung des Stückes hätte ersparen kön¬
643 2622 1881 2705 nen. Der Hinweis auf den Charakter der Veranstaltung als den
639 2665 1876 2747 geschlossener oder subskribierter Vorstellungen geht unseres Er¬
644 2708 1893 2793 achtens an dem entscheidenden Punkte vorbei, daß Darbietungen
641 2740 1879 2829 dieser Art eben in keinem Falle und in keiner Form das Licht der
636 2782 1877 2866 Oeffentlichkeit verträgen, denn wenn die Beschränkung auf eine
630 2819 1874 2905 bestimmte Personenzahl allein das Recht gäbe, alle sonst ge¬
640 2856 1877 2944 zogenen Schranken fallen zu lassen, dann — ja dann könnte man
637 2899 1877 2977 schließlich die letzte Konsequenz ziehen und auch da noch weiter¬
627 2939 1878 3013 spielen lassen, wo gestern sich gnädiges Dunkel über die Szene
630 2975 1878 3059 breitete. Was ist letzten Endes damit getan, daß man diejenigen,
627 3011 1878 3101 die Karten lösen, durch eigenhändige Unterschrift erklären läßt,
626 3052 1877 3134 sie nähmen an Inhalt und Form der Dichtung keinen Anstoß.
642 3090 1879 3174 Sie mögen mit beidem tatsächlich einverstanden sein und
640 3129 763 3177 können
785 3132 951 3185 doch
949 3140 1746 3212 bei Vorführung des Gauzen auf
1795 3166 1880 3220 dem
639 3167 1871 3253 Theater sich entsetzen und entrüsten. Wenn sie dieser Entrüstung
628 3210 1875 3290 aber Ausdruck geben, droht man ihnen mit Verfolgung
630 3249 1864 3327 wegen Hausfriedensbruchs. Und darüber hinaus gibt man
627 3283 1870 3364 bekannt, daß die Polizei bereit stehe, um die Uebettäter an die
630 3322 1864 3399 Luft zu befördern. Da stimmt etwas nicht. Gewiß konnte und
615 3365 1869 3445 kann man nach den Vorgängen in anderen Städten auch hier mit
1942 1549 3190 1629 nicht mißzuverstehenden Kundgebungen rechnen, vor denen keine
1946 1592 3184 1665 Reverse imstande sind, einen Theaterunternehmer zu schützen,
1950 1635 3189 1708 aber gerade deshalb sollten Bühnen von künstlerischen Range,
1942 1670 3174 1748 zu denen die Theater des Herrn Hellmer nach ihren sonstigen
1943 1711 3184 1787 Leistungen doch ohne weiteres zu zählen sind, es vermeiden, in
1947 1745 3175 1822 dieser Beziehung berechtigten Anlaß zur Entrüstung zu geben.
1952 1784 3187 1857 In diesem Falle handelt es sich wahrlich um keine falsche Prü¬
1946 1824 3188 1907 derie, sondern um ein sehr richtiges und untrügliches Gefühl
1937 1859 2742 1926 für das, wes zulässig ist und was nicht.
2020 1913 3175 1976 Was nun die Aufführung selbst anlangt, ko wollen wir ihr
1948 1946 3174 2014 eine gewisse Dezenz nicht abstreiten, soweit eine solche bei derartig
1946 1979 3170 2056 indezenten Dingen über aupt möglich erscheint. Die kurze Dauer
1947 2017 3183 2093 der Verdunkelung der Bühne bei den Stellen, die im Buche durch
1936 2059 3175 2132 Gedankenstriche markiert sind, wirkte stellenweise fast komisch. Im
1944 2098 3181 2168 übrigen wurde der stark ironische Unterton des Ganzen von dem
1933 2137 3182 2213 Spielleiter Robin Robert kräftig unterstrichen und badurch
1936 2180 3165 2251 manches erträglich gemacht, da man so die Absicht des Autors,
1934 2220 3167 2283 nicht etwa im Schmutze herumzuwühlen, sondern zu verstklieren,
1930 2254 3173 2327 deutlicher herausfühlte. Darüber hinaus konnte bei dem ständi¬
1936 2296 3175 2361 gen Kreisen um denselben Punkt, zu dem alle „Handlung“ dieser
1940 2334 3180 2414 Szenen hinführt, nicht ausbleiben, was einsichtige Beurteiler
1933 2377 3183 2450 vorausgesagt hatten: das Ganze wirkte sehr hald eintönig, ja
1935 2413 3109 2479 langweilig und zwar in noch bedeutend höherem Maße als
3121 2438 3167 2482 es
1936 2458 3177 2509 abstoßend oder ekelhaft erschien. Auch die kunstfertige Gewandt¬
1928 2491 3169 2565 heit eines Schnitzler vermochte zehnmaligen Variationen über
1932 2535 3159 2602 ein letzten Endes so inhaltsarmes Thema nicht Gehalt oder selbst
1925 2574 2581 2630 nur prickelnden Reiz zu verleihen.
2003 2606 3163 2680 Die Kräfte des Neuen Theaters zeigten sich nur sehr teil¬
1922 2645 3159 2720 weise auf einer gewissen künstlerischen Höhe. Bei weitem das
1922 2688 3154 2758 Beste boten Kitty Aschenbach und Georg Lengbach, die
1927 2727 3160 2800 beiden Gastspieler. Nach ihnen konnten das „füße Mädel“ Marion
1919 2767 3152 2841 Heidens und „der junge Herr“ Stefan Dahlens noch am
1919 2807 3166 2881 ehesten befriedigen, alles übrige war ziemlich minder; auf jeden
1926 2844 3153 2918 Fall sollte die Spielleitung, wenn schon der „Reigen“ gegeben
1916 2887 3160 2962 werden muß für eine etwas angemessenere Besetzung der Rolle
1917 2922 3152 2996 des „Gatten“ Sorge tragen. Auch können wir sie zu dem Rahmen,
1925 2965 3149 3036 in den sie die Bilder dieses Reigens faßte, nicht beglückwünschen.
1922 3000 3157 3072 Alles in allem hat also derjenige, der die Aufführungen dieses
1918 3040 3150 3118 Stückes nicht besucht, in Wirklichkeit keinen Verlust zu beklagen.
