3532 4224
365 112 566 190 11.
564 118 881 205 Reigen
1005 750 1085 864 1
1071 107 1473 206 box 18/2
1157 746 1882 889 Neues vom Tage.
1076 895 1939 966 Lesser Ary Ehrenmitglied der Berliner
1420 936 1611 1007 Sezession.
1129 991 1932 1055 Zum heutigen 60. Geburtstag Lesser Urys
1092 1046 1930 1102 drängten sich bereits vom frühen Morgen ab
1094 1090 1941 1154 im Atelier am Nollendorfplatz Gratulanten mit
1089 1136 1937 1197 Blumen und Geschenken. Die bedeutsamste
1089 1174 1932 1240 Ehrung wurde dem Jubilar zuteil, als gegen
1097 1229 1935 1276 1 Uhr eine Vorstandsabordnung der Berliner
1092 1269 1934 1319 Sezession unter Führung des Präsidenten Lovis
1090 1307 1938 1375 Corinth erschien, bestehend aus den Herren
1088 1352 1928 1405 Spiro, Oppenheim, Roeßner, und Ury mit den
1086 1397 1926 1462 herzlichsten Glückwünschen der Sezession eine
1093 1450 1924 1502 von dem Maler Fritsch geschriebene Urkunde
1077 1487 1923 1540 überbrachte, durch die die Sezession Lesser
1084 1530 1922 1598 Ury zu ihrem Ehrenmitglied ernannte
1079 1576 1921 1636 Der Vorsitzende verlas den Wortlaut der Ur¬
1089 1622 1922 1678 kunde: „Hochverehrter Herr Kollege! Der Künst¬
1095 1665 1928 1724 er, der sein Leben lang ohne Rücksicht auf
1077 1716 1928 1770 Modeströmungen und Tageserfolge unbeirrt
1090 1756 1923 1807 seinen eigenen Weg geht, ist uns ein Vorbild.
1083 1805 1916 1862 In dieser Erkenntnis hat die Berliner Sezessior
1083 1848 1915 1891 Sie, sehr verehrter Meister, in ihrer General¬
1080 1893 1921 1943 versammlung vom 1. November 1921 zu ihrem
1081 1939 1913 1984 Ehrenmitgliede ernannt.“ Der Jubilar ant¬
1079 1978 1924 2045 wortete, sichtlich gerührt, in herzlichen Wor¬
1071 2024 1157 2088 ten,
1241 2087 1763 2170 Tödlicher Straßenunfall.
1137 2151 1918 2213 Gestern in den Abendstunden wurde vor dem
1085 2194 1922 2256 Hause Wilhelmshavener Straße 53
1082 2247 1913 2292 eine unbekannte, dem Arbeiterstande angehörende
1083 2284 1923 2330 etwa 65 Jahre alte Frau von einem Auto¬
1080 2325 1924 2368 mobil überfahren und getötet. Das Auto¬
1072 2360 1924 2411 mobil fuhr davon, ohne daß der Schofför sich um
1075 2402 1923 2448 die Frau gekümmert hätte. Die Leiche wurde
1070 2436 1603 2508 nach dem Schauhause gebracht.
1365 2507 1636 2576 Personalien.
1140 2559 1907 2620 Aus den Familienanzeigen der
1077 2604 1596 2657 „Bossischen Zeitung“:
1601 2610 1913 2657 Als Verlobte emp¬
1076 2645 1917 2685 fehlen sich Fräulein Eva Schlamm und Herr Otto
1072 2683 1912 2728 Hirschfeld, Fräulein Käthe Rosenthal und Herr Fritz
1072 2712 1912 2757 Leyser, sowie Fräulein Hildegard Landshoff und Herr
1073 2745 1306 2794 Karl Lauinger,
1389 2745 1917 2800 Ihre Vermählung geben bekannt
1077 2781 1914 2837 Herr Franz Dispeker (Nürnberg) und Frau Grete geb.
1076 2819 1906 2864 Nathanson, sowie Herr Kurt Richter und Frau Eyc
1076 2852 1914 2897 geb. le Viseur. — Die Geburt einer Tochter melden
1075 2891 1912 2932 Herr Hans Knoche und Frau Grete geb. Loewenthal,
1127 2927 1914 2971 Herr Arthur Fraenckel (Zürich) und Frau Kläre
1068 2950 1683 3010 zeigen die Geburt eines Sohnes an.
1097 3019 1877 3094 Bei einem Raubüberfall erschossen.
1114 3090 1900 3143 In Lauenhagen bei Strasburg in der
1065 3132 1899 3193 Uckermark ist in der Nacht zum Sonntag die
1065 3178 1899 3238 Frau des Vorschnitters Wlaczek das Opfer
1070 3234 1910 3294 eines Raubüberfalls geworden. Vier unbekannte
1064 3268 1894 3338 bewaffnete Räuber waren plötzlich in die Woh
1063 3317 1909 3376 nung des Vorschnitters eingedrungen, um sie
1060 3369 1900 3425 auszuplündern. Da Wlaczek sich zur Wehr setzte
1059 3408 1907 3467 kam es zu einem Kampf mit den Verbrechern,
1062 3448 1900 3492 bei dem die Ehefrau des Vorschnitters er
1070 3489 1907 3548 schossen wurde. Die Täter sind, da poli¬
1059 3534 1912 3586 zeiliche Hilfe nicht gleich zur Stelle war, ent¬
1069 3576 1204 3624 kommen.
1122 3622 1905 3680 Da angenommen wird, daß es sich um Ber¬
1067 3661 1896 3730 liner Verbrecher handelt, hat die Ober¬
1062 3705 1892 3763 staatsanwaltschaft von Prenzlau die hiesige
1058 3752 1905 3810 Kriminalpolizei von dem Ueberfall in Kenntnis
1068 3801 1903 3861 gesetzt, die zur Aufklärung des Verbrechens sofort
1064 3839 1755 3887 die notwendigen Schritte eingeleitet hat.
1296 3903 1672 3972 Morgen Fridolin.
1109 3968 1727 4026 Der „Heitere Fridolin“. Nr. 2,
1767 3974 1908 4032 erscheint
1065 4018 1741 4070 morgen und ist überall auf der Straße
1766 4021 1902 4072 owie in
1070 4049 1600 4112 Buch= und Papierhandlungen
1623 4056 1732 4101 für 1
1753 4060 1901 4112 Mark zu
1062 4088 1181 4145 haben.
1761 4096 1858 4144 M
1998 755 2853 836 Ebensowenig, ob jene Dame, deren religiöses Ge¬
1994 818 2851 865 fühl gegen die Sonntagsveranstaltung während
2006 861 2853 910 des Gottesdienstes protestiert hatte, sich anstatt
2005 899 2848 941 im Theater in der Kirche erbaut hat. Der „Rei¬
2009 934 2843 991 gen“ wird fortgesetzt. Schlußakt der Tragi¬
2002 974 2853 1030 komödie Dienstag vormittag in Moabitz“ In
1998 1017 2851 1081 diesem Sinne schied man von der Stätte des
2740 1061 2813 1114 tan.
2000 1173 2821 1278 Die große Koalition im
2287 1309 2532 1399 Leich.
2035 1398 2834 1447 In einer Versammlungsrede, die der Reichs¬
1984 1437 2828 1505 wehrminister Dr. Geßler gestern in Dresden
1983 1488 2840 1544 hielt, erklärte er: Nachdem die Demokraten durch
1990 1529 2840 1592 ihren Rücktritt aus der Regierung in Preußen
1982 1574 2834 1633 den gordischen Knoten der Koalitionsfrage durch¬
1986 1615 2822 1679 hauen haben, dürfe die Hoffnung ausge
1981 1660 2832 1714 sprochen werden, daß nach dem Bei¬
1986 1701 2130 1750 spiel
2136 1705 2828 1762 Preußens sich auch im Reich
1990 1746 2826 1805 die große Koalition begründen werde
1982 1793 2838 1852 In sachlicher Beziehung, das heißt vor allem in
1984 1836 2838 1896 der Steuerfrage, war man bekanntlich in
1983 1876 2831 1934 den Verhandlungen zur Beilegung der Krise im
1983 1927 2835 1987 Reichskabinett auf bestem Wege. Der Beschluß des
1994 1969 2835 2032 Reichsverbandes der deutschen Indu¬
1993 2014 2833 2070 trie hat die Frage freilich nicht so gefördert,
1974 2060 2836 2108 wie es zu hoffen gewesen wäre. Aber der von
1973 2099 2825 2158 Tag zu Tag wachsende harte Druck der Tatsachen
1974 2142 2821 2191 wird die große Koalition auch im Reiche zusam¬
1977 2185 2823 2234 menschmieden. Von festen Verhandlun¬
1983 2235 2832 2288 gen kann zwar noch nicht gesprochen werden,
1974 2277 2832 2330 aber daß die Umbildung des Reichskabinetts nicht
1981 2310 2822 2376 mehr lange auf sich warten lassen kann, davon
1982 2357 2819 2421 ist man zumindestens bei allen bürgerlichen Par¬
1985 2396 2256 2461 teien überzeugt.
2036 2483 2823 2553 Zur Bildung des neuen preußischen Kabinetts
1976 2539 2832 2606 hören wir, daß der frühere Ministerpräsident
1971 2581 2824 2641 Stegerwald die Uebernahme des für ihn
1989 2624 2821 2696 offengelassenen Wohlfahrtsministeri¬
1980 2672 2668 2734 ums endgültig abgelehnt hat.
2031 2712 2828 2778 Im Handelsministerium wird wie¬
1975 2744 2828 2807 der der Posten eines Staatssekretärs ge¬
1970 2804 2828 2863 schaffen werden; bei der Bildung der Ministerliste
1979 2854 2820 2909 wurde vereinbart, daß auf ihn ein Mitglied der
1966 2896 2823 2947 Deutschen Volkspartei berufen werden soll.
2117 3002 2674 3083 Butterbrot mit Edelstein.
2159 3064 2816 3123 An der holländischen Grenze wurde ein
2106 3110 2818 3159 Brillantenschmuggler festgestellt, der dadurch
2103 3140 2826 3203 den Verdacht der Ueberwachungsbeamten
2106 3187 2823 3228 erregt hatte, daß er in ein Butterbrot eine
2104 3216 2818 3263 größere Anzahl loser Beillanten eingedrückt
2102 3249 2821 3315 hatte, um sie unauffällig über die Grenze zu
2101 3279 2237 3331 bringen.
2004 3313 2565 3397 Wenn Du noch eine Butter hast,
2009 3384 2611 3447 So danke wirklich Gott deswegen,
2004 3427 2694 3498 Und streich' Dein Brot damit zur Mast,
2016 3476 2612 3530 Statt Dir Brillanten draufzulegen.
2006 3517 2592 3569 Brillanten sind kein „Butterbrot“,
2002 3563 2626 3609 Ste sind geschaffen, um zu glänzen
2000 3604 2625 3658 Ob dem Belag Beschlag auch droht,
2001 3646 2770 3713 Kennt Deine List doch — keine Grenzen,
2037 3707 2540 3785 Eh Du verlassen unser Land,
1999 3762 2676 3832 Ist Dein Geheirinis längst verpfiffen,
2005 3813 2589 3868 Geschliffen ist wohl der Brillant,
2001 3860 2680 3919 Die Zöllner sind meist — ungeschliffen.
2003 3903 2607 3958 Sie wittern in der Schmiere —
2609 3906 2752 3967 Geld,
1992 3944 2664 4000 Und machen Deinen Plan zuschanden:
2002 3990 2659 4044 Man führt Dich, jeder Zoll ein Held,
1990 4027 2499 4097 Nach Diamantua in Banden.
1989 4095 2539 4160 Fort ist Dein Frühstücksappetit,
2851 3762 2889 3818 2
2857 3817 2897 3866 C
2851 3918 2894 3962 9
2855 3958 2886 4007 t
2867 3035 2922 3097 2
2869 3263 2915 3309 I
