3336 4320
208 99 739 216 11. Reigen
74 786 746 875 var der „Anatol“. Das sind
60 850 739 937 ßiggängers, der mindestens die
60 906 743 985 eise müßig zu sein — eine solche
73 962 739 1026 r Epoche der Arbeit besonders
63 1012 744 1084 Estehen sich noch auf die edleren
74 1060 740 1140 perden Produktivität und Ueber¬
73 1114 741 1189 kten, ganz untergegangen sein,
97 1166 738 1237 „Anatol“ bis zu dem letzten
67 1216 729 1281 kon einer Schaffenszeit, die etwa
79 1271 729 1328 hmt war, hat Schnitzler immer
100 1322 732 1397 gehört, herumgedichtet. Werke
82 1372 733 1440 ich von seinem Thema entfernt
75 1420 723 1493 ückt. Seine rundesten Arbeiten
53 1480 729 1541 schaft gewidmet, vom „Anatol“
61 1522 725 1598 en“ bis zum „Einsamen Weg“.
63 1574 731 1650 es „jungen Herrn“ aus gutem
83 1628 730 1700 Liebelei“ das Trauerspiel des
81 1679 734 1744 gen Stunden“ hat er die durch
82 1733 733 1799 Liebestragödie dargestellt, im
83 1778 729 1862 l der Schauspielerin zum ersten
85 1879 721 1957 Schnitzlerfiguren seiner eroti¬
69 1946 718 2014 ber junge Herr, die anständige
71 1989 719 2070 klerin usw. Im „Reigen“ sind
102 2047 714 2116 alle erotische Komödien sind,
58 2061 724 2157 & Extrakte aus ihnen gibt. Hier
66 2138 711 2218 schen Aufputz mit einem philo¬
62 2182 721 2269 en im Zusammenhang erst den
62 2246 707 2314 Im Parallelismus der Szenen
66 2289 719 2373 en, in den Pausen zwischen den
68 2347 707 2410 ste Schnitzlers zum Vorschein.
76 2385 721 2470 nGesetzen sich wiederholenden
65 2456 624 2524 gene Altersweisheit stehen:
56 2497 334 2572 und Winter,
61 2588 716 2688 briftsteller, junger Herr und
46 2657 701 2741 lerin — Frühling, Sommer,
74 2716 715 2784 dahinter. Wer Schnitzlers
69 2745 699 2832 hm eine sehr traurige Melodie,
69 2819 708 2886 rik, mit welcher der taumelnde
68 2867 708 2929 rgänge der Natur aufputzt und
43 2899 710 2982 diese Szenen müßten erotisch
60 2963 699 3036 ktralthema beschäftigen. Ganz
94 3014 707 3086 eben weil hier die erotische
77 3061 705 3132 Ich finde, man geht aus dem
49 3121 700 3192 Nachdenklichkeit hinaus, die
63 3157 225 3236 tiviert.
54 3221 690 3330 bosoooococosese
56 3312 687 3435 HE UND KRAFT
910 91 1303 193 box 18/1
2619 762 2686 833 3
1262 824 2678 917 Kurze Bemerkung für moralisierende Schwachköpfe: Wer dich zwingt,
1131 876 2665 987 über das Erotische nachzudenken, der verführt dich damit zum Denken,
1130 933 1486 1000 nicht zur Erotik!
1884 975 1937 1049 #
1255 1038 2619 1132 Es ist richtig, Schnitzlers „Reigen“ ist vor mehr als 20 Jahren
1134 1090 2681 1187 er ist 1897 erschienen — nur für Freunde gedruckt worden. Ich verrate
1132 1147 2673 1228 diesen Forschern noch mehr: Er ist eine Zeitlang gar nicht gedruckt ge¬
1132 1203 2675 1280 wesen. Dann ließ ihn Schnitzler für Freunde drucken. Dann kam er
1133 1246 2664 1329 durch einen inzwischen eingegangenen Wiener Verlag in den Handel. Dann
1138 1294 2430 1382 lasen ihn Zehntausende. Dann wurde er in Rußland gespielt.
2466 1317 2659 1381 * In die¬
1129 1347 2667 1428 sen zwanzig Jahren hat sich aber auch das Schicklichkeitsgefühl außerordent¬
1139 1392 2655 1482 lich gewandelt. Beiläufig: Die öffentliche Aufführung ist keine Frage
1134 1454 2659 1521 nach immanenter Sittlichkeit eines Werkes, sondern eine Frage der öffent¬
1132 1494 2664 1568 lichen Schicklichkeit, nicht Sittlichkeit! Der Schicklichkeitsbegriff aber ist
1133 1544 2665 1627 höchst wandelbar. Eine Tänzerin, die es vor 30 Jahren gewagt hätte, mit
1134 1599 2660 1685 nackten Beinen aufs Podium zu kommen, wäre mit Eiern beworfen und in
1128 1645 2667 1726 den Zeitungen zerrissen worden. Auf den größten deutschen Theatern
1133 1694 2671 1776 mußte noch vor 15 Jahren Goethes „Kaust“ abgeändert werden, Valentin
1133 1740 2667 1844 durfte seine Schwester höchstens eine Dirne, keine Hure schelten. Der ganze
1118 1788 2313 1865 Frank Wedekind ist vor 25 Jahren unaufführbar gewesen.
1249 1847 2665 1926 Eine festgeordnete bürgerliche Gesellschaft hat feste Begriffe bürger¬
1117 1890 2670 1977 licher Schicklichkeit. Sie geraten ins Schwanken, wenn diese ganze Ordnung
1127 1942 2665 2029 in den Grundfesten wankt. Nehmet ein Bürgermädchen von 1890, das
1119 1991 2657 2065 wohlbehütet auferzogen, verlobt und verheiratet wurde. Ihre Bahn war
1115 2048 2650 2124 geglättet. Ihr Weg vorgesehen. Das Bürgermädchen von 1910 ist gestern
1125 2097 2650 2177 wohlhabend gewesen, morgen ist es auf eigenen Broterwerb angewiesen,
1125 2141 2659 2215 es hat bis 1914 keinen nackten Manneskörper erblickt, 1914, 15, 16, 17, 18
1124 2193 2651 2272 ist es in Lazaretten tätig gewesen, hat Verwundete entkleidet, Operierte ge¬
1118 2246 2652 2325 waschen, an Betten Rekonvaleszenter nächtelang gesessen. Wie wollt ihr
1121 2301 2660 2367 mit Menschen von ganz anderem Erlebnisgehalt die alten bürgerlichen
1114 2349 2647 2423 Schicklichkeitsbegriffe aufrechterhalten? Solchen geänderten Schicklich¬
1114 2390 2648 2475 keitsgriffen entspricht es, daß Schnitzler 1920 zur Aufführung des „Reigen“
1119 2437 2578 2514 seine Zustimmung gab, die er um 1910 vielleicht noch verweigert hätte.
1867 2510 1909 2563 *
1230 2543 2661 2637 Aber der Widerstand, den diese Aufführungen gefunden haben? In
1115 2600 2657 2692 Wahrheit hät der „Reigen“ nirgendwo de Widerstand des natürlichen,
1119 2662 2651 2733 unvoreingenommenen Publikums gefunde. Selbstverständlich hat es
1117 2710 2646 2795 überall auch Zuschauer gegeben, die enttäusht oder verdrossen oder gelang¬
1108 2761 2646 2846 weilt werden. Dies ist ihr gutes, subjektives Recht und solche Besucher
1118 2811 2635 2888 mögen, wenn es ihnen Bedürfnis ist. andere vor dem Besuche warnen.
1108 2857 2636 2933 Aber die Störungen, die in einigen Städten vorfielen, waren organisierte
1116 2908 2639 2985 Mache, bei der oft genug mißbrauchte, unwissende Menschen mittaten, die
1114 2968 2636 3032 ursprünglich gar nicht wußten, worum es sich handle. Schnitzler selbst hat
1116 3014 2639 3085 nicht einmal in Wien, als ein katholischer Gesellenverein zur Störung der
1112 3056 2645 3139 Vorstellung entsandt wurde, dagegen protestiert. Er schreibt in einem
1116 3102 2635 3176 Briefe, den ich in meiner Zeitschrift „Das Tagebuch“ veröffentlicht habe:
1112 3178 2637 3231 „Ich käme mir unsäglich komisch vor, wollte ich mit den Abgeordneten
1107 3212 2645 3307 Kunschak oder Seipel oder mit dem Schusterlehrlich polemisieren, der
1110 3293 2642 3373 Sossssssssssssssssssssssssssssssse
1098 3347 2646 3472 BUCHHANDLUNG GRÄFE UND UNZER
