3532 4192
374 52 881 152 11. Reigen
1073 50 1490 137 box 18/2
2000 38 2049 81 U.
2209 43 2262 100 1
1800 162 2015 239 C
3240 160 3312 232 66
1569 224 3339 297 Der Ratupf am Schihiers „Reigen.
1605 293 2430 370 Vor der 6. Strafkammer des Landgerichts III
2507 309 3330 372 Rechtsanwalt Heine: Ich möchte bei dieser
1566 352 2435 413 unter Voysitz des Landgerichtsdirektors Brenn¬
2469 337 3330 415 Gelegenheit auf folgendes hinweisen und einen
2465 393 3345 460 Antrag stellen. Unter den hier erschienenen von
1563 395 2427 464 hausen(begann heute die Verhandlung gegen die
2479 435 3329 500 der Staatsanwaltschaft geladenen Zeugen befin¬
1567 445 2431 510 Direktorer Frau Eysold und Sladek sowie den
2462 469 3326 527 den sich mehrere, welche an den bekannten Lärm¬
1559 487 2417 554 Regisseurk=Reusch und zehn Schauspieler und
2470 508 3332 567 szenen im Kleinen Schauspielhaus anläßlich der
1567 537 2406 610 Schauspiclerinnen des „Kleinen Schauspielhauses
2469 544 3331 609 „Reigen“=Aufführung am 22. Februar d. J. be¬
2476 588 3337 644 teiligt gewesen und sogar verhaftet worden
1559 590 2423 654 wegen Erregung öffentlichen Aergernisses durch
2473 629 3337 686 waren. Ich bitte deshalb die Akten des Polizei¬
1551 630 2422 695 Darstellung des Schnitzlerschen „Reigen". Die
2465 666 3329 730 präsidiums über diese Zeugen bezw diese Vor¬
1551 683 2429 752 Verhandlung findet im Schwurgerichtssaale statt,
2467 703 2970 757 fälle herbeizuschaffen. —
2977 710 3336 767 Staatsanwalt von
1550 730 2418 789 der sich bald mit zahlreichen Zuhörern, Zeugen
2467 741 3322 798 Bradtke widerspricht diesem Antrage. R.=A.
2470 779 3337 839 Wolfgang Heine weist darauf hin, daß an jenem
1548 781 2414 838 und Sachverständigen füllt. Die Anklage wird
2459 819 3325 872 Tage sogar Stinkbomben auf die Bühne ge¬
1551 823 2421 897 durch Staatsanw.=Rat v. Bradtke vertreten, die
2464 858 3322 907 worfen worden ien. Zu den Ruhestörern,
1556 869 2416 944 Verteidigung führen die Rechtsanw. Wolfgang
2468 897 3332 953 die verhaftet worden seien, habe u. a. auch
1555 920 2415 982 Heine, Justizrat Dr. Rosenberger und Rechtsanw.
2457 931 3328 981 die hier als Zeugin anwesende Frau Haupt¬
1545 963 1739 1032 Neumond.
2472 972 3330 1033 mann Möller gehört. Das Gericht setzt die Be¬
2460 1011 3320 1067 schlußfassung aus. Sodann beschließt das Ge¬
1745 1029 2202 1113 Die Vorgeschichte.
2465 1049 3329 1103 richt, am Sonntag, 6. November, mittags 12 Uhr,
2464 1095 3326 1143 eine gerichtliche Augenscheinseinnahme in Gestalt
1591 1087 2412 1159 Der Kampf hat bekanntlich schon eine lange
2454 1133 3328 1190 einer Separatvorstellung des „Reigens“ im Klei¬
1551 1129 2407 1197 Vorgeschichte. Er begann mit dem Zivilprozeß
2461 1164 3323 1224 nen Schauspielhause stattfinden zu lassen, zu der
1541 1168 2407 1229 der Direktion der Hochschule für Musik gegen die
2463 1204 3314 1257 sämtliche Zeugen und Sachverständigen unter
1547 1212 2403 1271 Direktion des Kleinen Schauspielhauses auf
2460 1248 3324 1318 Strafandrohung im Falle ihres Nichterscheinens
1537 1247 2414 1312 Unterlassung der Vorstellungen. Die Zivilkammer
2463 1283 2687 1345 geladen sind.
1553 1287 2411 1353 hatte damals zugunsten des Kleinen Schauspiel¬
1552 1335 2406 1390 hauses erkannt und die Schnitzlerschen Szenen
2489 1327 3321 1404 Es folgten dann die Angaben der einzelnen
1544 1369 2411 1429 nicht für unzüchtig, sondern für eine sittliche Tat
2448 1371 3070 1436 Angeklagten zu ihren Personalien.
1539 1406 2407 1471 erklärt. Gegen die Angeklagten war dann ein
2489 1417 3321 1477 Die Angeklagten werden durch die Anklage be¬
1547 1442 2413 1503 strafrechtliches Verfahren eingeleitet worden, sie
2456 1447 3318 1512 schuldigt der Erregung öffentlichen Aergernisses,
1537 1481 2406 1545 sind aber durch Beschluß vom 22. Juni außer
2457 1504 3319 1553 und zwar Frau Cysold (Berneis) und Sla¬
1534 1520 2413 1581 Verfolgung gesetzt worden; in dem Beschluß
2450 1537 3319 1597 dek der Anstiftung der Schauspieler zur Be¬
1539 1562 2411 1625 wurde aber zum Ausdruck gebracht, daß objektiv
2446 1579 3319 1633 gehung der Straftat unter Gewährung von Vor¬
1539 1598 2403 1659 eine Unzüchtigkeit in der Darstellung erblickt wer¬
2447 1616 3263 1667 teilen, und Regisseur Reusch wegen Beihilfe.
1531 1629 2406 1694 den könne. Die Angeklagten setzten aber die
2486 1660 3315 1724 Staatsanwalt von Bradtke stellt den An¬
1533 1672 2402 1736 Vorstellungen fort, weil sie ihr eigenes Urteil
2453 1703 3319 1770 trag auf Ausschluß der Oeffentlichkeit wegen Ge¬
1542 1712 2406 1778 und das des Landgerichts in Zivilsachen sowie der
2450 1741 3313 1801 fährdung der Sittlichkeit. R.=A. Wolfgang
1539 1748 2397 1815 Sachverständigen für maßgebender erachteten als
2446 1787 3313 1840 Heine, ebenso der Angeklagte Sladek, wi¬
1534 1787 2403 1854 diesen Beschluß. Am 4. Januar, dem Tage nach
2449 1823 3316 1879 dersprechen. Nach kurzer Beratung beschließt das
1532 1826 2407 1894 der Entscheidung der Zivilkammer, war das erste
2449 1861 3311 1916 Gericht, den Antrag des Staatsanwalts abzuleh¬
1540 1864 2401 1935 Verfahren durch die Zentralstelle für Prüfung
2442 1895 3310 1947 nen, da von einer öffentlichen Verhandlung eine
1529 1902 2406 1968 unzüchtiger Darstellungen und Schriften (Prof.
2454 1936 3319 1991 Gefährdung der Sittlichkeit nicht zu erwarten ist.
1523 1942 2409 2008 Mrunner) eingeleitet worden, und neuerdingsist
2436 1985 3314 2029 — In der Vernehmung erklärt die Angetlagte
1524 1978 2399 2056 dann wieder ein Verfahren inszeniert worden,
2440 2005 3307 2066 Frau Eysoldt, daß sie jede strafbare Handlung
1529 2018 2020 2075 welches zur Anklage führte.
2435 2051 3302 2108 bestreiten und den Anwurf, etwas Unzüchtiges
1560 2042 2396 2125 Als Sachverständige sind vom Gericht lediglich
2440 2092 3305 2149 auf die Bühne gebracht zu haben, mit aller Ent¬
1526 2095 2399 2162 geleden Reg.=Rat Professor Brunner und Geh.
2442 2127 3309 2184 schiedenheit zurückweisen müsse. Sie habe sich
1520 2139 2394 2191 Reg.=Rat Professor Faßbender. Unter den von
2434 2165 3305 2227 lediglich von rein künstlerischen Motiven leiten
1521 2178 2397 2230 der Staatsanwaltschaft geladenen Zeugen, fast
2439 2205 3306 2263 lassen. — Der Vorsitzende erinnert daran, daß
1520 2212 2396 2272 ausschließlich ältere Damen, befinden sich eine
2433 2246 3311 2308 Schnitzler selbst im Jahre 1912 sich über die
1518 2248 2388 2312 Rektorin, eine Lehrerin u. a. Von der Verteidi¬
2435 2274 2731 2341 Aussichtslosigkeit
2725 2282 3305 2346 einer Aufführung geäußert
1524 2292 2384 2352 gung sind direkt als Sachverständige geladen:
2440 2323 3302 2386 habe. Frau Eysoldt erklärt dies damit,
1528 2327 2393 2392 Prof. Dr. Witkowski (Leipzig), Dr. Max Osborn,
2587 2356 2758 2415 seinergeit
2439 2363 2507 2411 daß
2822 2352 2892 2415 die
2962 2363 3100 2413 Zensur
3171 2368 3298 2427 bestand
1519 2365 2390 2419 Landgerichtsdirektor Geh. Justizrat Bock, Oberver¬
2433 2409 3295 2461 und Schnitzler offenbar mit Rücksicht auf diese
1514 2407 2388 2467 waltungsgerichtsrat Dr. Lindenau, Prof. Klahr,
2432 2441 3297 2499 von einer Aubsichtslosigkeit der Aufführung ge¬
1515 2440 2384 2511 Ludwig Sternaux. Regisseur Lindt, Oberregie¬
2436 2479 3320 2538 sprochen haben. Frau Eysoldt entwickelt sodann¬
1523 2485 2392 2546 rungsrat Dr. Bulke, Regisseur Dr. Heim, Thea¬
2439 2523 3297 2572 des längeren ihre künstlerischen Anschauungem
1517 2521 2386 2588 terdirektor Holländer, Dr. Hochdorf, Schriftsteller
2435 2557 3173 2618 welche sie veranlaßt hatten, den „Reigen“
3219 2562 3297 2624 auf¬
1522 2557 2391 2613 Artur Eloesser, Dr. Alfred Kerr, Redakteur Hup¬
2435 2593 2609 2649 zuführen.
1520 2595 2393 2656 feld, Direktor Robitschek, Prof. Bie, Gerhart
1514 2638 2382 2703 Hauptmann, Arthur Zapp, Maler Karl Walser,
2461 2622 3292 2694 Der Angeklagte Direktor Sladek erklärt in
1517 2674 2390 2738 Justizrat Dr. Lubczynski, Dr. Ludwig Fulda,
2438 2676 3292 2738 seiner Vernehmung, daß er von einer ungeheuren
1518 2714 2385 2777 Dr. Artur Wolff, Kapellmeister Meyrowitz, Frau
2430 2723 3301 2779 Erregung gepackt worden sei, als ihm vor einigen
1517 2749 2169 2813 Troisch, M. d. R., und Minna Cauer.
2440 2760 3295 2808 Wochen die Anklage zugestellt worden sei, die in
1559 2790 2380 2855 Nach Aufruf der Zeugen und Sachverständigen
2424 2798 3288 2849 einem Tone gehalten sei, der ihn auf die gleiche
1516 2826 2383 2893 gibt Rechtsanwalt Wolfgang Heine folgende Er¬
2436 2836 3290 2893 Stufe mit einem Veranstalter von schwulen Nackt¬
2424 2874 3282 2929 tänzen oder einem Leiter eines Bordells zu stellen
1515 2868 2386 2930 klärung ab: Die Angeklagten erbieten sich, für das
1513 2905 2385 2972 Gericht, die Zeugen und Sachverständigen eine
2423 2914 3288 2963 versucht. Seine Erregung habe sich gelegt, als
1510 2941 2115 3007 Separat orstellung des „Reigen“
2422 2949 3288 3000 er zu der Ueberzeugung kam, daß der Staats¬
2112 2955 2386 3007 im Kleinen
1517 2981 2390 3051 Schauspi lhause zu veranstalten, da das Gericht
2434 2993 3287 3043 anwalt nur das Werkzeug unverständiger und
1503 3021 2387 3087 die Aufführung größtenteils nicht gesehen hat.
2435 3028 3288 3072 irregeleiteter Menschen geworden war. Die mor¬
1518 3057 2295 3123 Wenn das Gericht dies beschließen würde,
2425 3073 3293 3119 gige Aufführung werde, so hoffe er bestimmt,
1513 3098 2382 3176 würde sich die ganze Zeugenvernehmung zum
2423 3102 3289 3151 auch den Herrn Staatsanwalt umstimmen und
1503 3138 1915 3194 größten Teil erübrigen.
2422 3145 3286 3194 ihn erkennen lassen, daß er sich auf einen Irrweg
1551 3170 2373 3234 Staatsanwalt von Bradke: Ich würde es auch
2424 3184 3288 3231 habe leiten lassen. Der jetzigen Ansicht des
1512 3209 2379 3281 für sehr wünschenswert halten, wenn das Gericht
2422 3215 3286 3266 Staatsanwalts stelle er das Urteil der Zivilkam¬
1503 3255 2381 3317 die Aufführung selbst sieht. Es würde sich dann
2424 3265 3114 3306 mer des Landgerichts III gegenüber.
3162 3263 3283 3311 Dieser
1506 3298 2380 3363 empfehlen, heute überhaupt nicht zu verhandeln,
2417 3291 3279 3347 ideale Schwung eines preußischen Richterkollegi¬
1509 3325 2098 3388 sondern erst nach der Aufführung.
2426 3339 3281 3390 ums, welches gegen den lauten Unfug der Straße
1550 3361 2380 3431 Zwischen den Verteidigern und den Angeklag¬
2417 3377 3279 3421 mutvoll auftrat, stellt ein Ruhmesblatt in der
1504 3395 2376 3473 ten einerseits und dem Gericht bezw. dem Staats¬
2413 3409 3286 3466 Geschichte der deutschen Rechtsprechung dar. Auch
1503 3444 2372 3506 anwalt andererseits entstehen nun längere Ver¬
2421 3454 3286 3498 dieser Angeklagte widerlegt in schwungvoller Rede
1509 3481 2369 3543 handlungen über den Termin der Vorstellung.
2416 3492 3283 3544 die Einwendungen, welche darauf basieren, daß
1503 3520 2364 3586 Als das Gericht dom neigi, die Separatvorstel¬
2417 3530 3279 3596 Schnitzler selbst eine Aufführung de Reigens für
1501 3558 2370 3627 lung am Sonntag vormittag um 9½ Uhr statt¬
2425 3569 2830 3627 unmöglich erklärt habe.
1514 3597 2368 3665 finden zu lassen, erklärt eine von der Staatsan¬
2446 3607 3271 3662 Nach weiteren Debatten einigte man sich dahin
1507 3642 2368 3712 waltschaft als Zeugin geladene ältere Dame, daß
2417 3654 3281 3700 und erhob zum Gerichtsbeschluß, morgen
1508 3674 2364 3728 sie dagegen protestieren müsse, daß der „Reigen“
2414 3693 3272 3737 (Sonntag), mittags 12 Uhr, eine Son¬
1498 3721 2376 3780 am Sonntag während des Gottesdienstes in den
3156 3731 3270 3778 “ im
2412 3732 3165 3773 dervorstellung des „Reigens
1496 3755 2371 3808 Kirchen stattfinde. Hierdurch werde das religiöse
2408 3764 3272 3814 Kleinen Schauspielhause stattfinden
1500 3793 2366 3853 Gefühl eines jeden Deutschen auf das tiefste ver¬
2417 3802 3272 3851 zu lassen. Diese Vorstellung stelle, wie der Vor¬
1509 3825 2367 3894 letzt. Sie selbst würde jedenfalls zu der Vor¬
2417 3845 3268 3890 sitzende ausführt, einen Lokaltermin dar und die
1504 3868 2366 3936 stellung nicht erscheinen. (Zuruf von der An¬
2419 3883 3285 3949 Zeugen, die zu der Aufführung nicht erscheinen¬
1502 3909 2332 3970 klagehan#„Gehen Sie lieber in die Kirche!")
2414 3917 2778 3978 machen sich strafbar.
