3392 4448
1009 71 1425 155 box 18/1
300 65 814 164 11. Reigen
936 778 1506 867 Schnitzlers „Reigen'
765 844 1689 943 und das KleineSchauspjolhaus.
726 911 1800 979 Die Hochschule für Musik in der Harbenbergstraße hatte
642 969 1807 1026 als Hauseigentümer gegen den Mieter, nmlich das Kleine
643 1014 1810 1059 Schauspielhaus der Frau Eysoldt und des Herch=Sladek, eine
649 1058 1791 1117 einstweilige Verfügung erwirkt, daß Schnitzers „Reigen“
650 1099 1800 1144 nicht aufgeführt werden dürfe, weil das gegen den Miets¬
648 1142 1809 1187 vertrag verstoße, der ausdrücklich Stücke verbiste, die in sitt¬
649 1185 1804 1243 licher oder politischer Richtung Anstoß erregen können.
647 1227 1806 1282 Schnitzlers „Reigen“ sei aber bereits vom Landgericht I im
649 1269 1811 1324 objektiven Verfahren als unzüchtig erklärt worden. Damit
640 1312 1795 1365 war, wie die „Tägliche Rundschau“ gestern meinte, die Auf¬
650 1352 1800 1408 führung unmöglich gemacht. Man konnte sogar annehmen,
653 1400 1804 1457 daß die Künstlerin in Frau Eysoldt ein wenig erleichtert auf¬
656 1442 1803 1493 tmete, wie ich es im Interesse Schnitzlers ebenfalls tat. Die
648 1486 1801 1535 „Tägliche Rundschau“ hat sich ebenso geirrt wie ich. Die
640 1532 1803 1583 Aufführung fand trotzdem statt, und nach Blättermeldungen
641 1575 1803 1620 hat Frau Eysoldt sich sogar vorher und nachher in persön¬
646 1616 1802 1664 lichen Ausführungen über die Polizei beschwert. Das zwingt
640 1658 1796 1725 uns, prinzipiell zu dem Fall Stellung zu nehmen, zumal er
655 1717 1393 1761 o klar und einfach liegt wie nur selten.
729 1739 1811 1804 Tatsache ist, daß Schnitzler vor etwa zwanzig Jahren
649 1787 1799 1843 den großen Kreis seiner Freunde und Bekannten durch
640 1829 1803 1881 einen Privatdruck überraschte, den er ihnen zuschickte.
645 1875 1802 1931 Dieser Privatdruck hieß „Reigen“ und war eine Novelle
647 1917 1807 1976 in zehn Dialogen, die sich alle um den einen Punkt drehten,
651 1957 1807 2020 aus dem hier, um Mephistos Wort zu varüieren, alles Weh
650 2002 1814 2065 und Ach kuriert wird. Eine Künstlerlaune, die Dialoge echt
643 2050 1808 2093 Schnitzlerscher Art, amüsant, ein wenig melancholisch und
651 2092 1808 2140 nur heikel in dem einen Punkt, um den sich alles dreht.
644 2132 1811 2184 Schnitzler war sich durchaus der Heikelkeit des Themas
648 2181 1802 2232 bewußt, sonst hätte er nicht den Privatdruck gewählt. Man
653 2217 1793 2272 durfte annehmen: er entzog dies Werkchen der Oeffentlich¬
640 2263 1806 2309 keit, weil er nicht mit den Fabrikanten pikanter Lektüre in
653 2300 1810 2361 einen Topf geworfen werden wollte. Er hielt sich mit Recht
653 2350 1800 2396 für zu gut, und man freute sich seines guten Geschmacks und
649 2389 1810 2441 seines Verantwortlichkeitsgefühls. An eine öffentliche Dar¬
649 2435 1815 2510 stellung dieser Novelle, bloß weil sie in Dialogform gehalten
653 2475 1584 2536 st, hat er damals sicher überhaupt nicht gedacht.
727 2525 1801 2584 Seitdem wir nun im rosigen Licht der Republik atmen,
654 2546 1807 2617 ind es, wenigstens für „Pikanterien“ keine Zensur mehr
648 2616 1799 2669 gibt, war plötzlich der „Reigen“ auch im Buchhandel zu
650 2654 1811 2717 haben und ist nun also glücklich auch öffentlich aufgeführt
646 2694 809 2756 worden.
730 2715 1807 2796 Da dies alles ohne Schnitzlers Einwilligung nicht
638 2784 1810 2851 möglich ist, muß man folgern, daß der Privatdruck von Anno
1183 2866 1424 3069 U
1507 3058 1552 3149 □
1866 756 3032 803 dazumal weniger dem guten Geschmack und dem Verant¬
1871 801 3023 861 wortungsgefühl des Schriftstellers entsprang als seiner
1862 845 3026 901 Angst vor der Zensur. Und das bedeutet, für mich
1872 883 3032 941 wenigstens, eine klägliche Enttäuschung. Wer Bedenken
1860 929 3023 993 deshalb fallen läßt, weil die Zensur gefallen ist; wer sogar
1874 976 3025 1024 in die öffentliche Darstellung einer Novelle willigt, nur weil
1872 1018 3032 1069 sie in Dialogform gehalten ist, wer ganz genau weiß, daß
1873 1063 3025 1111 er sich damit in die unsauberen Finger aller derer gibt, die
1862 1106 3022 1153 nur den erotischen Stoff suchen, ohne künstlerische Form
1866 1153 3027 1204 würdigen zu können oder auch nur würdigen zu wollen,
1870 1192 3026 1242 der darf sich nicht wundern, wenn man ihn in dem
1861 1243 3031 1302 anrüchigen Topf sitzen läßt, in den er sein Werk selbst
1872 1281 2088 1349 gesteckt hat.
1937 1308 3031 1387 Hier ist durchaus nichts zu verteidigen und zu beschö¬
1858 1374 3029 1438 nigen. Es ist nur zu registrieren als ein trauriges Zeichen
1862 1415 3027 1483 dieser Zeit, das selbst ein Mann wie Schnitzler, aus Gründen,
1868 1467 3019 1514 die mit Kunst nichts zu tun haben können, sich selbst durch die
1858 1514 3025 1566 öffentliche Preisgabe eines solchen Werkes prostikuiert, und
1857 1556 3019 1604 daß ein Theater aus Gründen, die nichts mit Kunst zu tun
1867 1599 3023 1654 haben, eine dialogisierte Novelle auf die Bretter bringt, weil
1863 1638 3017 1696 es sich einen, ach so nahe liegenden Kassenerfolg davon ver¬
1860 1686 3024 1736 spricht. Alles andere ist verlegenes Drumherumgerede oder
1869 1731 3023 1779 heißt der Oeffentlichkeit Sand in die Augen streuen. Es gibt
1858 1768 3017 1819 keinen künstlerisch zureichenden Grund für eine solche Auf¬
1871 1813 2025 1879 führung.
2653 1816 2985 1902 Kurt Aram.
