3392 4320
277 165 421 248 11.
491 168 598 229 Re
505 167 789 261 gen
987 161 1369 246 box 18/1
800 1288 1496 1372 Reie & Seider
754 1366 1531 1462 Bureau für Zeitungsausschnitte
746 1428 1544 1550 Berlin NO. 45, Georgenkirchplatz 21
731 1655 1493 1738 Zeitung Berliner Morgenpost
1413 1744 1576 1824 Berlin
736 1783 850 1850 Ort:
999 1888 1543 1966 —
746 1884 917 1953 Datum:
1045 1947 1370 2018 # # U 1U
752 2065 1557 2170 Aufführung des verbotenen Reigen“.
784 2134 1580 2221 Die (Direktion des Kleinen Schauspielhauses
728 2190 1582 2265 hatte kst gestern um 5 Uhr nachmittags von der
731 2248 1575 2300 einstu#iligen Verfügung des Landgerichts III
730 2283 1574 2349 Kenninis erhalten, durch die die Aufführung des
732 2332 1580 2396 Cchnitzterschen „Reigen“ verboten wurde. Man
730 2380 1571 2436 entschloß sich dennoch, zu spielen. Vor Beginn
726 2413 1569 2479 der Aufführung trat Gertrud Eysolbt vor und
729 2461 1568 2521 legte mit erregter Stimme dem Publikum das
727 2500 1568 2555 eigentümliche Verfahren vor, das die Hochschule
724 2547 1561 2602 für Musik als Hausherrin eingeschlagen hat. Mit
729 2591 1574 2648 Recht wies sie darauf hin, daß man in einem
723 2638 1561 2689 Hause, in welchem Monate hindurch die „Büchse
729 2679 1560 2739 der Pandora“ gespielt wurde, jetzt nicht plötzlich
725 2723 1561 2778 gegen das Werk eines Dichters vom Range
729 2767 1566 2825 Arthur Schnitzlers in so brüsker Weise vorgehen
726 2805 1554 2870 könne. Sie gab der Meinung Ausdruck, daß die
723 2854 1562 2913 ganze Aktion im Grunde nur darauf hinziele,
729 2882 1556 2949 das Theaterunternehmen aus dem Hause hinaus¬
721 2946 1551 2995 zudrängen, da, wie bereits seit einiger Zeit ver¬
725 2988 1554 3035 autet, die Hochschule gern auch diese Räumlich¬
717 3025 1562 3089 keiten zur Verfügung hätte. Man habe ihr nicht
718 3068 1560 3127 Geldstrafe, sondern Haftstrafe von sechs Wochen
717 3118 1560 3170 angedroht. Sie wage es trotzdem und sehe der
714 3152 1549 3216 Entscheidung mit Ruhe entgegen. Die Auffüh¬
716 3203 1549 3261 rung selbst verlief ohne Störung und Wider¬
718 3234 1566 3308 spruch. Wir werden darüber noch ausführlich
716 3280 874 3346 berichten.
1932 1305 2759 1405 Klose & Geidel
1955 1390 2746 1480 Bureau für Zeitungsausschnitte
1959 1480 2742 1551 Berlin NO. 43, Georgenkirchplatz 21
2120 1607 2723 1763 Wrezaine Teitung 7.
1922 1688 2123 1768 Zeitung:
1931 1803 2031 1870 Ort:
2279 1800 2530 1910 Berli
1932 1914 2101 1981 Datum:
2288 1894 2502 2014 48
1906 2020 2743 2105 Aufführung des verbotenen „Reigen“.
1969 2102 2766 2186 Di Direkton des Kleinen Schaufpielhauses
1911 2165 2757 2217 hatigerst gestern um 5 Uhr nachmittags von der
1913 2214 2758 2271 einspeiligen Verfügung des Landgerichts III
1915 2259 2762 2317 Ketn#nis erhalten, durch die die Aufführung des
1920 2299 2751 2357 Schnitzlerschen „Reigen“ verboten wurde. Man
1917 2343 2756 2396 entschloß sich dennoch, zu spielen. Vor Beginn
1918 2384 2759 2443 der Aufführung trat Gertrud Eysoldt vor und
1917 2428 2747 2483 legte mit erregter Stimme dem Publikum das
1911 2473 2753 2528 eigentümliche Verfahren vor, das die Hochschule
1915 2516 2764 2572 für Musik als Hausherrin eingeschlagen hat. Mit
1910 2558 2762 2610 Recht wies sie darauf hin, daß man in einem
1910 2601 2752 2654 Hause, in welchem Monate hindurch die „Büchse
1911 2647 2758 2699 der Pandora“ gespielt wurde, jetzt nicht plötzlich
1917 2687 2755 2746 gegen das Werk eines Dichters vom Range
1911 2734 2759 2781 Arthur Schnitzlers in so brüsker Weise vorgehen
1913 2771 2752 2830 könne. Sie gab der Meinung Ausdruck, daß die
1909 2823 2749 2875 ganze Aktion im Grunde nur darauf hinziele,
1913 2864 2743 2927 das Theaterunternehmen aus dem Hause hinaus¬
1912 2908 2755 2951 zudrängen, da, wie bereits seit einiger Zeit ver¬
1914 2949 2743 2994 lautet, die Hochschule gern auch diese Räumlich¬
1915 2989 2746 3044 keiten zur Verfügung hätte. Man habe ihr nicht
1911 3032 2752 3081 Geldstrafe, sondern Haftstrafe von sechs Wochen
1908 3074 2747 3135 angedroht. Sie wage es trotzdem und sehe der
1905 3117 2744 3171 Entscheidung mit Ruhe entgegen. Die Auffüh¬
1915 3163 2743 3211 rung selbst verlief ohne Störung und Wider¬
1905 3206 2756 3267 spruch. Wir werden darüber noch ausführlich
1894 3249 2075 3305 berichten.
