3392 4256
338 71 440 164 11
548 87 601 147 7
525 89 845 193 igen
1026 68 1428 175 box 18/1
1516 926 1767 997 Die Zukunft
987 924 1080 1014 142
985 992 2295 1092 lich verdorbene Menschen einen Einfluß dahin ausübt, daß sie
994 1087 2287 1134 sich auf die hier gegeißelte Auffassung von der Bedeutung des
981 1125 2286 1197 Geschlechtslebens einstellen. Doch kann jedes Kunstwerk, wel¬
992 1186 2299 1244 ches eine Andéutung des Geschlechtlichen auch nur zuläßt, auf
991 1229 2305 1297 diese mißbräuchliche Weise aufgenommen werden. Ferner wird
986 1284 2290 1359 die Meinung vertreten, die Erörterung solcher Dinge auf der
995 1336 2287 1402 Bühne sei an sich in sittlicher Hinsicht anstößig. Diese Mei¬
997 1383 2294 1462 nung ist unzutreffend. Vielmehr kann es für die Aufhaltung
994 1441 2294 1522 des sittlichen Verfalles nur förderlich sein, diese Dinge so zu¬
990 1495 2290 1573 rückhaltend und sachlich und zugleich so deuilich und rück¬
988 1563 2287 1616 sichtlos aufzudecken und zur Erörterung zu stellen, wie es hier
989 1607 2292 1680 geschicht. Der zu Grunde liegende Miethivertrag ist zwischen
994 1658 2286 1731 dem damaligen Direktor der Hochschule für Musik, Kreisch¬
997 1715 2304 1779 mar, und der Frau Eysoldt geschlossen. Die führende Stellung
998 1778 2296 1839 dieser Persönlichkeiten im Bereich der Kunst berechtigt zu
993 1818 2299 1892 dem „Schluß, daß nach ihrem Willen durch die erwähnte. Be¬
989 1875 2297 1948 stimmung des Miethvertrages als in sittlicher Hinsicht anstößig
992 1944 2295 1998 nür Das gelten sollie, was ein gebildeter, edler Mensch ablehnt.
995 1992 2299 2054 Hiernach kann der Antragsteller eine besondere Rücksicht¬
1002 2037 2301 2108 nahme auf die theilweise im kindlichen Alter stehenden Schüler
997 2084 2305 2166 der Hochschule für Musik nicht beanspruchen. So weit ein
996 2141 2306 2206 Schaden für sie zu befürchten steht, mag der Zutritt ihnen
1001 2202 2308 2268 verboten werden. Aus diesen Gründen hat das Gericht die
1005 2259 2312 2319 Ueberzeugung gewonnen, daß durch die Aufführung von
1008 2303 2309 2384 Schnitzlers „Reigen“ in sittlicher Beziehung bei dem geistig und
994 2352 2318 2425 moralisch gesunden Menschen kein Anstoß erregt wird, somit
1000 2409 2304 2476 eine Verletzung des zwischen den Parteien bestehenden Mieth¬
1005 2466 2304 2541 vertrages nicht vorliegt. Daher mußte die einstweilige. Verfü¬
1001 2522 1544 2597 gung aufgehoben werden.
1100 2581 2311 2651 Zu dem ererbten Besitz, den die Aenderung der Reichs¬
1007 2633 2313 2710 fassade nicht berührt hat, gehört auch das Strafgesetzbuch.
1007 2687 2313 2766 Das hat überall nach ernst gemeinter Revolution sich von
1008 2752 2310 2827 der Grundma er bis in die Dachsparren gewandelt. Unseres
1021 2805 2311 2893 wahrt dem rchsten Monarchen ehrerbietig das Recht, Ma¬
1020 2875 2309 2946 estätbeleidigung als Sondervergehen zu strafen. Und wie
1011 2921 2317 3011 das Bürgerliche Gesetz die Volljährigkeit erst ein Jahr nach
1011 2987 2317 3055 dem Erwerb des Wahlrechtes, das sie doch wohl voraus¬
1015 3042 2320 3123 setzt, eintreten läßt, so ist alles gegen politische Vergehen
1007 3105 2312 3181 und Verbrechen im Strafgesetz des Kaiserreiches Vorgeschrie¬
1018 3159 2319 3233 bene uns weislich erhalten worden. Mit Gefängniß bis zu
1017 3234 2321 3295 einem Jahr und Geldstrafe bis zu tausend Mark bedroht es
1013 3283 2327 3365 Jeden, der „unzüchtige Schriften oder Darstellungen feil hält,
