3532 4224
413 128 932 223 11. Reigen
1128 121 1525 202 box 18/3
1396 1299 1619 1400 Reigen
1136 1382 1855 1439 Zehn Dialoge von Arthur Schnitzlee
1148 1439 1853 1503 Erste Aufführung im Schaufpfekhaus
1081 1478 1936 1554 * Nach Frau Eisoldt brachte nun auch Frau
1049 1532 1866 1592 Hermine Koerner Schnitzlers Reigen auf
1871 1542 1941 1601 die
1056 1574 1845 1628 Bühne. Willst du erfahren, was sich ziemt.
1861 1586 1922 1634 * *
1085 1614 1926 1676 Es ziemt sich nicht, diesen Reigen auf der Bühne
1048 1660 1841 1710 zu exekutieren. Nicht nur weil die Form,
1859 1670 1923 1714 son¬
1045 1704 1927 1748 dern auch weil der Stoff der zehn Dialoge ihr
1046 1740 1922 1785 widerstrebt. Sie sind erotische Noveletten mit
1045 1774 1926 1832 immer dem gleichen Höhepunkt, der in einer auf
1049 1813 1919 1875 der Bühne nicht sinnfällig zu machenden Hand¬
1040 1846 1814 1897 lung besteht. Diese Handlung erzwingt —
1820 1865 1928 1906 neun¬
1046 1896 1927 1938 mal an einem Abend! — Verounkelung, das
1046 1924 1929 1987 beißt: Wegwischung, Zerstörung und somit
1041 1965 1920 2023 Kompromittierung der Bühne. Der Bretter¬
1042 1998 1921 2052 boden, der sonst die Welt zu bedeuten bean¬
1042 2038 1914 2096 sprucht, schämt sich, einen irdischen Vorgang nich
1035 2081 1915 2126 zeigen zu können und entschwindet für ein paar
1041 2114 1914 2164 Sekunden, die vor Gott und den Gesetzen der
1034 2152 1916 2209 Bühne eine Ewigkeit bedeuten, ins Nichts. Ein
1041 2190 1909 2251 Stoff aber, der die Bühne zwingt, sich auszu¬
1034 2224 1910 2288 löschen, sich für inkompetent zu erraren ist buh¬
1027 2266 1910 2326 nenfeindlich. Seine Ausbreitung auf ihr ist ein
1030 2298 1462 2361 Mißbrauch der Bühne.
1076 2349 1913 2409 Ein Mißbrauch, an dem auch, weil Kunst und
1032 2387 1916 2445 (richtig erkannte) Sittlichkeit letzten Endes iden¬
1028 2433 1901 2484 risch sind, die künstlerische Form der Dialoge zu
1034 2471 1905 2512 grunde geht. Wer die zehn Paarungs=Feuille¬
1036 2509 1913 2561 tons Schnitzlers liest, ist wohl auch heute noch
1026 2547 1913 2592 angeregt von der guten Beobachtung, die einige
1028 2578 1913 2639 Menschen und ihr Milieu in immer der gleichen
1028 2615 1904 2670 diskreten Situation witzig entschleiert. Dieser
1030 2651 1907 2714 Reigen der zehn Pärchen, die der selbe Trieb zu¬
1023 2688 1896 2744 sammentreibt, nuanciert Psychologisches, Gesell¬
1030 2721 1900 2788 schaftliches, Soziales bis zu jener nahen Grenze.
1023 2770 1897 2823 an der die kleinen Verschiedenheiten sich noch als
1020 2811 1901 2861 große Uebereinstimmung legitimieren. Ob ein
1018 2844 1908 2908 Soldat, ein junger Herr aus gutem Hause. ein
1984 1279 2859 1328 Bürger, ein Dichter oder ein Graf ob eine Dirne
1981 1316 2674 1372 ein Stubenmädchen, eine junge Frau,
2688 1326 2867 1376 ein süßes
1975 1363 2556 1408 Mädel oder eine Schauspielerin
2560 1377 2609 1404 —
2662 1363 2871 1414 wie immer
1975 1396 2864 1444 mit wem immer in solcher Situation zusammen¬
1981 1430 2179 1482 gerät —.—.
2187 1439 2864 1484 die äußere Verschiedenheit der Worte
1975 1478 2870 1529 und Winke dokumentiert lediglich die Gleichheit
1974 1514 2864 1569 aller vor dem naturhaftesten, elementarsten
1976 1546 2864 1598 Trieb. Seine differenzierende Kraft beginnt erst
1970 1586 2856 1633 dort, wo sich Konsequenzen an ihn knupfen und
1973 1621 2853 1681 damit Schicksal. Schnitzler hat sich aber in diesen
1977 1666 2851 1712 zehn Puppenspielen darauf beschränkt, das dia¬
1975 1696 2862 1749 logische Vor= und Nachspiel einer für den drit¬
1982 1743 2853 1788 en reiz= und sinnlosen Funktion niederzuschrei¬
1979 1780 2861 1824 ben. Dies ist, zu lefen, amüsant, weil witzige
1973 1808 2854 1866 Menschenkenntnis im Spiel ist. Zu sehen aber,
1975 1852 2856 1906 was nicht verkörpert werden kann, immer wieder
1973 1884 2843 1938 ins Dunkel zu starren, immer wieder nach vor¬
1967 1928 2858 1982 aufgegangenen Zwinkern der Augen sie scham¬
1964 1959 2532 2011 voll zu schließen ist langweilig.
1999 1989 2851 2044 Und so geschah es im Schauspielhaus, daß das
1966 2022 2839 2090 Premierenpublikum zwar dankbar jedes Witz¬
1962 2074 2852 2125 chen und jede spielerische Munterkeit begrüßte,
1963 2112 2849 2155 aber ziemlich eingeschüchtert dasaß und auf das
1964 2146 2839 2205 Klatschen vergaß, bis einer das Wiedererscheinen
1957 2186 2843 2245 von Frau Nicoletti als süßes Mädel klatschend
1955 2221 2835 2271 begrüßte und damit das übrige Publikum an¬
1966 2259 2832 2316 teckte. Und zum Schluß des Abends gab es kaum
1957 2303 2837 2352 mehr Beifall als nach der Aufführung eines ab¬
1954 2339 2832 2394 gespielten Klassikers. Man verließ, als zehn¬
1968 2377 2835 2428 acher Zeuge des einen Vorgangs, müde das
1954 2409 2837 2464 Theater. Freilich kam dazu daß die Verkörpe¬
1952 2449 2841 2502 rung der einzelnen Typen durch die Darsteller
1957 2483 2835 2534 des Schauspielhauses nicht die ganze Farbigkeit
1949 2521 2736 2581 der Dialoge erkennen und genießen ließ.
2738 2534 2835 2577 Es
1948 2560 2832 2616 wurde „nett“ gespielt. Mit äußerer Politur, die
1957 2603 2836 2651 manchmal gut anzusehen war, aber meist den
1937 2637 2829 2692 Mangel an menschlicher Zeichnung der Gestal¬
1957 2673 2834 2730 en nicht zu verdecken vermochte. Die Damen
1945 2709 2822 2766 Borkmann und Bertram und Herr Wohlbrück
1940 2745 2830 2807 boten das Angenehmste. Herr Günther war, wie
1936 2780 2820 2843 auch Frl. Holm zwar auf drastische Art wirksam
1946 2820 2788 2883 beide verfielen aber der Gefahr zu parodieren.
2422 2867 2794 2915 Hermann Sinsheimer
2133 2967 2284 3119 90
