3484 4224
992 101 1387 191 box 17/1
293 101 807 206 11. Reigen
681 1041 1298 1121 aus auf den Wischehruter Friechef
678 1168 1605 1235 Frau und die junge Frau hat — wieder einmal —
686 1235 1604 1290 ein téte-à-tete mit ihrem Gatten. Dieser selbe Gatt¬
685 1276 1609 1329 soupiert mit einem süßen Mädel in einem cabinet
689 1329 1611 1388 particulier. Und das süße Mädel hat ein Verhältnis
677 1375 1610 1430 mit einem Dichter und dieser Dichter liebt eine Schau¬
683 1421 1608 1479 spielerin. Die Schauspielerin tanzt aber auch mi
685 1472 1606 1530 einem Grafen und der Graf findet sich mit derselber
677 1510 1618 1576 Dirne zusammen, die der Soldat in der ersten Szeue
685 1567 1617 1616 unter der Augartenbrücke küßte. So ist der Kreis des
690 1609 1603 1667 Reigens geschlossen. Und jede Szene ist wie ein Ro
686 1661 1611 1716 man, eingekapselt in einer Nuß, und all diese Roman
677 1705 1606 1771 geben einen lustig klappernden Rosenkranz der Liebe
792 1757 1614 1808 Vor einiger Zeit ist — allerdings nur für Lieb¬
684 1794 1612 1855 haber und nicht für den Buchhandel — eine ganz
689 1839 1619 1909 prachtvolle deutsche Uebersetzung der Gespräche des
693 1895 1612 1954 Aretin erschienen. Und an Aretin muß man bei
693 1948 1613 2002 Schnitzler wiederholt denken. Nicht als ob Schnitzler
681 1998 1611 2060 die unerhörte satirische Gewalt Aretins besäße. Er
683 2049 1619 2105 ist auch beileibe nicht wie dieser der großirtige Tyufter
688 2100 1614 2150 noch der virtuose Höllenbreughel Liebe. Wo
681 2132 1609 2196 Aretin im kurioso dahinschmettert, zieht Schnitzlen
694 2190 1619 2243 tempo di ralse vor. Keinen Augenblick darf und kann
687 2245 1614 2292 man vergessen, daß all die Geschichten in Wien spielen.
691 2284 1620 2339 „Reigen verlangt nach Musik. Aber diese Suite hätte
685 2335 1615 2384 nur Johann Strauß schreiben können. Nein, die Ver¬
687 2381 1613 2433 wandtschaft mit Aretin liegt nicht in Ton und Thema
683 2424 1615 2481 sondern in einem tiefen Satze der Lebensweisheit, den
684 2472 1622 2526 beide zwar nicht aussprechen, aber den beide aus der
691 2519 1615 2574 Erkenntnis der Liebe schöpfen. Man könnte diesen
689 2567 1622 2629 Satz in die Form fassen: die Liebe ist die ausgleichende
698 2620 1612 2672 Gerechtigkeit. Es ist eines der drolligsten Schauspiel¬
688 2664 1617 2717 in der Welt und unter Menschen, wie vor der Liebe,
692 2714 1643 2777 die selbst tausend Masken hat, alle Masken fallen.
1641 1171 2574 1233 Man möchte, ein banales Wort variierend, sagen:
1645 1225 2575 1287 in der Liebe sind alle Katzen grau. Diese Weisheit ist
1642 1282 2570 1330 ebenso tief, folgenschwer und gewichtig als sie trivia
1645 1321 2575 1374 und alltäglich erscheint. Bei Aretin höhnt sie die
1646 1371 2566 1431 Menschen und schreit auf in Haß und Verachtung
1644 1424 2563 1474 Bei Schnitzler ist sie wie ein feines und kluges Lacheln
1645 1463 2577 1524 wie ein liebenswürdiger Spott. Aber Schnitzler, in
1654 1514 2570 1572 allen Werken sonst nur immer der Mann des Lächelns,
1646 1562 2580 1619 verschmäht diesmal auch das laute Lachen nicht. Es
1645 1619 2576 1679 gibt Stellen in seinem Buche, wo man lacht, bis Einem
1648 1658 2572 1716 die Thränen kommen. Stellen von unbändigster
1645 1704 2571 1760 Komik, denn nie ist ein Mensch komischer als im Balz¬
1649 1767 2573 1812 gesang und =Tanz. Wir lachen über das Schneehuhn,
1643 1804 2572 1859 das auf der weißen Fläche seine verrückten Kapriolen
1654 1849 2574 1907 macht, um dem Weibchen zu gefallen und über den
1645 1900 2571 1956 Hahn, der in seinem Werbegesange den nahenden
1649 1946 2578 2005 Jäger nicht hört. Aber kein Schneehuhn und kein
1658 1996 2572 2047 Hahn kann sich an Komik mit dem Menschen messen.
1656 2042 2572 2095 Schnitzlers Buch stimmt Einen darum so heiter, wei
1649 2089 2578 2142 wir die tanzenden Paare wie durch eine Glasscheibe
1645 2137 2582 2191 von außen sehen und die Ballmusik dabei nicht hören.
1652 2189 2574 2244 Wer aber jemals so als Zuschauer den Tanzenden
1647 2232 2573 2291 zugesehen hat, muß über ihr scheinbar unsinniges
1653 2283 2571 2338 Springen gelacht haben, was aber nicht hindert, das
1656 2329 2579 2383 auch er sofort mitspringt und sich mit im Kreise dreht,
1654 2376 2572 2431 venn die Musik an sein Ohr schlägt. Allen Lesern
1658 2414 2565 2477 ie sich weiß Gott wie erhaben dünken über die Hel¬
1652 2473 2580 2535 den des „Reigens“ mag der Liebestanzdichter die¬
1654 2521 2567 2570 selben Worte zurufen, die die Totentanzmaler ver¬
1646 2570 2464 2627 kündeten: Von dir, mein Freund, ist die Rede!
1756 2613 2074 2686 Wien, 9. April.
2208 2656 2539 2730 Rudolph Lothar.
2599 1069 3336 1162 Budweis wird uns berichtet: Die Stat
2608 1157 3324 1205 zur Unterstützung der durch Mäusefraß
2603 1192 3311 1254 Landwirte der Bezirke Budweis und
2607 1244 3115 1302 20.000 Kronen flüssig gemacht.
2706 1290 3336 1347 % Einstellung der Güter=Auf
2615 1342 3281 1384 gabe in der Halte= und Ladestell
2606 1376 3279 1427 Aus Anlaß der Erweiterungsarbeiten
3276 1337 3340 1422 4
2615 1413 3332 1461 und Ladestelle Pisek=Stadt, welche für de
2623 1462 3331 1501 ind Gepäckverkehr, sowie auch für Güter
2618 1493 3338 1538 adungen der Stadtgemeinde Pisek und der
2616 1533 3326 1580 fabrik daselbst eröffnet ist, findet in der
2607 1573 3311 1635 bis ungefähr 24. April 1903 keine Auf¬
2609 1609 2905 1667 von Gütern statt.
2701 1648 3337 1709 ## Moldau=Dampfschifffahrt zwi
2605 1705 3325 1751 linental und Kletzan. Bei günstiger Wi
2613 1749 3324 1816 während der beiden Österfeiertage die
2619 1799 3342 1866 ahrts=Gesellschaft zur Besichtigung der Kam
2617 1842 3339 1902 zwei Extradampfer von Karolinenthal nach
2608 1898 3343 1958 fertigen; diese werden an allen Zwischent
2607 1950 3300 2002 halten. Die Abfahrt von Karolinental
2615 1990 3342 2059 Station der elektrischen Bahn) um 2 un
2613 2039 3338 2110 Nachmittags, Rückfahrt von Kletzan um 5¾
2615 2088 2745 2151 mittags.
2679 2130 3333 2204 1 Von der Wetterwarte auf den
2612 2189 3326 2246 Die Witterungsverhältnisse im verflossenen
2609 2237 3340 2300 gestalteten sich sehr milde und in Folge de
2610 2292 3343 2345 sonnenhellen Tage (18) im Allgemeinen s#
2603 2343 3330 2392 Die höchste Luftwärme, im Tagesmaximum
2616 2382 3328 2440 m Tagesmittel mit +8•4°, wurde am 27
2608 2440 3328 2488 zeichnet, während die größte Kälte im Ta
2604 2482 3311 2536 mit —7°5°, im Tagesmittel mit — 5·70
2603 2530 3338 2588 brachte. Als mittlere Monatswärme ergib
2605 2577 3332 2644 Am 2. und 3. März erreichte das Baron
2597 2626 3314 2686 tiefsten Stand, in dessen Begleitung sich
2605 2677 3327 2734 heftiger Schneesturm einstellte. Niederschläg
2607 2728 3336 2800 11 Tagen; hievon waren 6 Schnectage, an
