3532 4224
1131 91 1535 179 box 18/2
418 92 946 176 11. Reigen
669 1234 1466 1334 Rioie & Seider
702 1331 1440 1413 Bureau für Zeftungsausschnitte
678 1386 1445 1485 Berlin IIO. 45, Georgenklechplatz 21!
902 1524 1348 1630 Abendpost.
644 1624 847 1692 Seitung:
1052 1685 1336 1780 Berlin
646 1724 801 1798 0r1: —
1117 1764 1496 1916 AIUU O:
642 1821 902 1918 Datum: —
697 1920 1439 2004 Tondervorstellung des „Reigen“
652 1974 1413 2040 Gerichtshof und Prozeßbeteiligte.
1455 1991 1497 2045 In
670 2024 1443 2089 Schwurgerichtssaale des Berliner Landgerichts
1459 2038 1538 2090 IIN
663 2067 1510 2127 begann heute dek Prozeß gegen die Direktion
669 2107 1506 2167 des Kleinen Schäuspielhauses Frau Gertrud
662 2147 1511 2214 Eysoldt un)Maximilian Sladek sowie
673 2199 1509 2250 gegen acht gahn Schauspieler und
671 2233 1507 2292 Schauspielerinnen. Die Schauspieler
666 2267 1511 2330 werden, wie schon bekannt, beschuldigt, seit dem
670 2307 1513 2370 22. Juni 1920 fortgesetzt bei Derstellurg von
663 2345 1513 2398 Schnitzlers „Reigen“ auf der Bühne durch unzüch¬
658 2388 1508 2452 tige Handlungen Aergernis erregt zu haben. Auch
664 2428 1499 2489 die Musik, die die Pausen ausfüllte, wird von
660 2461 1506 2532 der Staatsanwaltschaft für anstößig gehalten,
664 2509 1498 2569 da der Rhythmus im Zusammenhang mit den
668 2550 1507 2604 Vorgängen auf der Bühne sinnliche Vorstellungen
672 2596 1498 2642 habe erwecken können. Noch bevor in die Ver¬
655 2627 1495 2691 handlung eingetreten wird, gibt der eine Ver¬
651 2664 1499 2731 teidiger folgende Erklärung ab: Der Angeklagte
656 2700 1494 2771 Direktor Sladek und Frau Gertrud Eysoldt haben
658 2749 1490 2811 sich darüber schlüssig gemacht, dem Gerich
662 2796 1503 2850 und allen Prozeßbeteiligten das Stück „Rei¬
657 2835 1492 2891 gen“ vorzuführen. Es soll genau in der
662 2878 1498 2928 gleichen Art vorgeführt werden, wie die bis¬
660 2910 1497 2970 herigen Vorführungen erfolgt sind. Dadurch
662 2953 1493 3008 würde wahrscheinlich die ganze Zeugenverneh¬
661 2986 1488 3049 mung überflüssig werden. Da das Gericht und
695 3054 1540 3142 der Staatsanwalt diesem Vorschlage zustimmen,
710 3098 1538 3180 einigt man sich nach langem Hin= und Herreden,
709 3135 1537 3211 daß am Sonntag mittag 12 Uhr für die Prozeß¬
633 3147 704 3213 8
702 3174 1537 3252 beteiligten im Kleinen Schauspielhause eine Son¬
615 3205 675 3268 20
699 3212 1524 3289 dervorstellung des „Reigen“ arrangiert werder
701 3253 1530 3326 soll. Zum Schluß macht der Vorsitzende die Zeu¬
702 3301 1533 3376 gen noch darauf aufmerksam, daß die Vorstellung
703 3342 1538 3414 einen Lokaltermin darstelle, und daß sich jeder
690 3370 1525 3472 Zeuge, der nicht zu der Vorstellung erscheine, straf¬
677 3416 869 3474 bar mache.
2081 301 2268 405 Klost
2552 361 2730 444 Besblatt
2085 414 2206 467 Bures
2032 463 2784 549 Be#iir Meldungen von Verbänden ent¬
1997 608 2658 732 Die „Sondervorstellung
2513 711 2557 761 77
2161 711 2527 799 des „Reigen.
2004 786 2781 882 Itermin im Kleinen Schauspielhause.
1965 830 2778 929 Eine geschlossene Aufführung des „Reigen“. Die
1926 889 2771 968 eigenartigste, die diesen Szenen wohl je zuleil ge¬
1917 921 2778 996 worden ist. Das Theater nur sehr schwach „be¬
1933 969 2771 1051 ucht“. Viele Reihen zeigten starke Lücken, andere
1923 1010 2771 1075 ware.. ganz leer. Kein erwartungsvolles Drän¬
1915 1055 2774 1127 ##n, kein Umschauen nach Bekannten, wie sonst im
1919 1088 2774 1164 Theater. Wenigstens nicht in der sonst üblichen
1920 1123 2772 1202 Form. Einer sah sich freilich sehr genau um,
1923 1173 2767 1241 hatte ein großes Blatt Papier in der Hand und
1917 1207 2770 1282 tief sogar alle Anwensenden auf. Er stand ganz
1911 1242 2763 1316 vorn an der Bühne, wo man ihm eine elektrische
1917 1278 2763 1359 Lampe hingestellt hatte. Der Regisseur? Wahr¬
1914 1318 2772 1395 scheinlich wohl, denn er trat recht energisch und
1919 1353 2762 1429 icher auf, genau als wäre er dei Herr im Hause.
1915 1395 2759 1475 Nur eins fiel auf, daß dieser „Regisseur“ namlich
1909 1433 2771 1507 von jedem im Parkett so genau wissen wollte, wer
1907 1472 2766 1550 er sei: Unwillkürlich dachte man dabei an die
1905 1508 2770 1593 öffentlichen Aufführungen des „Reigen“ in der Pro¬
1910 1550 2761 1618 binz, wo jeder Besucher sich in eine Liste einzeich¬
1901 1588 2756 1665 nen mußte und versichern, daß er teinerlei Protest
1908 1631 2756 1710 erheben werde. Das Sonderbarste war aber, daß
1895 1664 2758 1746 der Gestrenge an der Rampe sich ausdrücklich ver¬
1894 1702 2753 1781 hat, Zustimmung oder Ablehnung durch irgend¬
1896 1748 2458 1810 welche Kundgebungen darzutun.
2468 1765 2757 1823 „Man sei
1895 1785 2754 1861 hier nicht im Theater, fügte der gestrenge
1901 1820 2750 1899 Mann ausdrücklich hinzu, und dabei war man doch
1897 1858 2751 1938 im Theater! So merkte man es freilich bald deut¬
1891 1898 2750 1973 lich, daß man zwar auf einem Schauspiel, aber
1894 1940 2746 2015 einem forensischer Art war, und dieser Leiter der
1885 1968 2761 2047 Veranstaltung kein Regisseur im üblichen Sinne.
1888 2009 2745 2077 sondern der Heir Landgerichtsdirektor Brenn¬
1892 2050 2743 2119 hausen war, Vorsitzender der Strafkammer, die
1889 2090 2749 2164 darüber befinden soll, ob Gertrud Eysold
1885 2126 2745 2204 und ihre Künstlerschar wegen der Darstellung
1882 2168 2733 2238 von Schnitzlers „Reigen“ zu verurteilen sind. Wer
1892 2214 2737 2275 reilich über einen schnellen Blick verfügt, mußte
1883 2244 2731 2314 schon früher merken, daß es sich um eine Art
1883 2282 2734 2352 Lokaltermin handelte, besonders wer über etwas
1885 2316 2742 2394 Lokalkenntnis von — Moahit verfügt. Denn
1875 2357 2734 2436 da sprang einem sogleich in die Augen, daß
1869 2400 2732 2474 der würdig dreinschauende Herr, der im Gehrock
1878 2437 2732 2508 und weißer Binde beim Eintritt in das Kleine
1875 2474 2734 2549 Schauspielhaus sozusagen die Honneurs machte,
1875 2515 1927 2554 der
1927 2528 2733 2582 — Justizwachtmeister war, der sonst nicht
1876 2551 2726 2620 Theaterbesucher hinein=, sondern Angeklagte
1871 2594 2731 2667 vorzuführen pflegt. Auch anderes fiel auf.
1877 2629 2722 2705 Die Garderobe wurde wie selbstverständlich ohne
1866 2665 2725 2735 jede Berechnung abgenommen, und im Parkent
1863 2707 2728 2781 konnte man Platz nehmen, wo man wollte. Und
1868 2750 2723 2813 wen sollte es nicht verblüffen, wenn die Hörer, er¬
1857 2783 2727 2853 wartungsvoll gestimmt, was die erste Szene brin¬
1862 2822 2719 2895 gen wird, plötzlich durch ein ganz untheatralisches
1860 2860 2723 2930 Zwischenspiel aus schweigender Andacht gerissen
1864 2906 2720 2972 werden. Wie das kam? Der Herr Vorsitzende —
1865 2938 2389 3003 n diesem Fall der Spielleiter
2391 2957 2719 3011 — wurde nämlich
1854 2972 2706 3050 von einem Zeugen aus der vierten Parkettreihe
1845 3007 2708 3085 laut gefragt, ob er von der weiteren Teilnahme
1845 3050 2721 3121 an der Vorstellung — Verzeihung: Verhand¬
1846 3086 2717 3172 lung — befreit werden könne. Er habe plötzlich
1848 3132 2712 3208 außerhalb einen Posten als Molkerei¬
1846 3160 2708 3241 inspektor erhalten und wolle abreisen.
1844 3203 2701 3278 Stimmung! Dem Herrn Molkereiinspektor
1840 3245 2708 3322 wurde die Bitte erfüllt, worauf sich der Vorhang
1847 3276 2695 3348 hob, und Dirne und Soldat mit ihrem Dialog am
1843 3315 2705 3399 Bahnviadukt beginnen konnten. ... Wahrhaftig,
1842 3358 2364 3420 es war hier zu stimmungslos.
1874 3391 2692 3465 Die Aufführung verlief nach Lage der Dinge
1848 3433 2688 3509 venig eindrucksvoll, zumal unmittelbar, nachdem
1846 3474 2695 3554 der Vorhang zum letzten Male gefallen war, Land¬
1835 3502 2691 3586 gerichtsdirektor Brennhausen erklärte: „Fort¬
1837 3545 2692 3631 setzung der Verhandlung Dienstag früh
1829 3583 2685 3662 9½ Uhr, worauf man sofort auseinanderging.
1867 3621 2692 3699 Die Direktion hatte, obwohl ein Teil der Mit¬
1828 3665 2692 3740 wirkenden nicht mehr dem Kleinen Schauspielhause
1835 3701 2691 3773 angehört, sämtliche Beteiligten, die in der letzten
1799 3736 2692 3822 beanstandeten Aufführung spielten, wieder ver¬
1916 3786 2565 3866 KmAA
