3336 4416
298 188 376 286 11
493 200 797 283 Reigen
999 184 1411 283 box 17/6
1874 145 2216 193 ee
2879 173 3097 228 Was niunt
1867 183 2831 236 wie so vieles, auch das Theater überschwemmt hat
2610 226 3080 290 Ballungen von Worten,
2538 230 2610 278 111
1880 232 2541 288 sich heute nicht alles Theater!
1883 271 3084 328 dunkel empfundene Gesühle, die in dem immerwährenden Aus¬
1878 316 3081 377 rufe: „O Mensch!“ ihren angeblich höchsten Ausdruck finden
1889 364 3093 429 Unverständlichkeiten jeder Art und jeder Formlosigkeit. Ein
1875 403 3101 474 Meister der dramatischen Form hätte daran denken müssen, daß
1883 461 3092 525 sein „Reigen“ nicht Theater ist, sondern gegen alle Gesetze
1889 519 3092 568 des Theaters verstößt, Schnitzler hat daran, nicht gedacht
1885 564 3091 617 Auch hier Anarchie und auch hier ist es gerade ein Führer, der
1889 597 3101 661 berufen ist, die Idee seines Levens hoch zu halten und sie ver¬
1887 651 3110 715 lassen hat. Genau so wie Dr. Glanz — hüben und drüben sei
2916 691 3103 746 — der
1882 685 2912 775 für diese Nebeneinanderstellung um Verzeihung gebeten
1885 744 3104 804 ohne Nachweis seiner Eignung zu einem Hüter der Verfassung
1894 787 3113 859 berusen ist, diese im Stich läßt, sobalo ihm andere Ziene
1901 838 3111 905 erstrebenswerter erscheinen. Die Anarchie der Kompetenzen hat
1903 884 3109 947 eben alles mitgerissen, was an höherer Stelle steht, sei es durch
1890 930 3119 1002 die Berufung des großen Talents oder durch die geringfügigene
1895 980 3109 1048 einer Partei. Und das ist das bedauerliche Ergebnis dieses
1886 1024 3118 1107 neuesten Konflikts, wahrscheinlich sein einziges Ergebuis, in sach.
1888 1088 2212 1163 licher Beziehung.
2950 1127 3006 1207 *
1907 1203 2926 1324 Drt Kampf um den „Reigen
2279 1333 2750 1436 Kulionattal.
1902 1394 3130 1495 ##ie stürmische Sitzung. — Die Stellung des Mi¬
2155 1475 2868 1549 nisters Dr. Glanz erschüttert.
2010 1523 3120 1596 Der Natio alrat ##t gestern eine stürmische Sitzung erlebt
1895 1581 3132 1651 Der Minister des Innern Dr. Glanz hat über den Kopf des
1901 1627 3139 1699 Landeshauptmannes vin Wien Bürgermeister Reumann
1905 1674 3124 1751 hinweg, der allein hiefür zuständig gewesen wäre, ein Verbor
1908 1732 3135 1794 gegen die weiteren Aufführungen von Schnitzleis „Reigen“ in
1905 1766 3128 1841 den Kammerspielen erlassen, das der Landeshauptmann zwar
1906 1826 3126 1886 nicht zur Kenninis genommen hat und auch nicht durchführen
1912 1881 3122 1932 ließ, das aber durch die damit begangene Verletzung der Ver¬
1916 1916 3112 1981 jassung zu einem schweren parlamentarischen Konflikt Anlaß gab
1910 1969 3118 2029 dessen Weiterungen vorläufig noch nicht abzusehen sind. Das
1905 2003 3128 2080 Haus hatte die für die gestrige Sitzung vorgesehene Tages¬
1910 2062 3122 2125 ordnung bereits nahezu erschöpft, als der sozialdemokratischen
1915 2126 3130 2181 Partei bekannt wurde, daß ein gerade von der Regierung aus¬
1909 2170 3125 2225 gegebeues Communigté dieses vom Minister des Innein er¬
1907 2200 3124 2281 lassene Verbot publiziert. Im Nu war eine dringliche Anfrage
1911 2248 3122 2316 an die Regierung eingebracht, die den Auftakt zu stürmischen
1915 2306 3127 2365 Szenen gab über die wir an anderei Stelle ausführlich berichten.
2023 2359 3136 2411 Der Kampf um den „Reigen“ bedeutet naturgemäß nur einen
1904 2394 3138 2456 rein äußerlichen Anlaß im Kampfe der Sozialdemokraten gegen die
1919 2448 3137 2505 christlichsoziale Regierung. Die Sozialdemokraten haben auch gestein
1916 2489 3129 2555 bereits mit einer verschärften Opposition eingesetzt, indem sie den
1919 2532 3137 2603 Antrag stellten, alle in Beratung flehenden Vorlagen der ersten
1917 2588 3145 2652 Lesung zu unterziehen. Unter diesen Vorlagen befindet sich auch
1918 2646 3136 2698 die Novellierung des Wehrmachtgesetzes, deren Zustandekommen
1920 2687 3138 2744 bekanntlich über Verlangen des Leuers der Heeresubeiwachungs¬
1917 2732 3137 2794 kommission Generals Zuecari mit dem 10 März befristet
1918 2787 3138 2845 wurde, bis dahin aber kaum wird erledigt werden können, da
1920 2825 3151 2890 das Haus eist am 1. März wieder zu Vollsitzungen zusammen¬
1914 2876 3148 2937 treien wird. In parlamentarischen Kreisen wurde gestern der
1916 2916 3151 2994 Vorfall begreiflicherweise lebhaft erörtert und vielfach der Auf.
1914 2978 3151 3042 fassung Ausdruck gegeben, daß — wenn nicht in letzter Stunde
1918 3016 3153 3079 eine Zurückziehung des verfassungswidrigen Verbotes durch den
1908 3073 3148 3127 Minister Glanz möglich werden sollte — die Stellung des
1919 3122 3151 3180 Bundesministeis für Inneres und sein weiteres Verbleiben in der
1919 3164 2777 3247 Regierung sehr fraglich geworden ist.
2035 3260 3142 3333 Das Haus besaßte sich gestern zunächst mit einer dringlichen An¬
1920 3322 3138 3372 frage des Abgeordneten Hampel wegen der Ver mögensbeschlagnahme
1921 3355 3141 3408 der österreichischen Schutz= und Alvenvereine durch die jugollawische
1932 3398 3138 3449 Regierung und nahm nach Anhörung des Bundeskanzlers einen
1933 3434 3143 3487 Resolutiogsantrag an, in welchem die Regierung aufgefordert wird bei
1924 3455 3151 3525 der jugoslawischen Regierung dahin vorstellig zu werden, von jeder
1931 3510 3142 3562 weiteren zwangsweisen Veräußerung österreichischen Eigentums abzu¬
1939 3543 3143 3603 sehen und die zwungsweise Eintreibung deutschösterreichischer Forderungen
1933 3584 3145 3639 einzustellen, vor allem aber die vermögensrechtlichen Interessen der
1927 3632 3141 3674 Schutzvereine zu schützen. Weiters wurde die Abänderung und Ergänzung
1932 3659 3161 3715 des Hceresgebührengesetzes in zweiter und dritter Lesung
1923 3706 3158 3760 gum Besch luß erhoben, ebenso wie das Militärbesoldungs.
1934 3737 3154 3792 Abergangsgesetz uad die Abänderung des Spielabgaben¬
1914 3778 2160 3852 Aesetzes.
