3392 4320
1018 239 1417 332 box 18/2
492 242 817 340 Reigen
735 787 1882 945 Berliner Tageblatt
434 1034 1881 1169 Zeugen im „Reigen“=Prozeß.
189 1038 343 1168 eu
707 1161 1888 1225 daß Sie bei Ihren Wahkreden als Landtagskandidat in der
162 1176 683 1275 noch nicht beendet
713 1213 1882 1271 Priegnitz und an anderen Orten das Publikum scharf gemacht
707 1254 1890 1305 haben gegen die Juden, die jüdische Demokratie und die jüdischen
182 1264 673 1327 Reigenprozeß wurden im
711 1292 1885 1343 Regierungsvertreter und dem Publikum den Unterschied zwischen
168 1312 664 1370 ernehmung noch einige
707 1338 1877 1378 den Juden und den deutschvölkischen Kreisen klarzumachen ver¬
163 1353 509 1410 dige vernommen.
711 1364 1878 1421 sucht haben? Wenn dies der Fall ist, so würde hieraus hervor¬
183 1385 665 1439 f. geschäftsführender Direk¬
715 1407 1887 1460 gehen, daß es sich mehr um ein antisemitisch=deutsch¬
170 1431 667 1484 rdals Zeuge und Sach¬
712 1443 1884 1504 völkisches Treiben, als wie um einen Kampf für die an¬
171 1468 673 1520 weder bei seinem ersten Be¬
707 1491 1364 1540 geblich gefährdete Sittlichkeit handele.
170 1502 666 1549 Vorstellung, noch bei dem
766 1517 1813 1580 Zeuge Dr. Jenne: Muß ich diese Frage beantworten?
182 1545 674 1599 sorgfältigen Aufpassens im
757 1549 1880 1601 Staatsanw. v. Bradke: Ich bitte, diese Frage nicht zuzu¬
225 1579 667 1634 und Lüsternheit wahr¬
713 1585 1883 1646 lassen, da durch sie dem Zeugen vorgeworfen wird, daß er sich aus
304 1616 658 1666 bühnentechnisch aus
712 1631 1882 1695 politischen Motiven zu einer unwahren Aussage habe hinreißen
250 1657 665 1719 Es war anscheinend für
161 1650 224 1706 cht.
706 1677 814 1733 lassen.
279 1694 668 1749 aufregend. Hier in
170 1696 236 1751 als
766 1685 1881 1755 Rechtsanw. Heine: Ein politisch leidenschaftlicher Mensch
277 1726 671 1782 erster Reihe darauf
190 1733 242 1781 in
708 1748 1882 1792 wird leicht die nötige Objektivität außer acht lassen und stets der
252 1758 667 1813 den künstlerischen Wert
154 1760 245 1819 ber
718 1774 1881 1831 Gefahr ausgesetzt sein, bei seinen Wahrnehmungen und Urteilen
259 1807 667 1850 den Wert, den einzelne
182 1806 260 1857 auf
721 1815 1892 1868 ich von seiner vorgefaßten Meinung beeinflussen zu lassen. (Das
161 1845 668 1889 e beilegen. Ein Teil dieser
714 1850 1792 1925 Gericht erklärt nach kurzer Beratung die Frage für zulässig.)
163 1878 668 1935 mit außerordentlich lebhaftem
768 1892 1751 1954 Zeuge Dr. Jenne erklärt hierauf: Ich habe als
259 1917 669 1971 heran. Durch Beschluß
159 1918 249 1966 erie
228 1955 675 2007 I sei das Buch als nicht
726 1935 1868 2019 Wahlkandidat der Deutschnationalen Volkspartei
155 1993 680 2047 en, und so kann es sich
721 2001 1884 2075 #esprochen, und bin, da in deren Programm auch eine gewisse
164 2026 667 2088 geklagten Schauspieler
716 2066 1893 2112 Stellungnahme gegen das Judentum enthalten ist, auch auf diesen
158 2054 671 2119 ungen haben. Drei wirk¬
723 2096 1890 2151 Punkt zu sprechen gekommen. Ich bekämpfe das Werk als
157 2102 670 2156 pfen die Vorführung dieses
721 2142 1889 2189 solches und nicht etwa, weil der Autor Herr Schnitzler ist, von dem
166 2142 675 2201 ung heraus; das sei inimerhin
711 2177 1374 2243 ich nicht einmal weiß, ob er Jude ist.
167 2182 677 2237 t „aber auch diese haben an
766 2197 1895 2264 Rechtsanw. Heine: Haben Sie nicht einmal gesagt: Jeder
163 2226 682 2267 zusetzen gehabt. In der
723 2253 1824 2317 Sozialist ist mir lieber, als so ein verfluchter Judendemokrat!
159 2250 677 2318 tiges zu erblicken. Er habe
182 2287 678 2345 ganz Europa in allen mög¬
771 2298 1065 2353 Zeuge: Nein.
157 2326 680 2383 befanden sich viele, die direkt
765 2326 1889 2386 Rechtsanw. Heine: Haben Sie auch nicht das Wort „Juden¬
170 2362 664 2433 gestellt waren, beim „Reigen“
711 2380 1038 2442 demokrat“ benutzt?
772 2402 1890 2468 Zenge: Nein, ich würde ein solches Wort auch nicht mit
715 2452 1731 2511 meiner Zugehörigkeit zum Richterstande vereinbar halten.
157 2459 417 2541 egisseuren.
772 2471 1890 2540 Der Schriftsteller Artur Eloesser hat in der Reigenauf¬
725 2517 1885 2578 führung nichts unzüchtiges entdeckt und kein Aergernis
152 2522 675 2582 Regisseur Emil Linde vom
720 2552 1890 2608 daran genommen. Als er vor zwanzig Jahren von dem Dichter
152 2578 681 2628 altungsratsmitglied der Ge¬
727 2594 1890 2647 Schnitzler das Buch „Reigen“ in Empfang nahm, hat er es als ein
156 2612 675 2661 er. Er schließt sich in längeren
727 2628 1885 2683 kleines Juwel in der Schatzkammer der deutschen Literatur betrachtet.
151 2654 673 2697 der Sachverständiger über den
722 2670 1892 2726 Der Sachverständige ist jahrzehntelang Theaterkritiker gewesen und
157 2685 675 2741 nig des „Reigen“ an und be¬
716 2698 1881 2757 hat sechs oder sieben Jahre lang als beratender Mann dem Lessing
570 2720 680 2771 Auf
161 2720 572 2776 end und unzüchtig sei.
718 2744 1887 2795 Theater angehört. Er ist Verwaltungsdirektor des Schutzverbandes
152 2770 678 2819 keinziger Tonfall oder eine Be¬
721 2785 1889 2833 deutscher Schriftsteller und mit literarischen und Theaterangelegen¬
159 2796 677 2841 ls obszön gelten könnte. Im
718 2819 1888 2868 heiten wohl vertraut. Er schließt sich im allgemeinen den Aus¬
149 2836 672 2884 Stück, das flammend der Gesell¬
736 2855 1897 2906 ührungen Ludwig Fuldas an. Er erinnert sich, daß
143 2872 671 2929 mlich sarbloses Werk gemacht.
722 2895 1885 2948 seinerzeit in einer Direktionskonferenz des Lessing=Theaters auch
165 2910 689 2965 hat den „Reigen“ bei der
718 2930 1873 2983 darüber verhandelt wurde, ob man die Aufführung des „Reigens
156 2943 688 2993 ung gesehen und zwischen den
720 2973 1884 3019 nicht ermöglichen sollte; damals war es noch nicht bekannt, daß Rein¬
149 2990 682 3037 e Unterschiede konstatiert. Er
724 3003 1895 3065 hardt das Aufführungsrecht schon übertragen erhalten hatte. Die
152 3021 675 3079 s mindeste gesehen, was als
726 3043 1898 3096 bei der damaligen Konferenz geltend gemachten Bedenken waren
150 3059 675 3102 rständiger müsse er erklären.
726 3079 1891 3135 nicht sittlicher Natur. Man war der Meinung, daß das Buch wun¬
158 3097 672 3146 itzler mit seinem „Reigen“ eine
1821 3115 1897 3159 auf¬
1356 3121 1799 3171 leider nicht ganz
722 3121 1356 3169 dervoll sei, aber die Bühne es
158 3135 671 3190 e Gesellschaft und gewisse nie
1001 3145 1900 3196 Die Aufführung des Werkes im Klei¬
853 3158 1006 3212 könne.
726 3161 857 3214 nehmen
156 3166 684 3222 wollen. Es sind ja keine wirk¬
1301 3190 1897 3246 nur dezent, sondern über¬
720 3204 1305 3247 nen Schauspielhaus sei nicht
162 3212 678 3259 e gezeigt werden, sondern nur
722 3222 1900 3278 dezent gewesen; für das Stück haben diejenigen, die den Sturm¬
231 3247 684 3310 die alle gleichmäßig er¬
163 3252 207 3302 e,
718 3265 1901 3314 lauf gegen den „Reigen" unternommen haben, eine unbezahlbare
725 3304 1897 3355 Reklame gemacht. Das Schnitzlersche Werk sei ein Kunst¬
183 3306 682 3377 Der Herr Sachverständige
724 3342 1889 3389 werk. Die Musik sei absolut nicht zu verdächtigen; sie sei melan¬
231 3374 682 3424 die Ibsen in Deutsch¬
718 3376 1892 3429 cholisch und passe durchaus zu dem Werk, das aus verwundetem Her¬
206 3403 683 3453 Ihnen bekannt, daß es
718 3414 1894 3469 zen geboren sei, aus Mitleid mit dem Teile der Menschheit, der
158 3442 317 3493 fführung
358 3441 664 3497 der „Gespenster
724 3455 1903 3499 verachtet wird, aber bemitleidenswert erscheinen müsse Die ganze
158 3478 684 3535 protestierten und sogar ein
731 3486 1900 3543 Darstellung habe eine große künstlerische Enthalt¬
594 3517 686 3564 dies.
361 3516 555 3567 bestätigt
210 3523 366 3571 Zeuge
746 3523 1895 3575 amkeit gezeigt. Warum Professor Brunner glaubte, sich auf
205 3553 689 3608 Ist Ihnzu bekannt, daß bei
150 3541 199 3603 :
735 3567 1893 3614 herrn Schlaikjer verlassen zu dürfen, könne er sich nicht recht vor¬
161 3582 667 3643 Hauptmanns „Sonnenaufgang
735 3597 1900 3649 tellen. Der Sachverständige wendet sich schließlich gegen den Zu¬
147 3630 685 3683 Entstand und ein Zuhörer sogar
736 3634 1899 3685 tand der Rechtlosigkeit und Schutzlosigkeit, in dem die deutschen
159 3656 691 3722 n einer bestimmten Stelle des
734 3675 1901 3732 Schriftsteller zurzeit sich befänden und sich dadurch in ihrer
158 3704 682 3767 verständige Dr. Heine bestätigt
719 3717 1344 3769 Schaffensfreudigkeit bedroht fühlen.
776 3731 1903 3805 Rechtsanwalt Heine erinnert daran, daß selbst einem Goethe
155 3766 682 3832 icht darauf aufmerksam, daß
728 3800 1905 3839 es nicht erspart gewesen sei, von einem Manne wie Herder, der sein
153 3822 684 3873 er Stelle abgespielt hatte, die
719 3833 1889 3884 Feind gewesen sei, wegen seiner Werke „Die Braut von Corinth“
147 3862 678 3924 hr nicht auf der Bühne wieder¬
728 3868 1898 3920 und „Gott und die Bajadere“ der Unzüchtigkeit bezichtigt
727 3903 1896 3966 zu werden. Der Staatsanwalt bestreitet eine solche Bedrohung.
775 3942 1902 3996 Der nachträglich als Sachverständiger geladene Professor Orlik
146 3927 681 4000 Verteidigung nochmals ge¬
721 3979 1906 4031 vom staatlichen Kunstgewerbemuseum in Berlin erklärt, daß er bei¬
149 3985 683 4026 wird zunächst vom Rechtsanw.
719 4016 1907 4077 nahe dasselbe sagen müsse, wie der Sachverständige Eloesser. Er
154 4023 680 4082 richtig, Herr Landgerichtsrat,
727 4133 1912 4193 baren Musikkörpers. Ausgeglichenheit und Fügsamkeit gegenüber
710 4181 1905 4245 dem Taktstock des Leit#s waren das Ideal, nicht otwa sieghafte“
151 4135 402 4249 ologie
2542 790 2824 868 1. Beiblatt
2255 850 3109 930 Druck und Verlag von Rudolf Mosse in Verine.
1920 967 3103 1038 erkläre, daß er nach der Lektüre des Buches die Aufführung viel zu
2816 1017 3098 1068 „Wahre Kunst
1916 1030 2812 1073 mäßig, zu gemäßigt und zu bezent gefunden habe.
2969 1053 3107 1100 Wenn
1920 1058 2952 1106 ist immer moralisch, unmoralische Kunst gibt es nicht!“
1918 1088 3100 1144 Rembrandt die heilige Familie und dann den Geschlechtsalt gemalt
1919 1128 3100 1182 hat so ist eben beides moralisch, denn Rembrandt war ein Künstler.
1922 1165 3109 1225 Schnitzler ist ein Künstler, Frau Eysoldt ist eine große
1925 1194 2987 1263 Künstlerin, und alles, was sie gemacht haben, ist moralisch.
1972 1237 3091 1301 Der Generalsekretär des Verbandes Berliner Bühnenkeiter,
1926 1289 3095 1349 Julius Hirsch, bekundet als Sachverständiger, daß er in der Auf¬
2456 1320 3094 1387 gefunden habe. Das erste Bild,
1932 1334 2460 1378 führung nichts Unanständiges
1926 1363 3105 1415 „Soldat und Dirne“, habe ihn direkt erschüttert. Er
1918 1400 3101 1455 habe in Wien oft des Nachts an der Ferdinandsbrücke diese Szene
1920 1441 2801 1499 im Leben gesehen, nur viel krasser und gemeiner.
2341 1491 2696 1576 Ludwig Fulda
1934 1558 3094 1618 erhält darnach nochmals das Wort zur Ergänzung seines Gutachtens
1931 1596 3102 1650 und bemerkt unter anderem: Es sei hier gesagt worden, daß die
1931 1631 3107 1688 Wiederholung des Geschlechtsaktes in den aufeinanderfolgenden
3024 1671 3101 1717 Er
1927 1681 3020 1730 Szenen außerordentlich aufregend und unzüchtig gewirkt habe.
1934 1713 3095 1761 aber sage: nicht eine Verstärkung des Aureizes, sondern eine Ab¬
1933 1740 3094 1798 stumpfung der Anreizung werde durch diese Wiederholungen bewirkt.
1942 1784 3095 1841 Sehr charakteristisch sei es, daß einige Zeugen gesagt haben: sie hätten
2918 1820 3102 1866 es starker
1932 1822 2920 1872 nach den ersten drei Bildern die Empfindung gehabt, daß
1927 1852 3098 1911 Tabak sei, der dort auf der Bühne dargereicht werde. daß sie hinter¬
1925 1893 3101 1950 her aber doch die sittliche Idee erkannt haben, die sich durch das
1937 1931 3100 1988 Werk zieht. Gerade durch diese Wiederholungen sind sie dazu ge¬
2898 1964 3103 2021 die Trunk¬
2129 1966 2838 2024 Eine Analogie würde beispielsweise
1936 1987 2074 2028 kommen.
1938 2003 3108 2060 sucht bieten. Nehmen wir an, daß in einer Bühnenszene eine
2916 2043 3011 2087 wird,
2111 2045 2915 2102 mit einem Trunkenbold dargestellt
1931 2056 2116 2106 Trunkszene
1933 2073 3105 2137 wird dies wohl als Einzelerscheinung ohne großen Eindruck vorüber¬
1927 2114 3108 2179 gehen, wenn dann aber solche Erxzesse in der Trunkenheit sich fort¬
1932 2150 3104 2215 gesetzt wiederholen, so ist das doch wohl nicht als eine Verherrlichung
1932 2189 3104 2245 der Trunksucht als des Dichters Absicht anzusehen, sondern als eine
1924 2226 3113 2281 Abschreckung. Mit aller Entschiedenheit muß bestritten werden.
1922 2268 3105 2319 daß im „Reigen“ der Geschlechtsakt dargestellt wird. Das Thema
1931 2299 3107 2365 ist ausschließlich der psychologische Reflex des Geschlechtsaktes. Nie¬
1935 2343 3114 2401 mals kann das rein psychologische als pornographisch angesprochen
1928 2372 3104 2433 werden. Der Goethe=Pund, dessen Vorsitzender er sei, wirke
1933 2411 3111 2467 auch im Sinne des Kampfes gegen Schmutz und Schund in der
1934 2453 3104 2506 Literatur. Hier könne aber von solchem nimmermehr die Rede sein.
1926 2481 3113 2549 Der Dichter habe die Gedankenstriche hinter die einzelnen Szenen
1932 2515 3106 2580 nur gemacht, um anzudeuten, daß die Dinge, die dann kommen,
1925 2567 2315 2638 ihn nicht interessieren.
3014 2574 3107 2637 Es
1998 2582 3019 2660 In einem Schlußwort erklärk Dr. Ludwig Fulda noch:
1933 2628 3111 2693 wird hier von Professor Brunner steis auf die Gefahren hin¬
1935 2665 3108 2737 gewiesen, der die Jugend durch den „Reigen“ ausgesetzt sei. Ich
1936 2710 3111 2773 glaube, daß man diese Gefahren weit überschätzt. Ich möchte das
1933 2747 3114 2803 Mädchen sehen, das durch den „Reigen“ vielleicht sittlich gefallen ist.
1942 2774 3106 2845 Ein solches Mädchen wäre auch ohne Ansehen des „Reigen“ gefallen,
1934 2821 3106 2879 da ihre Tugend offenbar nicht sehr fest gewesen war. Es ist lächer¬
1936 2854 3116 2917 lich, wenn man die Jugend vor den Gefahren der Kunst schützen
1943 2893 3107 2958 will, da man nicht einmal Mittel und Wege findet, die Jugend vor
1940 2942 2570 3010 den Gefahren der Straße zu schützen.
2787 2971 3120 3026 Wittkowski
2389 2969 2790 3036 Universitätsprofessor
2110 2986 2393 3043 Sachverständige,
1988 2994 2106 3043 Der
1937 3009 3120 3074 (Leipzig) kommt nach einer langen Erörterung zu dem Schluß, daß
1936 3052 3116 3113 keine Theatervorstellung möglich sein würde, wenn irgendeine alte
1942 3090 3110 3157 Jungfer männlichen oder weiblichen Geschlechts etwas an dem Werk
1937 3128 3115 3189 auszusetzen hat und ihm an den Leib gehen will. Die Möglichkeit,
1942 3168 3122 3225 Kunst zu geben, ist nur dann gegeben, wenn man mit vorurteils¬
1937 3213 3057 3268 losen, völlig der Kunst sich hingebenden Menschen rechnen kann.
1995 3244 3110 3304 Es entspinnen sich im Auschluß an diesen Vortrog längere künst¬
1937 3279 3116 3343 lerische und ästhetische Zwiesprachen zwischen dem Sachverständigen,
1938 3316 3115 3380 dem Professor Brunner den Verteidigern und den Sachver¬
1950 3355 3121 3420 ständigen, Dr. Osborn, Dr. Eloesser, Dr. Alfred Kerr
1943 3398 3109 3455 und dem Staatsenwalt, bei denen die Frage erörtert wird,
1940 3434 3117 3496 ob es etwas so Auffälliges ist, daß ein Dichter ein Werk ursprünglich
1941 3473 3108 3533 nicht als bühnenfähig betrachtet und schließlich anderer Ansicht ge¬
1944 3524 2133 3589 worden ist.
2298 3540 2779 3630 Professor Dr. Köster
1949 3597 3117 3680 von der Universität Leipzig bekundet unter anderem: Er hat das Buch
1953 3655 3124 3710 vor 20 Jahren gelesen und den Eindruck gehabt, daß hier ein Mensch
1952 3685 3122 3749 das Werk sich aus tiefstem Weh von der Seele geschrieben. Ein
1953 3710 3122 3787 Liebesgenuß ohne Eros ist nur ein sexueller Vorgang. Es ist ein
1944 3748 3120 3829 Wehgeschrei des Dichters, der in seinem Werk der Welt einen Spiegel
1944 3795 3116 3863 vorhält und sagt: das. was Ihr für Eros haltet, ist nur ein sexueller
1956 3831 3125 3904 Trieb; es liegt ein Fluch über der Gemeinschaft des Fleisches, wenn
1938 3871 3114 3941 keine Seelengemeinschaft hinzukommt. Der Dichter des „Reigen“
1942 3921 2897 3989 spricht nicht als Prediger, sondern als reiner Künstler.
2006 3949 3123 4018 Dann erhielt Prof. Brunner das Wort. Er gibt in lebhaften
1952 3995 3120 4077 Farben ein Bild von seinem ganzen Entwicklungsgang und sucht die
1946 4098 3129 4186 das hohe C des Sängers oder das silberne Kichern der Operetken¬
2301 4149 3129 4209 Serfen: das Vat#raggehenn brängt zur For¬
1960 4169 2308 4226 ##. Wit andoren
