3336 4320
242 169 758 262 11. Reigen
950 179 1339 271 box 18/1
962 354 1051 409 107
1105 360 1506 432 die undemokra¬
379 365 1520 460 chen, imperialistischen, von Haß und Eigensucht
301 398 1511 509 diktierten neuen Forkerungen der Almiierten. Die
311 431 1502 560 beabsichtigte Versklavung nicht nuy der jetzigen, sondern ##chder
352 472 392 548 82
359 560 1499 666 1O Um den „Reigen.“Adf den vol uns gebrachten
294 583 1488 699 Auszug aus der „Berichtigung“, die Arthur Schnitzler zu dem
310 631 1495 748 Gutachten Hardens im „Aigen'=Prozeß veröfsentlicht, uns
302 674 1487 792 Maximilian Harden folghide Erwiderung: „Niemals d kirgends
294 721 1495 828 habe ich behauptet oder angedeutet. Herr Dr. Schn#t#ler habe Herrn
286 761 1497 872 Max Reinhardt zu Aufführung des „Reigen" „Loerredet“. Mir ist
298 807 1494 914 von Gespräch oder Verhand#g der zwei, Künstler über diesen
284 840 1479 955 Gegenstand nie irgendetwas lkannt geworden. Ebenso wenig habe
292 886 1477 993 ich den Professor Reinhardt s als Gideshelser“ für oder gegen
294 928 1473 1035 Irgendetwas „angerusen“, sonferm###eiem von der Staatlichen Hoch¬
287 970 1474 1075 schule für Musik erbetenen Ghrachten, erwähnt, doß Reinhardt mich
284 1009 1468 1120 in einem Gespräch einmat dach meiner Meinung über öffentliche
287 1052 1470 1160 Aufführung des „Reigendgefragt und daß ich abgeraten habe.
284 1092 1465 1197 Warum? Weil ich, genau wie der Autor der Dialoge nach der
288 1138 1459 1246 Ungabe im „Tageblatt“, solche Aufführung „für ein höchst proble¬
288 1183 1474 1291 natisches Unternehmen“ hielt (und noch halte). Mein Gutachten ist
285 1227 1459 1328 eröffentlicht worden, also Jedem, den's interessiert, zugänglich
286 1271 1465 1372 ind sich glaube mich nicht befugt, von Ihrer Zeitung mehr Raum zu
279 1314 1302 1412 rhikten, als zu Berichtigung zwiefachen Irrens nötig war.“
276 1373 1451 1467 *Wir bringen gern diese Erwiderung, möchten aber hinzusetzen, daß
278 1407 1450 1502 er Passus im Hardenschen Gutachten folgendermaßen lautet: „Der
274 1442 1445 1544 nit der Verantwortlichkeit für ein großes Heer Angestellter bebür¬
264 1483 1445 1596 jete, von der Sorge für den über alles Erwarten hinaus verteuerten
269 1525 1447 1634 tiesenbau des Großen Schauspielhauses bedrückte Künstler Max Rein¬
260 1576 1445 1677 fardt war überredet worden, sich das Aufführungsrecht für seine
268 1610 1442 1716 kammerspielbühne zu sichern („sonst erwirbt es morgen ein
272 1652 1436 1753 nderer").“ Was die Auffassung, als wäre gemeint. Reinhardt sei
262 1699 1442 1810 on Schnitzler überredet worden, zum mindesten erklärlich erscheinen
258 1733 338 1795 äßt.
869 1967 1599 2060 er über den „Reigen“
868 2027 1725 2090 In dem Prozeß der Hochschule für Musik gegen die
1662 2086 1724 2122 als
789 2088 1657 2136 Direktion Eysoldt=Slabet hat Maximilian Harden
802 2116 1643 2162 Gutachter heftige Angriffe gegen Schnitzler zerichtet.
800 2148 1722 2181 „Neuen Wiener Journal“ hat Schnitzler diese Angriffe
801 2175 1034 2216 zurückgewiesen.
1669 2179 1716 2212 die
1031 2170 1631 2223 Wir entnehmen dieser Abwehr
798 2201 1717 2247 Erklärung Schnitzlers über die Beweggründe, die ihn
787 2233 1518 2282 veranlaßt haben, den „Reigen“ freizugeben.
517 2269 1731 2325 Zur endgültigen Aufklärung muß ich mehr um Max Reinhardts
462 2292 1724 2374 ils um meinetwillen in aller Kürze mitteilen, wie meine Szenenreihe
460 2357 1717 2417 Reigen“, dis bekanntlich ursprünglich keineswegs zur Aufführung be¬
459 2396 1719 2444 immt war, mit meiner ausdrücklichen Einwilligung auf die Bühne kam.
527 2433 1720 2485 Nachdem im Laufe der Jahre von einzelnen Schauspielern und
461 2463 1721 2531 Schauspielerinnen, später auch von Theaterdirektoren Anfragen und
446 2504 1716 2578 Antrüge an mich gelangt waren, die von mir durchaus abgelehnt wurden,
456 2549 1722 2606 erbat Max Reinhardt im November 1918 kelegraphisch von mir
443 2587 1732 2644 das Aufführungsrecht des „Reigen.“ für die Kammerspiele. Ich konnte
440 2627 1730 2686 mich zu einer zustimmenden Antwort nicht gleich entschließen, erklärte
440 2665 1727 2727 mich aber freiwillig bereit, Max Reinhardt die Priorität zu wahren,
441 2702 1122 2765 was er dankend zur Kenntnis nahm.
512 2747 1723 2802 Indessen traten immer neue, zum Teil recht erwägenswerte Anträge
447 2790 1717 2840 an mich heran; im Jannar 1919 lud mich der Direktor eines namhaften
447 2830 1698 2879 deutschen Theaters zur bevorstehenden Uraufführung des „Reigen
446 2874 1710 2918 an seiner Bühne ein, so daß mir gerade noch Zeit blieb, die schon für
442 2908 1714 2963 einen besimmten Tag angesetzte Vorstellung zu inhibieren; aus Rußland
439 2947 1720 2999 brachten zurückkehrende Kriegsgefangene die Kunde von Aufführungen
439 2985 1717 3045 des „Reigen“ in einer Anzahl von russischen Städten; und so hatten im
449 3022 1716 3074 Ausland vorerst meine Dialoge ohne mein Dazutun und ohne meine
437 3061 1711 3126 Zustimmung ihre theatralische Laufbahn begonnen. Trotz allen gesetzlich
444 3106 1714 3149 gewährleisteten Schutzes schien es mir nach meinen bisherigen Erfahron¬
439 3146 1709 3197 gen nicht ganz außerhalb aller Möglichkeit zu liegen, daß am Ende auch
444 3180 1724 3234 irgendwo in deutschen Landen eine widerrechtliche Aufführung
442 3215 1716 3273 stattfinden könne (mit einzelnen Szenen war das schon in
447 3252 1718 3308 früheren, rechtsklareren und rechtsbewußleren Zeiten der Fall gewesen):
448 3296 1716 3349 und diese Erwägung war mit ein Grund, daß ich im Frühjahr 1919 bei
447 3331 1698 3389 Max Reinhardt anfragte, ob er eine öffentliche Aufführung des „Reigen
449 3374 1717 3428 noch immer für opportun halte. Er antwortete mir am 19. April 1919:
443 3414 1710 3469 „Ich halte die Aufführung Ihres Werkes künstleriich nicht nur für
440 3450 1716 3500 opportun, sondern für unbedingt wünschenswert. Dabei ist allerdings
441 3484 1712 3545 Voraussetzung, daß bei den Gefahren, die in der Gegenständlichkeit des
432 3523 1706 3577 Stoffes liegen, das Werk in nicht unkünstler'sche und undelikate Hände
434 3566 1713 3611 kommt, die es der Sensationslust eines allzu breiten Publikums aus¬
440 3601 1707 3661 liefern könnten. Ich nehme aber bestimmt an, daß sich die Bedenken
447 3641 1706 3691 durch eine völlig sensationsfreie, rein künstlerische und diskreie Inszente¬
436 3678 1715 3739 gung überwinden lassen.“ Und weiterhin: Je weniger Sie mich zeitlich
452 3717 1709 3778 estlegen, je mehr wächst für mich die Möglichkeit, unfer beider Wünsche
434 3758 1712 3826 nach meiner Regie zu erfüllen. Sie dürfen jedoch in jedem Falle ver¬
1739 1968 2991 2022 sichert sein, daß ich aus den schon wiederholten Gründen mein volle
1747 2012 2916 2062 könstlerisches Interesse Ihrem Werk widmen werde und unbedingt
1753 2047 2943 2121 Sorge trage, daß es auf dem höchsten künstlerischen Niveau her
1828 2107 2972 2179 Auf diese Zusicherungen hin schloß ich mit Max Reinhardt ein
1749 2161 2971 2223 Verkrag, nach welchem der „Reigen bis spälestens 31. Januar 1920
1752 2201 3007 2261 einer seiner Bühnen zur Aufführung kommen sollte. Der Termin wurde
1749 2241 2933 2292 wie das im Theaterleben zuweilen vorkommt, versäumt, eine kurze
1753 2275 2934 2341 hindurch schienen die polltischen Verhältnisse für eine Aufführung
1764 2316 2913 2376 Reigen“ worüber ich mit Reinhardt eines Sinnes war, nicht
1752 2358 2890 2413 günftig zu liegen, und im Frühjahr 1920 drang ein Gerücht zu m
1751 2392 2933 2453 Reinhardt mit einer anderen Berliner Theaterdirektion verhandle
1759 2431 2901 2490 den „Reigen“ in den Kammerspielen zur Auffährung dringen solle.
1739 2471 2893 2526 mein Ersuchen um Aufklärung wurde mir von Reinhardt am 24.
1748 2502 2910 2567 folgende Antwort zukeil: Bezüglich des „Reigen“ möchte ich Ihner
1751 2544 2909 2600 keilen, daß von mehreren Seiten allerdings an mich herangekreten #
1746 2579 2920 2646 ist, das Werk freizugeben. Jede Unterhandlung in der Richtung
1751 2623 2992 2677 vornherein von mir abgelehnt worden. Ich habe niemals daran gebach
1754 2657 2929 2710 dieses Stück einer anderen Bühne zu überlassen. Ich habe immer an
1752 2692 2918 2774 Absicht festgehalten, das Werk selbst zu inszemteren. Daran hal
1748 2729 2032 2783 nichts geändert.“
1810 2777 2976 2843 Ich bedaure, daß es zu dieser Regieleistung Max Reinhardts nic
1755 2814 3010 2881 gekommen ist, bedaure es um so mehr, als es mir kürzlich vergönnk war,
1742 2858 3008 2917 einen Bück in das Regiebuch zu tun, das zu entwerfen er begonnen hatte.
1754 2888 3000 2955 Im Sommer 1920 irat Max Reinhardt bekanntlich von der Leitung seiner
1747 2928 3012 2993 Theater zurück. Felix Holländer, sein Nachfoiger, übernahm mit anderen
1747 2962 2995 3033 Verträgen auch den über den Reigen“, erbak in mündlicher Unterredung
1752 3005 3002 3058 mein Einverständnis, mein Lustspiel Die Schwestern“ in den Kammer¬
1754 3039 2992 3104 svielen und den „Reigen als Ensemblegastspiel des Deutschen Theaters
1754 3079 2982 3146 (wie es im vorigen Jahre mit der „Büchse der Pandora' der Fall g#
1763 3117 2934 3193 esen sei) am Kleinen Schauspielhaus zur Aufführung zu bringen,
1748 3156 2911 3213 unter der Leitung von Frau Eysoldt und Direktor Sladek stehe
1748 3193 2996 3266 Jubeit Reusch, mir auch aus persönlicher Erfahrung als vortrefflicher
1751 3229 2670 3300 Regisseur bekannt, die Inszenierung anzuvertrauen.
2666 3254 2821 3292 *
1818 3266 2970 3334 Im Augenblick, da ich meine Justimmung (zur Reigenaufführun
1742 3302 3000 3369 erteilt habe, Lehe ich in jeder Weise dafür ein und hätte jede Verant¬
1736 3345 2993 3404 wortung selbstverständlich auch dann mit dem größten Vergnügen ge¬
1744 3380 2970 3446 tragen, wenn das Resultat nicht so unwidersprechlich für Max Reinhand
1750 3417 2927 3490 Auffassung zeugle: „daß die Bedenken gegen eine Aufführung
1747 3457 2987 3540 Reigen“ sich durch eine künstlerische und diskrete Inszenierung über¬
1741 3489 2000 3557 winden leßen“
1816 3536 2991 3604 Troßdem bleibt es nach wie vor niemandem verwehrt, im Reigen“
1735 3565 2995 3654 mit Maximilian Harden nichts anderes zu sehen, als eine Reihe „schon
1745 3619 3001 3688 üßlich angesch mmelter, in jedem Sinn unplakonischer Gespräche über
1735 3659 3001 3724 Lust und Leid der Paarung“; jedem stehl es auch weierhin frei, das
1742 3693 3008 3767 Experiment einer „Reigen'-Aufführung, wie ich selbst es so lange Jahre
1745 3734 2995 3797 indurch tat, für problemakisch, ein gelungenes für mißglückt und sogar
1745 3770 3004 3858 ein behördlich approbiertes noch immer für strafwürdig zu erklären: ja,
3042 2287 3126 2333 als
