3392 4256
261 90 358 190 11
959 83 1378 195 box 18/1
452 89 793 218 Reigen
2651 1415 3166 1550 Preis 30 Pfeunig.
1203 1400 1490 1591 DIE
151 1984 3175 2109 den Bürger, Kaufmann, Handelsmann, Handwerker und Gewerbetreibenden jeder Art
740 2087 1946 2166 Direktion: Berlin W. 35. Kurfürstenstraße 148;
1974 2080 3177 2160 Anzeigen: Reklame=Zeile 2,40 Mk., auf der Citelseite 4,00 Mk., im
126 2097 716 2176 öchentlich einmal am Sonnabend.
1130 2147 1541 2203 Telefon: Lützow 7801.
1971 2155 3166 2207 redaktionellen Text 3,20, und je 25 Proz. Teuerungszuschlag. — Kleine
135 2163 714 2228 Jahr 20.— Mik. einschließlich der
746 2169 1938 2259 Redaktion, Expedition: NW 23, Flensburgerstr. 6
1971 2194 3170 2251 Anzeigen: Wort 50 Pfg., Ueberschriftsworte 2.— und 20 Proz. Teu¬
149 2205 710 2278 durch alle Postanstalten, Buch¬
1143 2228 1540 2300 Telefon: Hansa 1006
1972 2232 3178 2311 dungszuschlag. Für jeweilig bis Donnerstag aufgegebene Inserate wird
137 2237 713 2333 tsstellen. — Geschäftsstelle für
2200 2274 2955 2370 Verbindlichkeit der Aufnahme übernommen.
741 2251 1940 2375 Filialen: Flensburgerstr. 6, Mühlenstr. 42, Port. 1.
147 2292 576 2386 Schweidnitz, Wallstr. 2.
2838 2363 3083 2462 Nr. 3
1014 2367 1627 2471 16. Januar 1921
481 2637 558 2726 9
1956 2676 3166 2775 Teilhaber=Gesuche und Angebote, Grundstücks¬
1961 2771 3163 2843 * verkäufe, Vermittlung von Hypotheken
1425 2782 1618 2911 A
116 2783 853 2922 beitaftl
123 2969 953 3090 n
2138 3057 3113 3194 Rte Slätt
1184 3074 1533 3202 Das
1974 3338 3185 3457 Spannung zvischen den zwei Nächtegruppen nicht
741 3375 1954 3464 sammenbruch die Worte nieder, die man den Herren
1976 3425 3183 3505 überwunden ist, denn wir dürfen getroft das arme,
740 3446 1946 3517 in den nationalistischen Redaktionsstuben wie einen
213 3391 593 3568 Europa!
1976 3494 3175 3569 fast noch schwerer als wir geprüfte Deutsch=Oesterreich
743 3498 1950 3572 Haussegen zur läglichen Erinnerung über den Schreib¬
1975 3554 3181 3622 als zu uns gehörig und mit uns verbunden ansehen.
748 3568 1962 3639 lisch hängen sollte: „Nicht weil deutscher 6eist
165 3536 723 3646 Reußerung des dahin¬
1979 3614 3174 3682 Bleibt der deutsch=französische Gegensatz in unvermin¬
750 3618 1949 3690 versagt hätte, haben wir die grau¬
126 3620 724 3698 tweg wird erst jetzt nach
1981 3663 3180 3739 derter Stärke bestehen und gelingt es England nicht,
769 3679 1957 3760 samen Waffenstillstandsbedingungen
124 3683 727 3754 ierkenswert deshalb, weil
1974 3727 3184 3805 hier mildernd und mäßigend einzugreifen und auf
759 3736 1962 3807 annehmen müssen, sondern weil nach
133 3740 728 3821 s auforitativem Munde je¬
1973 3788 3179 3859 eine bessere Beziehung hinzuwirken, dann behält
750 3796 1945 3867 dem Zusammenbruch unserer Bundes¬
119 3803 732 3886 egengetreten wird, die, um
1987 3841 3168 3920 letzten Endes doch das Spenglersche Buch vom Unter¬
752 3853 1948 3932 genassen weiterer Widerstand gegen
127 3862 722 3941 d Verantwortung reinzu¬
1972 3898 3179 3991 gang des Abendlandes recht, dann gute Nacht, Europa!
749 3912 1948 3989 eine zermalmende Uebermacht einfach
120 3919 729 4001 dem Märchen vom =Dosch¬
2093 3962 3180 4022 Das kommunistische Treiben in Flensburg, das
757 3975 1479 4073 aussichtslos wär.“ — —
220 3972 732 4072 Hier hören wir einen,
1982 4016 3177 4085 leider zu blutigen Zusammenstößen geführt hat, der
870 3988 1961 4098 Da habt Ihr die Aussage und das Zeugnis eines
125 4033 746 4113 , der ganz oben fland, in
1992 4075 3175 4135 jängste kommngisticche Skachal in unserem Rathäufe.
1826 4081 1949 4156 Sl
1194 4098 1322 4184 G
