<?xml version="1.0" encoding="UTF-8" standalone="yes"?>
<PcGts xmlns="http://schema.primaresearch.org/PAGE/gts/pagecontent/2013-07-15" xmlns:xsi="http://www.w3.org/2001/XMLSchema-instance" xsi:schemaLocation="http://schema.primaresearch.org/PAGE/gts/pagecontent/2013-07-15 http://schema.primaresearch.org/PAGE/gts/pagecontent/2013-07-15/pagecontent.xsd">
    <Metadata>
        <Creator>prov=University of Rostock/Institute of Mathematics/CITlab/Gundram Leifert/gundram.leifert@uni-rostock.de:name=ONB_Newseye_GT_M1+(htr_id=10810)::::v=2.4.3
prov=University of Rostock/Institute of Mathematics/CITlab/Tobias Gruening/tobias.gruening@uni-rostock.de:name=de.uros.citlab.module.baseline2polygon.B2PSeamMultiOriented:v=2.4.3
prov=University of Rostock/Institute of Mathematics/CITlab/Tobias Gruening/tobias.gruening@uni-rostock.de:name=/net_tf/LA73_249_0mod360.pb:de.uros.citlab.segmentation.CITlab_LA_ML:v=2.4.3
Transkribus</Creator>
        <Created>2019-10-07T11:41:43.328+02:00</Created>
        <LastChange>2019-12-05T01:30:04.471+01:00</LastChange>
        <TranskribusMetadata docId="223982" pageId="9505604" pageNr="962" tsid="20421412" status="IN_PROGRESS" userId="40391" imgUrl="https://files.transkribus.eu/Get?id=JYVZOWYSMKSVSCTCXPSYCMTE&amp;fileType=view" xmlUrl="https://files.transkribus.eu/Get?id=CVISFWZXJKNVGKVEINOVNEYT" imageId="6195818"/>
    </Metadata>
    <Page imageFilename="223982_0962.jpeg" imageWidth="3436" imageHeight="4256">
        <ReadingOrder>
            <OrderedGroup id="ro_1711448766585" caption="Regions reading order">
                <RegionRefIndexed index="0" regionRef="r1"/>
                <RegionRefIndexed index="1" regionRef="r2"/>
                <RegionRefIndexed index="2" regionRef="r3"/>
                <RegionRefIndexed index="3" regionRef="r4"/>
            </OrderedGroup>
        </ReadingOrder>
        <TextRegion orientation="0.0" id="r1" custom="readingOrder {index:0;}">
            <Coords points="287,93 287,245 355,245 355,93"/>
            <TextLine id="r1l1" custom="readingOrder {index:0;}">
                <Coords points="279,211 288,209 312,214 318,209 337,208 340,211 353,203 362,203 362,138 337,142 315,132 310,137 298,138 292,144 279,144"/>
                <Baseline points="287,195 321,193 355,195"/>
                <TextEquiv>
                    <Unicode>11</Unicode>
                </TextEquiv>
            </TextLine>
            <TextEquiv>
                <Unicode>11</Unicode>
            </TextEquiv>
        </TextRegion>
        <TextRegion orientation="0.0" id="r2" custom="readingOrder {index:1;}">
            <Coords points="484,108 484,264 791,264 791,108"/>
            <TextLine id="r2l1" custom="readingOrder {index:0;}">
                <Coords points="477,232 590,216 636,222 655,239 679,218 799,227 800,151 739,147 685,162 663,148 629,160 478,145"/>
                <Baseline points="484,208 509,209 535,210 560,210 586,210 611,210 637,210 663,210 688,210 714,211 739,211 765,212 791,214"/>
                <TextEquiv>
                    <Unicode>Reigen</Unicode>
                </TextEquiv>
            </TextLine>
            <TextEquiv>
                <Unicode>Reigen</Unicode>
            </TextEquiv>
        </TextRegion>
        <TextRegion orientation="0.0" id="r3" custom="readingOrder {index:2;}">
            <Coords points="663,173 663,3368 1870,3368 1870,173"/>
            <TextLine id="r3l1" custom="readingOrder {index:0;}">
                <Coords points="983,206 1118,210 1159,195 1263,227 1331,205 1391,209 1391,152 1324,134 1303,147 1208,133 1146,164 1091,140 1033,159 983,132"/>
                <Baseline points="990,195 1016,196 1042,197 1068,197 1094,198 1121,198 1147,199 1173,199 1199,199 1225,199 1252,199 1278,199 1304,199 1330,198 1356,198 1383,198"/>
                <TextEquiv>
                    <Unicode>box 18/2</Unicode>
                </TextEquiv>
            </TextLine>
            <TextLine id="r3l2" custom="readingOrder {index:1;}">
                <Coords points="749,1249 767,1247 803,1271 866,1257 894,1266 933,1253 1003,1272 1006,1214 949,1194 920,1202 862,1180 806,1194 774,1176 752,1181"/>
                <Baseline points="756,1241 782,1242 809,1242 836,1243 862,1244 889,1245 916,1246 942,1247 969,1250 996,1253"/>
                <TextEquiv>
                    <Unicode>Deutsche</Unicode>
                </TextEquiv>
            </TextLine>
            <TextLine id="r3l3" custom="readingOrder {index:2;}">
                <Coords points="1291,1292 1321,1301 1340,1287 1370,1286 1395,1311 1410,1307 1417,1314 1437,1303 1457,1312 1479,1301 1484,1238 1460,1241 1440,1222 1418,1220 1353,1238 1317,1218 1296,1220"/>
                <Baseline points="1300,1275 1328,1277 1357,1279 1386,1281 1414,1284 1443,1286 1472,1287"/>
                <TextEquiv>
                    <Unicode>Borlin.</Unicode>
                </TextEquiv>
            </TextLine>
            <TextLine id="r3l4" custom="readingOrder {index:3;}">
                <Coords points="993,1544 1115,1538 1223,1510 1275,1520 1323,1487 1367,1480 1359,1414 1165,1449 1130,1444 1093,1463 1019,1457 983,1469"/>
                <Baseline points="997,1522 1022,1520 1048,1518 1074,1516 1100,1513 1126,1511 1152,1508 1178,1505 1203,1501 1229,1498 1255,1494 1281,1489 1307,1485 1333,1481 1359,1475"/>
                <TextEquiv>
                    <Unicode>6 = JUII. 8</Unicode>
                </TextEquiv>
            </TextLine>
            <TextLine id="r3l5" custom="readingOrder {index:4;}">
                <Coords points="696,1722 1723,1730 1861,1721 1861,1672 696,1674"/>
                <Baseline points="704,1713 761,1714 819,1715 876,1716 934,1717 991,1717 1049,1717 1106,1717 1164,1717 1221,1717 1279,1717 1336,1717 1394,1716 1451,1716 1509,1716 1566,1715 1624,1715 1681,1715 1739,1714 1796,1714 1854,1714"/>
                <TextEquiv>
                    <Unicode>" Verklungener Reigen. Herr Maximilian Sladek, der mit dem</Unicode>
                </TextEquiv>
            </TextLine>
            <TextLine id="r3l6" custom="readingOrder {index:5;}">
                <Coords points="665,1774 1864,1766 1848,1717 665,1714"/>
                <Baseline points="673,1762 732,1762 791,1762 850,1761 909,1761 969,1761 1028,1761 1087,1761 1146,1761 1205,1762 1265,1762 1324,1762 1383,1762 1442,1762 1501,1762 1561,1762 1620,1761 1679,1761 1738,1760 1797,1759 1857,1758"/>
                <TextEquiv>
                    <Unicode>„Reigen“ Schnitzleks-ein so außerordentlich gutes Geschäft gemacht</Unicode>
                </TextEquiv>
            </TextLine>
            <TextLine id="r3l7" custom="readingOrder {index:6;}">
                <Coords points="671,1815 1780,1816 1865,1812 1865,1772 670,1773"/>
                <Baseline points="678,1807 740,1806 802,1806 864,1806 926,1806 988,1806 1050,1806 1112,1806 1174,1805 1236,1805 1298,1805 1360,1805 1422,1805 1484,1805 1546,1805 1608,1804 1670,1804 1732,1804 1794,1804 1857,1803"/>
                <TextEquiv>
                    <Unicode>hat, beschwert sich bitter darüber, daß ihm die Räume des Kleinen</Unicode>
                </TextEquiv>
            </TextLine>
            <TextLine id="r3l8" custom="readingOrder {index:7;}">
                <Coords points="676,1858 1859,1863 1858,1808 1821,1805 676,1816"/>
                <Baseline points="684,1852 742,1851 800,1851 859,1851 917,1851 975,1851 1034,1851 1092,1851 1150,1851 1209,1851 1267,1851 1325,1851 1384,1851 1442,1851 1500,1851 1559,1851 1617,1850 1675,1850 1734,1849 1792,1848 1851,1847"/>
                <TextEquiv>
                    <Unicode>Schauspielhauses nicht mehr zur Verfügung stehen. Bekanntlich</Unicode>
                </TextEquiv>
            </TextLine>
            <TextLine id="r3l9" custom="readingOrder {index:8;}">
                <Coords points="672,1915 1842,1907 1855,1862 672,1866"/>
                <Baseline points="679,1896 737,1896 795,1896 854,1896 912,1896 971,1896 1029,1896 1087,1896 1146,1896 1204,1895 1263,1895 1321,1895 1379,1895 1438,1895 1496,1895 1555,1894 1613,1894 1671,1894 1730,1893 1788,1892 1847,1892"/>
                <TextEquiv>
                    <Unicode>gehört der Theatersaal, in dem in den letzten Jahren so groß¬</Unicode>
                </TextEquiv>
            </TextLine>
            <TextLine id="r3l10" custom="readingOrder {index:9;}">
                <Coords points="672,1948 1812,1952 1865,1944 1865,1907 672,1915"/>
                <Baseline points="679,1940 737,1940 796,1940 855,1940 914,1940 973,1940 1032,1940 1091,1940 1150,1940 1209,1940 1268,1940 1326,1940 1385,1940 1444,1940 1503,1939 1562,1939 1621,1938 1680,1938 1739,1937 1798,1936 1857,1935"/>
                <TextEquiv>
                    <Unicode>artige deutsche Bühnenkunst gezeigt worden ist, der Staatlichen</Unicode>
                </TextEquiv>
            </TextLine>
            <TextLine id="r3l11" custom="readingOrder {index:10;}">
                <Coords points="676,1995 1841,1995 1860,1942 676,1947"/>
                <Baseline points="683,1986 741,1986 799,1985 858,1985 916,1985 975,1985 1033,1985 1092,1985 1150,1985 1209,1985 1267,1985 1325,1985 1384,1985 1442,1985 1501,1984 1559,1984 1618,1983 1676,1983 1735,1982 1793,1981 1852,1980"/>
                <TextEquiv>
                    <Unicode>Hochschule für Musik. Ihr mit Herrn Sladek und Frau Eysoldt ge¬</Unicode>
                </TextEquiv>
            </TextLine>
            <TextLine id="r3l12" custom="readingOrder {index:11;}">
                <Coords points="662,2053 1862,2040 1862,1984 662,1983"/>
                <Baseline points="669,2029 728,2029 787,2029 846,2029 906,2029 965,2029 1024,2029 1084,2029 1143,2029 1202,2029 1262,2029 1321,2029 1380,2029 1439,2029 1499,2028 1558,2028 1617,2027 1677,2027 1736,2026 1795,2025 1855,2024"/>
                <TextEquiv>
                    <Unicode>schlossener Vertrag ist vor kurzem abgelaufen; die Hochschule hat</Unicode>
                </TextEquiv>
            </TextLine>
            <TextLine id="r3l13" custom="readingOrder {index:12;}">
                <Coords points="655,2067 1850,2079 1823,2035 655,2036"/>
                <Baseline points="663,2075 725,2075 787,2074 849,2074 911,2074 973,2074 1035,2074 1097,2074 1159,2074 1221,2073 1283,2073 1345,2073 1407,2073 1469,2073 1531,2072 1593,2071 1655,2071 1717,2070 1779,2069 1842,2068"/>
                <TextEquiv>
                    <Unicode>Haraufhin von Herrn Sladek die Räumung des Theaters per</Unicode>
                </TextEquiv>
            </TextLine>
            <TextLine id="r3l14" custom="readingOrder {index:13;}">
                <Coords points="668,2127 1840,2127 1859,2078 668,2080"/>
                <Baseline points="675,2121 733,2120 792,2120 851,2119 910,2119 969,2119 1028,2119 1086,2118 1145,2118 1204,2118 1263,2118 1322,2118 1381,2118 1440,2118 1498,2117 1557,2117 1616,2116 1675,2116 1734,2115 1793,2114 1852,2112"/>
                <TextEquiv>
                    <Unicode>klangt. Auf eine Weigerung Sladeks, der offenbar das gute Ge¬</Unicode>
                </TextEquiv>
            </TextLine>
            <TextLine id="r3l15" custom="readingOrder {index:14;}">
                <Coords points="661,2180 1851,2163 1814,2122 661,2124"/>
                <Baseline points="669,2164 727,2164 786,2164 845,2164 904,2163 962,2163 1021,2163 1080,2163 1139,2163 1197,2163 1256,2163 1315,2163 1374,2162 1432,2162 1491,2162 1550,2162 1609,2161 1667,2161 1726,2160 1785,2159 1844,2158"/>
                <TextEquiv>
                    <Unicode>schäft nicht schießen lassen wollte, hat das Landgericht I sprechen</Unicode>
                </TextEquiv>
            </TextLine>
            <TextLine id="r3l16" custom="readingOrder {index:15;}">
                <Coords points="674,2215 1838,2218 1861,2167 674,2181"/>
                <Baseline points="681,2208 739,2208 798,2209 856,2209 915,2208 974,2208 1032,2208 1091,2208 1150,2208 1208,2207 1267,2207 1326,2207 1384,2206 1443,2206 1502,2206 1560,2205 1619,2205 1678,2204 1736,2204 1795,2203 1854,2203"/>
                <TextEquiv>
                    <Unicode>müssen und gegen ihn entschieden. Wir sehen die Firma Sladek¬</Unicode>
                </TextEquiv>
            </TextLine>
            <TextLine id="r3l17" custom="readingOrder {index:16;}">
                <Coords points="672,2263 1823,2260 1850,2212 672,2217"/>
                <Baseline points="679,2251 737,2251 795,2251 853,2252 911,2252 970,2252 1028,2252 1086,2252 1144,2252 1202,2252 1261,2252 1319,2251 1377,2251 1435,2251 1493,2251 1552,2250 1610,2250 1668,2250 1726,2249 1784,2249 1843,2248"/>
                <TextEquiv>
                    <Unicode>Eysoldt ohne Kummer ziehen. Abgesehen davon, daß sie mit den</Unicode>
                </TextEquiv>
            </TextLine>
            <TextLine id="r3l18" custom="readingOrder {index:17;}">
                <Coords points="670,2310 1809,2304 1852,2256 670,2264"/>
                <Baseline points="677,2298 735,2297 793,2297 852,2297 910,2296 969,2296 1027,2296 1085,2296 1144,2296 1202,2296 1261,2297 1319,2297 1377,2297 1436,2297 1494,2296 1553,2296 1611,2295 1669,2295 1728,2294 1786,2293 1845,2291"/>
                <TextEquiv>
                    <Unicode>„Reigen“=Skandal Berlin wochenlang aufregte und tausende von</Unicode>
                </TextEquiv>
            </TextLine>
            <TextLine id="r3l19" custom="readingOrder {index:18;}">
                <Coords points="673,2346 1814,2354 1855,2350 1855,2295 673,2309"/>
                <Baseline points="680,2342 738,2341 796,2341 855,2341 913,2341 972,2341 1030,2341 1088,2341 1147,2341 1205,2341 1264,2341 1322,2341 1380,2341 1439,2340 1497,2340 1556,2340 1614,2339 1672,2338 1731,2338 1789,2337 1848,2336"/>
                <TextEquiv>
                    <Unicode>betrogenen Narren in ihr Haus lockte, hat sie nichts Belangreiches</Unicode>
                </TextEquiv>
            </TextLine>
            <TextLine id="r3l20" custom="readingOrder {index:19;}">
                <Coords points="678,2403 1859,2398 1858,2346 1786,2341 677,2347"/>
                <Baseline points="685,2388 743,2387 801,2386 859,2386 918,2385 976,2385 1034,2385 1093,2385 1151,2385 1209,2385 1268,2386 1326,2386 1384,2386 1442,2386 1501,2385 1559,2385 1617,2385 1676,2384 1734,2383 1792,2382 1851,2381"/>
                <TextEquiv>
                    <Unicode>geleistet. Deshalb ist es uns auch ganz unmöglich, in die Jam¬</Unicode>
                </TextEquiv>
            </TextLine>
            <TextLine id="r3l21" custom="readingOrder {index:20;}">
                <Coords points="676,2437 1781,2444 1860,2436 1860,2394 676,2400"/>
                <Baseline points="683,2430 741,2430 800,2430 858,2429 917,2429 975,2429 1034,2429 1092,2429 1151,2429 1209,2429 1268,2429 1326,2429 1385,2429 1443,2428 1502,2428 1560,2428 1619,2427 1677,2427 1736,2426 1794,2426 1853,2425"/>
                <TextEquiv>
                    <Unicode>merrufe einiger Berliner Blätter einzustimmen, und wir nehmen</Unicode>
                </TextEquiv>
            </TextLine>
            <TextLine id="r3l22" custom="readingOrder {index:21;}">
                <Coords points="679,2480 1762,2491 1872,2482 1872,2430 679,2437"/>
                <Baseline points="687,2473 745,2474 804,2474 863,2474 922,2474 981,2474 1040,2474 1099,2474 1158,2474 1217,2474 1276,2474 1334,2474 1393,2474 1452,2474 1511,2473 1570,2473 1629,2473 1688,2473 1747,2472 1806,2472 1865,2472"/>
                <TextEquiv>
                    <Unicode>keinen Anstand, der Staatlichen Hochschule für Musik, die sich gegen</Unicode>
                </TextEquiv>
            </TextLine>
            <TextLine id="r3l23" custom="readingOrder {index:22;}">
                <Coords points="669,2533 1868,2542 1855,2479 669,2479"/>
                <Baseline points="676,2519 735,2519 794,2519 853,2519 912,2519 972,2519 1031,2519 1090,2519 1149,2519 1208,2519 1268,2519 1327,2518 1386,2518 1445,2518 1504,2518 1564,2518 1623,2518 1682,2517 1741,2517 1800,2516 1860,2516"/>
                <TextEquiv>
                    <Unicode>Sladeks Angriffe in der Presso verteidigt, hier für einige Sätze</Unicode>
                </TextEquiv>
            </TextLine>
            <TextLine id="r3l24" custom="readingOrder {index:23;}">
                <Coords points="785,2644 1864,2644 1877,2577 785,2592"/>
                <Baseline points="792,2635 845,2635 899,2636 953,2636 1007,2636 1061,2636 1115,2636 1169,2636 1223,2636 1277,2635 1331,2635 1384,2635 1438,2635 1492,2634 1546,2634 1600,2634 1654,2634 1708,2634 1762,2634 1816,2634 1870,2634"/>
                <TextEquiv>
                    <Unicode>Der Theatersaal ist für Unterrichtszwecke der</Unicode>
                </TextEquiv>
            </TextLine>
            <TextLine id="r3l25" custom="readingOrder {index:24;}">
                <Coords points="706,2682 1871,2674 1776,2632 706,2634"/>
                <Baseline points="713,2678 770,2677 828,2676 885,2676 943,2676 1000,2675 1058,2675 1115,2675 1173,2675 1230,2675 1288,2675 1345,2674 1403,2674 1460,2674 1518,2674 1575,2674 1633,2674 1690,2674 1748,2673 1805,2673 1863,2673"/>
                <TextEquiv>
                    <Unicode>Hochschule gebaut worden, und die Verpachtung konnte</Unicode>
                </TextEquiv>
            </TextLine>
            <TextLine id="r3l26" custom="readingOrder {index:25;}">
                <Coords points="708,2723 1775,2734 1871,2720 1871,2673 708,2681"/>
                <Baseline points="715,2715 772,2715 829,2715 887,2715 944,2715 1002,2715 1059,2715 1117,2715 1174,2715 1232,2715 1289,2715 1346,2714 1404,2714 1461,2714 1519,2714 1576,2714 1634,2714 1691,2713 1749,2713 1806,2713 1864,2712"/>
                <TextEquiv>
                    <Unicode>nur in früheren Jahren erfolgen, als die Nachwirkungen</Unicode>
                </TextEquiv>
            </TextLine>
            <TextLine id="r3l27" custom="readingOrder {index:26;}">
                <Coords points="717,2765 1848,2761 1863,2716 717,2722"/>
                <Baseline points="725,2755 781,2754 838,2754 894,2754 951,2754 1007,2754 1064,2754 1120,2754 1177,2754 1233,2754 1290,2754 1347,2753 1403,2753 1460,2753 1516,2753 1573,2752 1629,2752 1686,2752 1742,2751 1799,2750 1856,2750"/>
                <TextEquiv>
                    <Unicode>des Krieges den Unterricht einschränkten. Seit</Unicode>
                </TextEquiv>
            </TextLine>
            <TextLine id="r3l28" custom="readingOrder {index:27;}">
                <Coords points="707,2806 1799,2808 1867,2798 1867,2756 707,2765"/>
                <Baseline points="715,2794 772,2794 829,2794 886,2794 944,2793 1001,2793 1058,2793 1115,2793 1173,2793 1230,2793 1287,2792 1344,2792 1402,2792 1459,2792 1516,2792 1573,2791 1631,2791 1688,2791 1745,2791 1802,2790 1860,2790"/>
                <TextEquiv>
                    <Unicode>1920 ist aber die Hochschule wesentlich verbreitert und vergrößert</Unicode>
                </TextEquiv>
            </TextLine>
            <TextLine id="r3l29" custom="readingOrder {index:28;}">
                <Coords points="715,2840 1866,2839 1875,2799 715,2806"/>
                <Baseline points="722,2834 779,2834 836,2834 893,2834 951,2834 1008,2834 1065,2834 1123,2834 1180,2833 1237,2833 1295,2833 1352,2833 1409,2832 1466,2832 1524,2832 1581,2832 1638,2831 1696,2831 1753,2831 1810,2831 1868,2830"/>
                <TextEquiv>
                    <Unicode>worden, so daß sie einen ganz erheblichen Zuwachs an</Unicode>
                </TextEquiv>
            </TextLine>
            <TextLine id="r3l30" custom="readingOrder {index:29;}">
                <Coords points="710,2888 1876,2866 1802,2829 710,2838"/>
                <Baseline points="717,2873 774,2873 832,2873 889,2873 947,2872 1004,2872 1062,2872 1119,2872 1177,2872 1234,2872 1292,2871 1350,2871 1407,2871 1465,2871 1522,2871 1580,2871 1637,2871 1695,2870 1752,2870 1810,2870 1868,2870"/>
                <TextEquiv>
                    <Unicode>Studierenden und Lehrkräften zu verzeichnen hat. Vor allem ist</Unicode>
                </TextEquiv>
            </TextLine>
            <TextLine id="r3l31" custom="readingOrder {index:30;}">
                <Coords points="718,2920 1799,2923 1861,2914 1861,2878 718,2880"/>
                <Baseline points="726,2914 782,2913 838,2913 895,2912 951,2912 1008,2912 1064,2911 1120,2911 1177,2911 1233,2911 1290,2911 1346,2910 1402,2910 1459,2910 1515,2910 1572,2910 1628,2909 1684,2909 1741,2909 1797,2909 1854,2908"/>
                <TextEquiv>
                    <Unicode>eine Opernschule unter Leitung von Professor Dr. Hörth neu</Unicode>
                </TextEquiv>
            </TextLine>
            <TextLine id="r3l32" custom="readingOrder {index:31;}">
                <Coords points="721,2957 1864,2951 1825,2910 721,2925"/>
                <Baseline points="729,2953 785,2952 841,2952 898,2952 954,2951 1010,2951 1067,2951 1123,2951 1179,2950 1236,2950 1292,2950 1348,2950 1405,2950 1461,2950 1517,2949 1574,2949 1630,2949 1686,2949 1743,2948 1799,2948 1856,2947"/>
                <TextEquiv>
                    <Unicode>eingerichtet worden, die in ständigem Wachsen begrifsen ist. Es</Unicode>
                </TextEquiv>
            </TextLine>
            <TextLine id="r3l33" custom="readingOrder {index:32;}">
                <Coords points="707,2994 1862,2988 1805,2948 707,2958"/>
                <Baseline points="714,2993 771,2992 828,2992 885,2992 942,2991 999,2991 1056,2991 1113,2990 1170,2990 1227,2990 1284,2989 1341,2989 1398,2989 1455,2988 1512,2988 1569,2988 1626,2987 1683,2986 1740,2986 1797,2985 1854,2984"/>
                <TextEquiv>
                    <Unicode>ist zwingende Notwendigkeit, diesen Studie¬</Unicode>
                </TextEquiv>
            </TextLine>
            <TextLine id="r3l34" custom="readingOrder {index:33;}">
                <Coords points="708,3035 1850,3035 1862,2987 707,2998"/>
                <Baseline points="715,3031 772,3031 829,3031 886,3031 943,3030 1000,3030 1057,3030 1114,3030 1171,3029 1228,3029 1285,3029 1342,3028 1399,3028 1456,3028 1513,3027 1570,3027 1627,3027 1684,3026 1741,3026 1798,3026 1855,3025"/>
                <TextEquiv>
                    <Unicode>renden Gelegenheit zu geben, auf einer Probier¬</Unicode>
                </TextEquiv>
            </TextLine>
            <TextLine id="r3l35" custom="readingOrder {index:34;}">
                <Coords points="710,3086 1862,3075 1839,3028 710,3035"/>
                <Baseline points="718,3071 774,3070 831,3070 888,3070 945,3069 1002,3069 1058,3069 1115,3068 1172,3068 1229,3068 1286,3067 1342,3067 1399,3067 1456,3067 1513,3066 1570,3066 1626,3066 1683,3066 1740,3065 1797,3065 1854,3065"/>
                <TextEquiv>
                    <Unicode>bühne aufzutreten. Durch die Verpachtung war die Hochschule</Unicode>
                </TextEquiv>
            </TextLine>
            <TextLine id="r3l36" custom="readingOrder {index:35;}">
                <Coords points="716,3122 1817,3116 1852,3074 716,3082"/>
                <Baseline points="724,3112 780,3111 836,3111 892,3110 948,3110 1004,3109 1060,3109 1116,3108 1172,3108 1228,3108 1284,3108 1340,3107 1396,3107 1452,3107 1508,3107 1564,3106 1620,3106 1676,3106 1732,3105 1788,3105 1845,3104"/>
                <TextEquiv>
                    <Unicode>aber gezwungen, ihre Aufführungen auf ein Mini¬</Unicode>
                </TextEquiv>
            </TextLine>
            <TextLine id="r3l37" custom="readingOrder {index:36;}">
                <Coords points="714,3155 1855,3157 1855,3108 714,3121"/>
                <Baseline points="722,3150 778,3150 834,3149 890,3149 947,3149 1003,3148 1059,3148 1116,3148 1172,3147 1228,3147 1285,3147 1341,3146 1397,3146 1453,3146 1510,3146 1566,3145 1622,3145 1679,3145 1735,3145 1791,3144 1848,3144"/>
                <TextEquiv>
                    <Unicode>mum einzuschränken und da während der ganzer</Unicode>
                </TextEquiv>
            </TextLine>
            <TextLine id="r3l38" custom="readingOrder {index:37;}">
                <Coords points="707,3194 1822,3194 1854,3151 707,3160"/>
                <Baseline points="714,3191 770,3190 827,3189 883,3189 940,3188 997,3187 1053,3187 1110,3187 1166,3187 1223,3187 1280,3187 1336,3186 1393,3186 1449,3186 1506,3186 1563,3186 1619,3185 1676,3185 1732,3185 1789,3184 1846,3183"/>
                <TextEquiv>
                    <Unicode>Dauer des Vortrages nur 8 Abende der Hochschule zur Ver</Unicode>
                </TextEquiv>
            </TextLine>
            <TextLine id="r3l39" custom="readingOrder {index:38;}">
                <Coords points="718,3236 1846,3226 1845,3193 1776,3185 718,3194"/>
                <Baseline points="726,3231 781,3230 837,3229 892,3229 948,3228 1004,3228 1059,3227 1115,3227 1170,3227 1226,3226 1282,3226 1337,3226 1393,3226 1448,3225 1504,3225 1560,3225 1615,3224 1671,3224 1726,3224 1782,3223 1838,3222"/>
                <TextEquiv>
                    <Unicode>fügung standen, konnten viele einstudierte Oper</Unicode>
                </TextEquiv>
            </TextLine>
            <TextLine id="r3l40" custom="readingOrder {index:39;}">
                <Coords points="708,3275 1851,3271 1832,3223 708,3245"/>
                <Baseline points="716,3269 772,3269 828,3268 885,3268 941,3268 997,3267 1054,3267 1110,3267 1166,3267 1223,3266 1279,3266 1335,3265 1392,3265 1448,3264 1504,3264 1561,3263 1617,3262 1673,3262 1730,3261 1786,3260 1843,3259"/>
                <TextEquiv>
                    <Unicode>uberhaupt nicht herausgebracht werden, obwoh</Unicode>
                </TextEquiv>
            </TextLine>
            <TextLine id="r3l41" custom="readingOrder {index:40;}">
                <Coords points="716,3322 1864,3319 1864,3268 716,3274"/>
                <Baseline points="723,3307 779,3307 836,3307 893,3307 949,3307 1006,3307 1063,3306 1119,3306 1176,3306 1233,3306 1290,3305 1346,3305 1403,3305 1460,3304 1516,3304 1573,3303 1630,3303 1686,3302 1743,3301 1800,3300 1857,3299"/>
                <TextEquiv>
                    <Unicode>die Hochschule in der Lage ist, fast wöchentlich Opernszenen oder</Unicode>
                </TextEquiv>
            </TextLine>
            <TextLine id="r3l42" custom="readingOrder {index:41;}">
                <Coords points="704,3376 802,3355 836,3374 892,3352 945,3382 1023,3358 1213,3366 1249,3352 1234,3310 703,3314"/>
                <Baseline points="712,3358 738,3355 764,3353 791,3351 817,3350 844,3348 870,3347 897,3346 923,3345 950,3345 976,3345 1002,3344 1029,3344 1055,3344 1082,3344 1108,3344 1135,3344 1161,3344 1188,3344 1214,3344 1241,3343"/>
                <TextEquiv>
                    <Unicode>ganze Opern herauszustellen.</Unicode>
                </TextEquiv>
            </TextLine>
            <TextEquiv>
                <Unicode>box 18/2
Deutsche
Borlin.
6 = JUII. 8
" Verklungener Reigen. Herr Maximilian Sladek, der mit dem
„Reigen“ Schnitzleks-ein so außerordentlich gutes Geschäft gemacht
hat, beschwert sich bitter darüber, daß ihm die Räume des Kleinen
Schauspielhauses nicht mehr zur Verfügung stehen. Bekanntlich
gehört der Theatersaal, in dem in den letzten Jahren so groß¬
artige deutsche Bühnenkunst gezeigt worden ist, der Staatlichen
Hochschule für Musik. Ihr mit Herrn Sladek und Frau Eysoldt ge¬
schlossener Vertrag ist vor kurzem abgelaufen; die Hochschule hat
Haraufhin von Herrn Sladek die Räumung des Theaters per
klangt. Auf eine Weigerung Sladeks, der offenbar das gute Ge¬
schäft nicht schießen lassen wollte, hat das Landgericht I sprechen
müssen und gegen ihn entschieden. Wir sehen die Firma Sladek¬
Eysoldt ohne Kummer ziehen. Abgesehen davon, daß sie mit den
„Reigen“=Skandal Berlin wochenlang aufregte und tausende von
betrogenen Narren in ihr Haus lockte, hat sie nichts Belangreiches
geleistet. Deshalb ist es uns auch ganz unmöglich, in die Jam¬
merrufe einiger Berliner Blätter einzustimmen, und wir nehmen
keinen Anstand, der Staatlichen Hochschule für Musik, die sich gegen
Sladeks Angriffe in der Presso verteidigt, hier für einige Sätze
Der Theatersaal ist für Unterrichtszwecke der
Hochschule gebaut worden, und die Verpachtung konnte
nur in früheren Jahren erfolgen, als die Nachwirkungen
des Krieges den Unterricht einschränkten. Seit
1920 ist aber die Hochschule wesentlich verbreitert und vergrößert
worden, so daß sie einen ganz erheblichen Zuwachs an
Studierenden und Lehrkräften zu verzeichnen hat. Vor allem ist
eine Opernschule unter Leitung von Professor Dr. Hörth neu
eingerichtet worden, die in ständigem Wachsen begrifsen ist. Es
ist zwingende Notwendigkeit, diesen Studie¬
renden Gelegenheit zu geben, auf einer Probier¬
bühne aufzutreten. Durch die Verpachtung war die Hochschule
aber gezwungen, ihre Aufführungen auf ein Mini¬
mum einzuschränken und da während der ganzer
Dauer des Vortrages nur 8 Abende der Hochschule zur Ver
fügung standen, konnten viele einstudierte Oper
uberhaupt nicht herausgebracht werden, obwoh
die Hochschule in der Lage ist, fast wöchentlich Opernszenen oder
ganze Opern herauszustellen.</Unicode>
            </TextEquiv>
        </TextRegion>
        <TextRegion orientation="0.0" id="r4" custom="readingOrder {index:3;}">
            <Coords points="1891,1367 1891,2303 3075,2303 3075,1367"/>
            <TextLine id="r4l1" custom="readingOrder {index:0;}">
                <Coords points="1985,1399 3081,1391 3037,1348 1985,1353"/>
                <Baseline points="1992,1387 2046,1388 2100,1388 2154,1389 2208,1389 2262,1390 2316,1390 2370,1390 2424,1390 2478,1390 2533,1389 2587,1389 2641,1389 2695,1389 2749,1388 2803,1388 2857,1388 2911,1387 2965,1387 3019,1387 3074,1387"/>
                <TextEquiv>
                    <Unicode>Die Notwendigkeit, dem künstlerischen Nach¬</Unicode>
                </TextEquiv>
            </TextLine>
            <TextLine id="r4l2" custom="readingOrder {index:1;}">
                <Coords points="1922,1431 3075,1438 3075,1398 3011,1387 1922,1385"/>
                <Baseline points="1929,1427 1985,1427 2042,1428 2099,1429 2156,1429 2213,1429 2270,1429 2327,1429 2384,1429 2441,1429 2498,1428 2554,1428 2611,1428 2668,1428 2725,1428 2782,1428 2839,1428 2896,1428 2953,1428 3010,1428 3067,1429"/>
                <TextEquiv>
                    <Unicode>wuchs mit allen Kräften zu dienen, hat Frau</Unicode>
                </TextEquiv>
            </TextLine>
            <TextLine id="r4l3" custom="readingOrder {index:2;}">
                <Coords points="1923,1475 3076,1471 3076,1438 2960,1424 1923,1432"/>
                <Baseline points="1930,1466 1986,1466 2043,1467 2100,1467 2157,1468 2214,1468 2271,1468 2328,1468 2385,1468 2442,1468 2499,1468 2555,1467 2612,1467 2669,1467 2726,1467 2783,1466 2840,1466 2897,1466 2954,1466 3011,1466 3068,1466"/>
                <TextEquiv>
                    <Unicode>Eysoldt selbst in den vorangehenden Vergleichsverbgadlungen</Unicode>
                </TextEquiv>
            </TextLine>
            <TextLine id="r4l4" custom="readingOrder {index:3;}">
                <Coords points="1922,1511 3071,1516 3071,1473 2986,1467 1922,1474"/>
                <Baseline points="1930,1505 1986,1505 2043,1506 2100,1506 2156,1507 2213,1507 2270,1507 2326,1507 2383,1507 2440,1507 2497,1507 2553,1507 2610,1507 2667,1507 2723,1506 2780,1506 2837,1506 2893,1506 2950,1505 3007,1505 3064,1505"/>
                <TextEquiv>
                    <Unicode>rückhaltlos anerkannt. Und nicht nur F.ou Eysoldt,</Unicode>
                </TextEquiv>
            </TextLine>
            <TextLine id="r4l5" custom="readingOrder {index:4;}">
                <Coords points="1913,1555 3072,1550 3009,1505 1913,1508"/>
                <Baseline points="1921,1547 1978,1547 2035,1546 2092,1546 2149,1546 2207,1546 2264,1546 2321,1546 2378,1546 2435,1546 2493,1546 2550,1546 2607,1546 2664,1546 2721,1545 2779,1545 2836,1545 2893,1545 2950,1544 3007,1544 3065,1543"/>
                <TextEquiv>
                    <Unicode>sondern auch Herr Rickelt war der Meinung, daß die Hochschule</Unicode>
                </TextEquiv>
            </TextLine>
            <TextLine id="r4l6" custom="readingOrder {index:5;}">
                <Coords points="1915,1590 2994,1598 3075,1593 3075,1552 1915,1557"/>
                <Baseline points="1923,1584 1980,1585 2037,1586 2094,1586 2152,1587 2209,1587 2266,1587 2323,1587 2381,1586 2438,1586 2495,1586 2552,1585 2610,1585 2667,1584 2724,1584 2781,1584 2839,1583 2896,1583 2953,1583 3010,1583 3068,1583"/>
                <TextEquiv>
                    <Unicode>von ihrem Standpunkt aus durchaus im berechtigten</Unicode>
                </TextEquiv>
            </TextLine>
            <TextLine id="r4l7" custom="readingOrder {index:6;}">
                <Coords points="1916,1638 3076,1630 3076,1593 3011,1583 1916,1591"/>
                <Baseline points="1923,1625 1980,1625 2037,1626 2094,1626 2152,1626 2209,1626 2266,1626 2323,1626 2381,1626 2438,1626 2495,1625 2552,1625 2610,1624 2667,1624 2724,1623 2781,1623 2839,1622 2896,1622 2953,1622 3010,1621 3068,1621"/>
                <TextEquiv>
                    <Unicode>Interesse handle. Die Hochschule hat außerdem bereits</Unicode>
                </TextEquiv>
            </TextLine>
            <TextLine id="r4l8" custom="readingOrder {index:7;}">
                <Coords points="1922,1675 3041,1673 3078,1630 1922,1636"/>
                <Baseline points="1929,1663 1986,1664 2043,1664 2100,1665 2157,1665 2214,1665 2271,1665 2328,1665 2385,1665 2442,1665 2499,1665 2556,1664 2613,1664 2670,1663 2727,1663 2784,1662 2841,1662 2898,1661 2955,1661 3012,1660 3070,1660"/>
                <TextEquiv>
                    <Unicode>vor einem Jahre die Kündigung des Verirages aus¬</Unicode>
                </TextEquiv>
            </TextLine>
            <TextLine id="r4l9" custom="readingOrder {index:8;}">
                <Coords points="1921,1715 3059,1710 3078,1665 1920,1675"/>
                <Baseline points="1928,1704 1985,1704 2042,1704 2099,1704 2156,1704 2213,1704 2270,1703 2327,1703 2384,1703 2441,1702 2499,1702 2556,1702 2613,1701 2670,1701 2727,1701 2784,1700 2841,1700 2898,1700 2955,1700 3012,1700 3070,1700"/>
                <TextEquiv>
                    <Unicode>gesprochen und mitgeteilt, daß ein Weiterspielen über die Vor¬</Unicode>
                </TextEquiv>
            </TextLine>
            <TextLine id="r4l10" custom="readingOrder {index:9;}">
                <Coords points="1926,1747 3047,1754 3071,1714 1925,1715"/>
                <Baseline points="1933,1743 1989,1744 2046,1744 2102,1744 2159,1744 2215,1744 2272,1743 2328,1743 2385,1742 2441,1742 2498,1742 2555,1741 2611,1740 2668,1740 2724,1740 2781,1739 2837,1739 2894,1739 2950,1739 3007,1739 3064,1740"/>
                <TextEquiv>
                    <Unicode>tragszeit hinaus nicht Betracht kommen könne, da die Hoch¬</Unicode>
                </TextEquiv>
            </TextLine>
            <TextLine id="r4l11" custom="readingOrder {index:10;}">
                <Coords points="1923,1790 3073,1797 3073,1745 2963,1738 1923,1747"/>
                <Baseline points="1931,1783 1987,1783 2044,1782 2101,1782 2157,1782 2214,1782 2271,1782 2327,1782 2384,1782 2441,1782 2498,1782 2554,1781 2611,1781 2668,1781 2724,1781 2781,1780 2838,1780 2894,1779 2951,1778 3008,1778 3065,1777"/>
                <TextEquiv>
                    <Unicode>schule ihre Unterrichtsraume für die eigenen künstlerischen</Unicode>
                </TextEquiv>
            </TextLine>
            <TextLine id="r4l12" custom="readingOrder {index:11;}">
                <Coords points="1921,1841 2046,1819 2091,1834 2105,1823 2184,1838 2217,1820 2346,1837 2374,1825 2374,1789 1921,1791"/>
                <Baseline points="1929,1823 1954,1822 1980,1822 2006,1822 2032,1822 2057,1821 2083,1821 2109,1821 2135,1821 2160,1821 2186,1821 2212,1821 2238,1821 2263,1821 2289,1822 2315,1822 2341,1822 2367,1822"/>
                <TextEquiv>
                    <Unicode>Zwecke dringend benötigt.</Unicode>
                </TextEquiv>
            </TextLine>
            <TextLine id="r4l13" custom="readingOrder {index:12;}">
                <Coords points="2000,1865 2967,1870 3065,1861 3065,1822 2000,1826"/>
                <Baseline points="2007,1860 2059,1860 2112,1860 2164,1860 2217,1861 2269,1861 2322,1860 2374,1860 2427,1860 2479,1860 2532,1859 2585,1859 2637,1859 2690,1859 2742,1858 2795,1858 2847,1858 2900,1857 2952,1857 3005,1857 3058,1857"/>
                <TextEquiv>
                    <Unicode>Außerdem war die Hochschule in den Vergleichsverhandlun¬</Unicode>
                </TextEquiv>
            </TextLine>
            <TextLine id="r4l14" custom="readingOrder {index:13;}">
                <Coords points="1920,1912 2994,1913 3070,1906 3070,1861 1920,1869"/>
                <Baseline points="1927,1900 1983,1900 2040,1900 2097,1900 2154,1900 2211,1899 2267,1899 2324,1899 2381,1899 2438,1899 2495,1899 2551,1898 2608,1898 2665,1898 2722,1898 2779,1898 2835,1897 2892,1897 2949,1897 3006,1897 3063,1897"/>
                <TextEquiv>
                    <Unicode>gen bereit, dem Kleinen Schauspielhaus ein Weiterspielen bis</Unicode>
                </TextEquiv>
            </TextLine>
            <TextLine id="r4l15" custom="readingOrder {index:14;}">
                <Coords points="1915,1949 3065,1948 3077,1911 1915,1912"/>
                <Baseline points="1923,1942 1980,1941 2037,1940 2094,1940 2152,1939 2209,1939 2266,1939 2324,1939 2381,1938 2438,1938 2496,1938 2553,1938 2610,1938 2667,1938 2725,1938 2782,1938 2839,1937 2897,1937 2954,1937 3011,1937 3069,1936"/>
                <TextEquiv>
                    <Unicode>zum 1. Oktober 1922 zu gestatten, sofern der Hochschule nur</Unicode>
                </TextEquiv>
            </TextLine>
            <TextLine id="r4l16" custom="readingOrder {index:15;}">
                <Coords points="1926,1987 3058,1987 3073,1943 1926,1951"/>
                <Baseline points="1933,1978 1989,1978 2046,1978 2102,1978 2159,1978 2216,1978 2272,1978 2329,1978 2385,1977 2442,1977 2499,1976 2555,1976 2612,1976 2668,1975 2725,1975 2782,1975 2838,1975 2895,1975 2951,1975 3008,1975 3065,1976"/>
                <TextEquiv>
                    <Unicode>einige Tage in der Woche zu Unterrichtszwecken zur Verfügung</Unicode>
                </TextEquiv>
            </TextLine>
            <TextLine id="r4l17" custom="readingOrder {index:16;}">
                <Coords points="1920,2030 2963,2044 3076,2022 3076,1984 1920,1992"/>
                <Baseline points="1927,2019 1984,2019 2041,2018 2098,2018 2155,2017 2212,2017 2269,2017 2326,2017 2383,2017 2440,2017 2498,2017 2555,2017 2612,2017 2669,2016 2726,2016 2783,2016 2840,2015 2897,2015 2954,2014 3011,2013 3069,2012"/>
                <TextEquiv>
                    <Unicode>gestellt würde. Auf diese Vergleichsvorschläge ist Frau Eysoldt</Unicode>
                </TextEquiv>
            </TextLine>
            <TextLine id="r4l18" custom="readingOrder {index:17;}">
                <Coords points="1958,2121 3066,2120 3066,2070 1958,2073"/>
                <Baseline points="1965,2111 2019,2111 2074,2111 2129,2111 2183,2111 2238,2111 2293,2111 2347,2111 2402,2110 2457,2110 2512,2110 2566,2109 2621,2109 2676,2108 2730,2108 2785,2108 2840,2108 2894,2108 2949,2108 3004,2108 3059,2108"/>
                <TextEquiv>
                    <Unicode>Na also! Verlangen die Herrschaften Stadek=Cysoldt etwa,</Unicode>
                </TextEquiv>
            </TextLine>
            <TextLine id="r4l19" custom="readingOrder {index:18;}">
                <Coords points="1883,2163 3072,2164 3072,2119 3026,2113 1883,2112"/>
                <Baseline points="1891,2157 1949,2157 2008,2157 2067,2156 2125,2156 2184,2156 2243,2156 2301,2155 2360,2155 2419,2155 2478,2154 2536,2154 2595,2154 2654,2153 2712,2153 2771,2153 2830,2152 2888,2152 2947,2151 3006,2151 3065,2150"/>
                <TextEquiv>
                    <Unicode>daß ihretwegen und ihrem Reigen=Geschäft zu Liebe die üblichen</Unicode>
                </TextEquiv>
            </TextLine>
            <TextLine id="r4l20" custom="readingOrder {index:19;}">
                <Coords points="1891,2209 3077,2200 3044,2155 1891,2166"/>
                <Baseline points="1898,2202 1956,2201 2015,2201 2073,2201 2132,2201 2190,2201 2249,2200 2307,2200 2366,2200 2424,2200 2483,2199 2542,2199 2600,2199 2659,2198 2717,2198 2776,2198 2834,2197 2893,2197 2951,2196 3010,2196 3069,2196"/>
                <TextEquiv>
                    <Unicode>Eigentumsbegriffe über den Haufen geworfen werden und die</Unicode>
                </TextEquiv>
            </TextLine>
            <TextLine id="r4l21" custom="readingOrder {index:20;}">
                <Coords points="1890,2257 3083,2266 3059,2202 1890,2209"/>
                <Baseline points="1897,2246 1955,2246 2014,2246 2073,2246 2132,2245 2191,2245 2250,2245 2309,2245 2368,2245 2427,2245 2486,2245 2544,2245 2603,2245 2662,2245 2721,2245 2780,2244 2839,2244 2898,2244 2957,2243 3016,2243 3075,2242"/>
                <TextEquiv>
                    <Unicode>Hochschule, nach abgelaufener Verpachtung, nie wieder ins eigene</Unicode>
                </TextEquiv>
            </TextLine>
            <TextLine id="r4l22" custom="readingOrder {index:21;}">
                <Coords points="1886,2306 2337,2294 2337,2254 2074,2250 1995,2270 1886,2257"/>
                <Baseline points="1893,2293 1918,2292 1944,2291 1969,2291 1995,2291 2021,2290 2046,2290 2072,2290 2098,2289 2123,2289 2149,2289 2175,2290 2200,2290 2226,2290 2252,2290 2277,2290 2303,2291 2329,2291"/>
                <TextEquiv>
                    <Unicode>Haus zurückkehren kann?</Unicode>
                </TextEquiv>
            </TextLine>
            <TextEquiv>
                <Unicode>Die Notwendigkeit, dem künstlerischen Nach¬
wuchs mit allen Kräften zu dienen, hat Frau
Eysoldt selbst in den vorangehenden Vergleichsverbgadlungen
rückhaltlos anerkannt. Und nicht nur F.ou Eysoldt,
sondern auch Herr Rickelt war der Meinung, daß die Hochschule
von ihrem Standpunkt aus durchaus im berechtigten
Interesse handle. Die Hochschule hat außerdem bereits
vor einem Jahre die Kündigung des Verirages aus¬
gesprochen und mitgeteilt, daß ein Weiterspielen über die Vor¬
tragszeit hinaus nicht Betracht kommen könne, da die Hoch¬
schule ihre Unterrichtsraume für die eigenen künstlerischen
Zwecke dringend benötigt.
Außerdem war die Hochschule in den Vergleichsverhandlun¬
gen bereit, dem Kleinen Schauspielhaus ein Weiterspielen bis
zum 1. Oktober 1922 zu gestatten, sofern der Hochschule nur
einige Tage in der Woche zu Unterrichtszwecken zur Verfügung
gestellt würde. Auf diese Vergleichsvorschläge ist Frau Eysoldt
Na also! Verlangen die Herrschaften Stadek=Cysoldt etwa,
daß ihretwegen und ihrem Reigen=Geschäft zu Liebe die üblichen
Eigentumsbegriffe über den Haufen geworfen werden und die
Hochschule, nach abgelaufener Verpachtung, nie wieder ins eigene
Haus zurückkehren kann?</Unicode>
            </TextEquiv>
        </TextRegion>
    </Page>
</PcGts>
