3392 4352
1752 107 1788 148 #
700 97 1570 170 Verlangens apportiert. Er vollendete seine
699 149 1785 203 keit, die die sittliche Befähigung des Mannes zur
705 189 1776 247 Würde eines Vorsitzenden zu bezweifeln gestattet.
698 240 1780 299 indem er trotz des ausdrücklichen Verlangens
705 294 1786 352 Bauers sich weigerte, dem Minister Glanz einen
696 325 1773 392 Ordnungsruf zu erteilen, obwohl dieser eine ganze
694 372 1784 438 Partei des Hauses dreist beleidigt hatte. Ja, obschon
696 437 1778 494 Dinghofer gestand, die Aeußerung Glanz' nicht gehört
702 488 1786 539 zu haben, ließ er sich dennoch mit offenharer Ver¬
698 532 1784 588 letzung seiner Pflicht nicht einmal das Protokoll zur
699 581 1781 640 Feststellung des Wortlauts übergeben. Man hat Herrn
695 622 1781 681 Dinghofer bisher stets sehr gut behandelt; es ist nach
698 665 1782 740 seinem heutigen Benehmen offenkundig, daß er einer
690 721 1518 795 ganz anderen Behandlung würdig wäre.
890 801 1596 877 Die Debatte im Nationalrat.
813 867 1790 934 Im Vertauf der Sitzung des Nationalrales am Freitag
696 914 1779 990 überreichten die Abgeordneten Leuthyes (Soz) und Ge¬
699 973 1333 1029 nossen folgende dringliche Anfrage:
1690 964 1727 1024 41
852 1010 1778 1071 Die Bundesiegierung hat die Aufführung des be¬
737 1042 1784 1102 kannten Theaterstückes „Rrigen“ in Wien verboten. Dieses Ver¬
740 1094 1776 1144 bot stellt enen verfassungswidrigen Eingrif
770 1138 1780 1182 & Bundesregierung in die Rechte des
730 1177 1783 1230 Landes Wien dur, da zur Ausübung der Theater¬
736 1219 1782 1261 zensur in Wien ausschließlich der Bandeshauptmann von
743 1253 1783 1313 Wien befuct ift. Das Verbot beweist, daß der Regierung das
1931 47 2178 116 Peren
1825 105 2913 147 Setpel unb Kunschak, sondern vor jedem christlichsozialen
1827 146 2904 189 Lanbeshauptmann, dann hört jedes Regieren auf, dann vero
1823 178 2904 225 wundelt sich das Regieren in ein bloßes System von Gefällig¬
1830 220 2915 263 eiten gegenüber der christlich ozialen Partei und Brutali¬
1828 260 2903 310 tüten und Ueberschreitungen gegenüber
1827 301 2906 345 dam einzigen Bande, das nicht christlich¬
1824 336 2910 386 sozlalverwaltetwir d. Aber der Versuch, die Bundese
1819 368 2907 421 verlassung, die Sie selbst im Sinne der Allgewalt der Länder
1822 415 2916 459 geschaffen haben, dort, wvo sie Ihren Parteinieressen wider¬
1826 450 2916 497 spricht, nach Ihren Wünschen umzudenten, der wird Ihnen
1861 486 2904 544 ##gelingen. (Lebhafter Beifall bei den Sozialdemokraten.)
2028 547 2714 627 Die Antwort des Ministers.
1934 599 2905 683 Minister Dr. Glanz: Schon vor Zulassung der Aufe
1828 660 2918 707 führung des „Reigen“, die durch den Magistrat in seiner
1834 699 2900 745 igenschaft als polnische Landesstelle erfolgt ist, hat der Polizei¬
1832 738 2912 786 präsident beim Büigermeister von Wien auf die schweren Be¬
1832 772 2910 831 denlen gegen die Aufführung dieses Bühnenwerkes aufmerksam
1828 820 2916 870 gemacht. Der Magistrat als politische Landesbehörde hat jedach
1830 860 2907 902 dessenungeachtet nach Anhörung des Zensurbeirates mit dem
1826 898 2910 950 Bescheid vom 12. Jänner d. J. die Aufführung zugelassen.
1821 932 2918 993 Die Anfführung des Siückes gab alsbald zu lebhaften
1832 961 2566 1032 Frörtetungeu in der Oeffentlichkeit Anlaß.
1944 1009 2396 1068 Oick: In der „Reichspost“
1936 1027 2908 1109 Dr. Glanz: Hiebet sprach sich die weit überwiegende
1819 1074 2475 1148 Mehrzahl der öffentluhen Stimmen
1943 1094 2918 1175 Ceitz: Wo haben Sie das gezählt! Weisen Sie uns
1823 1159 2010 1227 das nach!
1942 1172 2918 1248 Dr. Glanz: . .. dahin aus, daß die Aufführung ihrem
1820 1234 2914 1291 gesamten Eindruck nach eine aige Verletzung der öffentlichen
1828 1278 2145 1332 Stttlichleck bedeute.
1946 1301 2488 1376 Sein: Woher wissen Sie das 9
1943 1349 2923 1400 Wihany: Die christlichsozialen Abgeordneten haben sich
1822 1386 2917 1449 die Fü#r wundgelaufen, damil sie Karten bekommen! (Wider¬
1821 1432 2386 1493 speuch bei den Christlichsozialen.)
1941 1457 2922 1520 Dr. Glanz: Wenn man Argaments bekämpfen will,
1824 1509 2911 1558 moß man sie horen. (Fortgesetzte lebhafte Zwischenrufe ber dem
1826 1552 2149 1621 Goz#ldemolraten.)
1940 1553 2921 1643 Geig: Sie haben bis jetzt nur über ästhettsche Meinungen
1825 1618 2864 1681 gerebet, ider kein einziges gesehliches Atgument vorgebracht.
1940 1654 2916 1709 Hr. Maiala: Der Heir Präsident als Krawallinacher!
1940 1700 2916 1752 Dr. Bauer: Ein solcher Schreier wie der Hert Ma. 2ja
1819 1736 2920 1790 wagt #9, hier so zu sprechen. (Nuse bei den Soztalbemottalen!
1833 1776 2866 1835 Präsidenl Seitz hal das Recht, hier zu sprechen so Wie Sie 1)
1926 1801 2912 1859 Dr. Glanz: Ich wendete mich daher in einem Schreiben
1824 1848 2917 1904 an den Bürgermeister, nicht elwe um die Verankwartung auf
1821 1895 2912 1944 ihn abzuwälzen, sondern weil ich es für ein Gebol der
1819 1929 2912 1984 amtlichen Couktolste hielk, zunächst ihm selbst
1825 1971 2908 2021 eine abändernde Verfügung im eigenen Wirtungskreise zu ers
1835 1998 2920 2060 möglichen. Der Bürgermeister teilte mit jedoch hierauf mit,
1824 2043 2916 2103 daß #i nicht ie der Lage set von seiner desten Gittscheibung
1830 2091 2019 2157 abengehen.
1948 2110 2928 2175 Wick: Das muß Ihnen genügen! (Lebhafte Zustimmung
1820 2160 2273 2236 bei den Sozial demokraten.
1948 2180 2922 2250 Dr. Glanz: Aus Rücksichten der öffentlichen Stitlichkeit
1826 2236 2920 2293 sah sich nun das Bundesministerium für Inneres veranlaht,
1837 2281 2889 2336 die weileten Aufführungen des „Reigen“ zu untersagen. (Zahl
1830 2317 2519 2390 reche Protestruse der Sozialdemotraten.)
1942 2331 2918 2428 Der Prüsideut gibt das Glockenzeichen und mahmt
1828 2383 1998 2458 zür Luhe.
1933 2417 2913 2482 Dr. Glanz: Die Vorssänge, die den Kerr des in Nebe
1821 2470 2898 2530 stehenden Stückes bilden, sind in dieser Beziehung durchau
1828 2508 2915 2557 eindeutiger Art. Die drutsche Kult#r in Oesterreich wird gewiß
1835 2548 2916 2599 keinen Schaben leiden, wenn die Schaustellung solcher Vorgänge
1837 2584 2918 2635 auf offener Bühne unterbleibt. (Srülrmischer Beifall bei den
1838 2621 2927 2682 Christlichsozialen; hestige Gegenrufe bei den Sdzialdemolkaten,
1830 2672 1950 2734 Läim.)
1942 2681 2926 2760 Dr. Bauer: Es handelt sich um eine Vertalsungs¬
1834 2728 2935 2798 frage. Das, wdas Sie sagen, hat mit der Verfassung nichts
1952 2780 2497 2836 n. (Fortgesetzte Zwischenrufe.
1948 2809 2920 2874 Witternigg: Das ist Ligudria Motal. (Heftige Gegenrufe dn
1840 2847 2560 2927 den Cheistlichsozialen; andauernder Bärm.,
1943 2892 2926 2956 Dr. Glanz: Da seitens des Magistrats den Verhältnissen,
1837 2949 2923 2995 wie sie sich nach Aufführung des „Reigen“ gestaltel haben,
1842 2978 2922 3031 nicht Rechttung geltagen wurde, war es nach den geltenden
2410 3014 2922 3070 n, die die Theatslangslegen¬
1836 3021 2295 3071 Kompetenzbestimt
1848 3056 2913 3114 heiten dem Ressort des Minisikriuins des Inhein zuweisen, miein
1843 3096 2923 3150 Recht und meine Pflicht, die weiteren Aufführungen zu. Untersagen.
1843 3137 2910 3187 Dieses Recht, in dem ich übrigens vor allem eine Pflicht erblicke.
1849 3172 2918 3227 st schon 1# dem Verhältnis der in Betracht kommenden
1841 3212 2906 3263 Behörden un sich begründet, daß es Wissenschaft und Pratzi¬
1840 3238 2913 3301 niemals destanfelt haben, daß es von unseien obersten Gerichts¬
1849 3288 2918 3345 höfen stett einmütig anerkannt wurde, daß es auch in uniere
1850 3331 2914 3379 neue Verinssung übernommen wurde, wie die Artikel 103 und 142
1839 3363 2911 3417 ausdrücklich bezeugen. Die Regierung wird in analogen Fällen
1859 3408 2919 3456 mmer genan so handeln, mögen sie welches Lund immer
1850 3443 2911 3495 beireffen... (Lachen und Widerspruch bei den Sozialdems¬
1851 3484 2922 3535 rasen.) Auf die gegen mich pelsönlich gerichteten Bemerlungen
1850 3528 2927 3580 will ich nicht näher eingehen. Ich glaube, das Urteit übet mein
2114 3566 2862 3620 jedem anständig denkind
1842 3570 2111 3621 Wirken getrbst
1841 3601 2931 3647 Menschen überlassen zu können. (Stürmischer Belfall bei
1850 3640 2919 3691 den Christlich ozialen; fortgesetzte heftige Zwischenrüfs bei den
1848 3679 2927 3725 Speialdemökraten.) Ich kann nür beionen, daß mich persönliche An¬
1848 3711 2932 3789 grisse, mögen sie von wo immer koniaten, nicht einen Schriel weil von
