3444 4320
240 145 772 242 11. Reigen
943 145 1369 238 box 17/5
1665 421 1726 531 8
1663 528 1724 568 8
1666 563 1711 594 L4
1665 590 1713 671 815
2087 224 2915 368 Theater und Kunft.
2224 392 2817 489 Schnitzlers „Reigen“.
2472 465 3035 553 Kannerspielen.
1915 452 2302 546 I Erstauff lhah
2016 519 3139 581 Die Musen, die auf das dringende Verlangen: ihr Haupt
1908 576 3129 633 zu verhüllen, wahrscheinlich mit einem Streik oder mindestens mit
1915 626 3126 675 der Forderung nach einer entsprechenden Teuerungszulage antworten
1911 672 3138 720 werden, — die Musen stehen eher zu Artur Schnitzler als zu
1910 709 3130 777 jenen, die in ihrem Namen Proteste, Gutachten und Entrüstung
1913 761 2202 836 von sich geben.
3068 807 3127 867 des
2021 799 3031 871 Erst hat man Lärm geschlagen, als die zehn Dialoge
3044 849 3144 910 forte
1925 834 3010 921 „Reigen“ als Buch erschienen; nun hat sich das Spektakel
1921 910 3123 967 gesetzt, weil die Dialoge auf der Bühne vorgeführt werden. Man
1920 953 3130 1018 tut, als ob es niemals Hetärengespräche des Luktan gegeben hätte,
1904 1004 3136 1063 Die sogar den Barchentseelen und Bildungsphilistern als unver¬
1922 1039 3133 1107 äußerliches literarisches Gut gelten; man tut, als ob die Kunst
1916 1095 3138 1157 von der Sittlichkeit und nicht die Sittlichkeit meist
1924 1141 3125 1201 von der Kunst bestimmt wird; man tut. als ob —
1987 1199 3123 1246 läßt sich, objektiv betrachtet, gewiß darüber streiten,
1913 1198 1978 1261 Es
1919 1232 3138 1296 welche Geschmacksgrenzen für das öffentliche Theater zu ziehen
1915 1294 3133 1351 sind. Aber es ist ebenso gewiß, daß sie sich beständig verwischen;
1918 1331 3137 1398 ebenso gewiß, daß der künstlerische Freibrief des einen noch nicht
1924 1378 3122 1438 die offene Order für den Ausflug ins Unsittliche für alle bedeutet.
1922 1427 3123 1488 Dazu gehört als Legitimation: seelischer Witz, geistige Feinheit
1913 1473 3134 1534 Alles andere ist Schweinerei um der Schweineret willen. Diese
1912 1533 3134 1599 zehn Dialoge Schnitzlers sind ein subtiles Kunstwerk. Daß sie im
2896 1569 3114 1641 " „frivol“
1916 1568 2896 1634 crotischen Leser= und Zuschauersintt „staik“, „pikant
1911 1626 3124 1682 meinethalben sogar „pornographisch“ sind, ändert nichts datan,
1916 1667 3139 1724 daß man die artistische Fähigkeit Artur Schnitzlers immer neu
1916 1717 3131 1776 bestamnt, mit wieviel Witz, Sarkasmus und tieferem Erkennen
1914 1761 3125 1817 er den letzten Schleier vor und nach dem Liebesakt lüstet, wie
1910 1815 3125 1872 sich der Reigen schließt, der mit der Diene und dem Soldaten
1916 1867 3132 1926 anfängt und bei der Dirne und dem Grafen endet. Nicht nur
1916 1906 3115 1967 vor dem Tode, auch vor dem Liebesgenuß sind alle gleich
1922 1958 3130 2017 Nur die Worte haben andere Färbung. Die erotische Spannung
1916 2012 3130 2070 und Entspannung hat die gleichen Voraussetzungen und Nach¬
1916 2043 3128 2110 wirkungen. Wenn der Soldat und die Dirne, der Soldat und
1915 2102 3133 2160 das Stubenmädchen sich am Donauufer einigen, ist es noch natur¬
1924 2153 3140 2213 haft derb, aber wenn dann der junge Herr und das Stuben¬
1909 2189 3151 2274 mädchen, der junge Herr und die junge Frau, das süße Mädel
2190 2578 2626 2666 Neutr Lricnel Jeutkal
1875 2648 3132 2735 und der Dichter, das süße Mädel und der Ehemann, der Graf
1876 2709 3090 2776 und die Schauspielerin zu löblichem Tun sich zusammenfinden,
1858 2743 3084 2827 wird der gewisse, im Dunkeln liegende Vorgang schon zur Neben¬
1879 2797 3090 2876 sache Das Geschlechtliche tritt vor dem Geistigen zurück, der
1871 2847 3086 2929 Liebesgenuß löst sich in eine Komödie der Worte und Gedanken
1874 2893 3083 2969 auf. Hier ist das Entscheidende dieser zehn Dialoge, ihr Mensch¬
1875 2937 3077 3018 liches, ihre künstlerische Wahrheit, ihre Diflanz vom Tierischen
1873 2996 3073 3066 welches die Moralfatzken in erster Linie zu beherrschen pflegt
1977 3033 3085 3125 Dieser „Reigen“ gehört in das Gesamtkunstwerk Schnitzler.
1868 3089 3084 3163 Es ist eine Zwischenstufe, die er nach dem „Anatol“ nehmen mußte,
1869 3148 3088 3209 um höher zu klimmen zur Welterkenntnis. Es ist nur ein Stück
1876 3187 3085 3266 seiner literarischen Entwicklung, nicht sein Schöpferwerk. (Und
1874 3240 3089 3311 wenn Maximilian Harden, diese gealterte und stimmlos gewordene
1860 3278 3084 3359 Primadonna, gerade den „Reigen“ zum Anlaß nahm, um frühere
1874 3330 3078 3406 Urteile über Schnitzler zu revidieren, so beweist der heiter gewordene
1860 3375 3072 3445 Sprachverdreher neben seiner spät erwachten Zimperlichkeit nur den
1865 3422 2695 3493 Mangel künstlerischen Einfühlungsvermögens.
1986 3464 3080 3550 Die zehn Dialoge aus dem Buch auf die Bühne zu ver¬
1869 3498 3084 3597 pflanzen, ist eine Regieaufgabe heikelster Art. Es kommt immer
1870 3568 3078 3650 ein Moment des Undarstellbaren, der zur Verdunkelung der Szene
1854 3620 3071 3691 zwingt. Aber das ist nicht die Hauptsache. Es gehört zur Wieder¬
1862 3666 3085 3735 gabe der Situation und des Wortes eine gewisse Kühnheit, die
1860 3711 3075 3786 zwischen Brunst, Ironie und letztem Witz die Linien zu ziehen
1869 3766 3078 3830 versteht. Eine halboffizielle und eine ganzoffizielle Generalprobe,
1859 3801 3078 3879 die eine für geladene, die andere für Tausendkronengäste, gestattet
1854 3843 3079 3929 bereits das Urteil über die Aufführung, die heute abend
1867 3903 3069 3975 Premiere“, heißen wird. Ich vermisse in der Inszenesetzung
1868 3919 3078 4011 Schulbaurs den Atem und das amüsant Spielerische der
1868 3990 2691 4063 zehn Dialoge; es fehlt mir der
2687 4006 3078 4066 Stimmungsgehalt
1860 4044 3082 4111 und die Freiheit des Ueber=den=Dingen=Schwebens Es fehlt am
1862 4083 3077 4153 Mut zur witzigen Frechheit. Auch Fehlbesetzungen oder nur Zu¬
1867 4129 2111 4180 RAR
