3436 4256
310 121 459 210 11.
1010 130 1434 218 box 18/3
498 133 834 225 Reigen
394 652 1071 814 Klose & Seidel
449 798 1036 885 Bureau für Zeitungsausschnitte
396 856 1084 935 Berlin NO. 43, Georgenkirchplatz 21
754 917 1039 1017 ST8.-21
365 981 573 1072 Zeitung:
368 1056 478 1130 Ort:
696 1018 991 1182 BA930
349 1119 547 1209 Datum:
771 1227 831 1304 1
1029 1298 1094 1366 20
1279 1411 2277 1481 kins Gesicht. Seltsam, daß Schnitzler, der Künstler,
702 1416 911 1502 Krietern
1299 1457 2282 1519 das heute nicht mehr empfindet und jetzt erlaubt,
337 1422 456 1552 9
443 1466 1173 1538 Dienstag, 18. Oktober: „Reigen“.
1305 1501 2278 1544 was er zwei Jahrzehnte lang aus guten, künstle¬
375 1522 1282 1586 Nie hätte ich gedacht, daß ich noch einmal das
1313 1542 2277 1596 rischen Gründen verhindert hat. Seltsamer, daß
318 1567 1281 1625 Burg= oder vielmehr Bürger=Theater von Krietern
1311 1581 2272 1627 er nicht weiß, wie langweilig die zehnmalige Wieder¬
306 1620 1292 1673 aufsuchen würde. Aber der Mensch denkt und die
1317 1616 2288 1679 holung des gleichen Geschehens auf der Bühne wirken
308 1647 1288 1708 Zensur lenkt. Nicht zu glauben, welch zähes Leben
1310 1662 2278 1706 muß, das in der ursprünglich feuilletonistischen Form
316 1698 1291 1749 solch eine bürokratische Institution noch nach ihrem
1312 1697 2273 1753 zehnmal amüsierte. Am seltsamsten, daß er nicht
315 1737 1284 1790 Tode hat. Eigentlich existiert sie ja gar nicht mehr,
1317 1736 2283 1792 ahnte, welche Gefahren der muntere „Reigen“ laufen
316 1771 1284 1819 aber als Breslaus hochgradige Sittlichkeit von den
1306 1778 2275 1829 würde, sobald er allen Zufällen der Wanderschaft
324 1817 1290 1863 zehn Dialogen Schnitzlers bedroht wurde, da erhob
1312 1815 2283 1886 preisgegeben, in ungeschickte Hände oder auf grob
1304 1853 1961 1904 knarrende Bretter geraten konnte.
329 1851 1275 1903 ie sich flugs alls dem Grüde und jagte den „Reigen“
317 1893 1288 1939 über die Stadtgrenze nach Krietern. Womit sie eine
1369 1879 2282 1944 Wenn es eine künstlerische Zensur gäbe, so hätte
314 1931 1285 1985 hübsche Begriffsverwirrung anrichtete. Die Krie¬
1309 1928 2285 1998 sie den „Reigen“ in Krietern verbieten müssen. Denn
308 1970 1291 2020 terner können also vertragen, was die Breslauer
1311 1970 2280 2029 in diesem nüchternen Saale, auf dieser winzigen
306 2011 1282 2072 nicht vertragen können, und das Seelenheil der
1308 2009 2269 2071 Bühne ohne taugliche Dekorationen, aber mit zweck¬
317 2048 1283 2102 Breslauer wird nur in Breslau behütet. Aber wenn
1301 2050 2269 2104 widrigster Beleuchtung, wurde er zur unfreiwillig
306 2088 1284 2137 sie mit der Elektrischen (Linie 2) bis zur Endstation
1306 2088 2272 2142 komischen Farce. Das Publikum lachte sich halbtot,
318 2128 1277 2171 fahren, woran sie die Polizei keineswegs hindert.
1311 2128 2272 2183 aber nicht über den zehnmal variierten Sexual=Witz
316 2167 1286 2218 dann sind sie schutzlos allen Dämonen der Wollust
1309 2167 2282 2222 Schnitzlers, sondern etwa über den „Dichter“, der
318 2206 1284 2257 preisgegeben. Im übrigen hat die 6. Zivilkammer
1303 2204 2282 2265 das holde Gesicht seines „süßen Mädels“ in der
315 2243 1283 2294 des Landgerichts III in Berlin entschieden, daß die
1310 2242 2264 2294 Finsternis nicht zu sehen können erklärte, obzwar
315 2282 1284 2338 Aufführung des „Reigen“ nicht nur nicht gegen die
1308 2286 2276 2336 es von einem grellen Scheinwerfer strahlend illumi¬
307 2316 1283 2377 guten Sitten verstoße, sondern (hm!) „eine sittliche
1303 2325 2276 2377 niert wurde. Es lachte sich dreiviertel tot, wenn der
316 2364 1280 2415 Tat“ bedeute. Und nun hindern die Moralwächter
1311 2362 2279 2420 Vorhang, sobald er die ominösen Gedankenstriche
316 2401 1284 2458 Breslaus ihre Schützlinge im Namen der Sittlichkeit,
1306 2393 2274 2454 vertreten sollte, streikte und nach wie vor die
318 2438 1237 2482 sich an einer gerichtskundlich sittlichen Tat zu
1308 2438 2269 2490 Akteure sehen ließ, die nun aber durchaus nicht das
311 2480 1282 2535 bauen. Da aber bekanntlich stets die Tugend siegt,
1305 2483 2268 2532 agierten, was ihnen die schwüle Situation eigentlich
320 2516 1286 2572 so hat alsbald auch die Tugend des „Reigen“ die Zen¬
1301 2520 2264 2574 vorschrieb. Es lachte sich ganz tot, als endlich auch
320 2548 1288 2614 sur besiegt, welch letztere sich selbst desavouieren
1305 2559 2266 2609 das Hauptrequisit des Abends, das Bett, zu streiken
320 2598 1286 2652 mußte. Das Endergebnis ist eine prächtige Re¬
1299 2589 2267 2654 begann und sich gegen seine allzu häufige Benützung
314 2632 1280 2686 klame für den „Reigen“ der sonst wohl nur an
1306 2641 2268 2694 auflehnte. Wenn die Berliner Reigen=Truppe weiter
325 2674 1288 2723 einer Breslauer Stelle getanzt worden wäre, jetzt
1310 2676 2266 2733 tanzt, dann möge sie wenigstens ein solid=unsolides,
313 2706 999 2770 aber an dreien getanzt werden wird.
1303 2721 2267 2769 gegen alle Strapazen abgehärtetes Bett erwerben
363 2750 1278 2810 Unter uns gesagt, er hatte die Reklame auch
1300 2750 2271 2819 und sich nicht auf die keuschen Möbel des Ortes ihrer
325 2774 1274 2840 nötig. Dieser derb erotische Nachtänzer des zart
1300 2791 1801 2846 jeweiligen Taten verlassen.
323 2822 1277 2883 erotischen „Anatol“ ist eine erstaunlich schwache
1353 2831 2261 2884 Ueber die einzelnen Darsteller zu sprechen, die
319 2859 1277 2921 Leistung Schnitzlers, genießbar nur in ihrer
1306 2866 2272 2930 immerhin wenigstens den Wiener Dialekt anklingen
315 2899 1285 2956 ursprünglichen Buchform, mit der sie sich 20 Jahre
1297 2913 2271 2968 ließen, hätte keinen Zweck. Sie kamen nur auf kurze
310 2946 1281 3007 lang begnügt hat, aber unmöglich auf dem Theater.
1296 2952 2274 2994 Zeit zu uns und eine Genie ist bestimmt nicht unter
311 2985 1282 3041 So oft das jeweils auf der Szene befindliche Liebes¬
1307 2992 2266 3045 ihnen. Wohl aber eine alte Bekannte, nämlich Frl.
319 3030 1277 3081 paar nach einigem mehr oder minder sanften Vor¬
1301 3031 2271 3092 Copony, die unter der Direktion Gorter einen
320 3060 1296 3123 postengeplänkel entschlossen zum Kernpunkt der An¬
1300 3071 2264 3127 Winter lang bei uns Heroinen geradebrecht hat. Sie
308 3109 1269 3153 gelegenheit vorschreitet, dann zeigt das Buch alle¬
1307 3111 2266 3161 spricht noch immer ungarisch=deutsch und hat sich auch
307 3142 1161 3192 mal eine Reihe suggestiver Gedankenstriche.
1198 3143 1294 3196 Bei
1309 3149 2276 3213 sonst nicht verändert. Uebrigens hatte sie den
318 3181 1282 3233 Gedankenstrichen kann eine halbwegs begabte Phan¬
1295 3190 2266 3239 Hauptkamuf mit dem renitenten Bett auszumachen
501 3230 1278 3276 lei angenehme Gedanken streichen lassen.
1306 3233 2268 3284 und war klug genug. nachzugeben, als das Bett nach¬
401 3250 1279 3323 Theater aber muß sich mit einer Verdunkelung
1295 3266 2254 3318 gab. indem sie es verließ und sich einem Stuhl an¬
343 3287 1163 3350 #allen deutlichen Fatbestandes behelfen
1302 3306 2258 3355 veriraute, obwohl Schnitzlers durchaus horizontale
310 3339 2281 3400 schlügt damit zehn Male sch selbst, der Schau=Bühne. Gedankenstriche niemals auf einen Stuhl hinweisen.
2352 1422 3249 1487 Für die Bühne, den Scheinwerfer, das Bett, das
2297 1447 3258 1516 Talglicht (das auch streikie) und das Zusammenspiel
2302 1509 3260 1573 zeichnete als Regisseur Herr Fritz Sampers. Mein
2296 1548 2665 1611 aufrichtiges Beileid.
2894 1535 3210 1611 Erich Freund.
