3496 4320
400 224 911 312 11. Reigen
1091 229 1517 316 box 17/5
618 505 1600 573 Kammerspiele. Schnitzlers „Reigen“
531 573 1598 633 erlebte nach zwei Generalproben die Erstaüfführung,
524 620 1576 688 bei der das Publikum der Suggestion der Presse unter
529 666 1575 744 ogund die eintönigen, in ihrem Abschluß gleichför
528 713 1589 782 hnigen Dialoge als künstlerisches Gedignis aufnahm
537 772 1593 841 Der „Reigen“ gehört nicht auf di Bühne, nicht ins
529 815 1582 868 Theater, und Kunst allein zieht## bei erhöhten Prei
534 871 1596 937 sen; hier artei die Erotik in Wornographie aus, die
536 925 1598 977 Theaterfreude in Sinnenkitzel Daß alle Szenen scharfe
536 969 1603 1033 Beobachtung, glänzende. Diakoführung und beschwingte
520 1013 1595 1083 Weistigkeit aufweisen, nderk nicht, daß sie eine auf¬
546 1064 1599 1126 reizende oder peinlich be#fthrende Wirkung üben, ganz
551 1121 1610 1188 nach der Anlage des Beschauers. Gestalten wie die
550 1172 1600 1224 Schauspielerin, der Dichter, der Graf, können durch den
540 1222 1587 1274 blendenden Witz, desie erfüllt, augenblicklich die an
544 1268 1599 1325 die Dauer anwide#nde Situation vergessen machen, auf
546 1313 1605 1375 Augenblicke nur, lets überwiegt das Empfinden, daß
537 1374 1600 1421 ein Dichter seine Kunst prostituiert habe. Die ersten
545 1418 1600 1473 Szenen sind in ihrer Brutalität anetelnd. Die Dar¬
551 1460 1597 1521 stellung bemühte sich, das Grelle der Vorgänge zu über¬
549 1506 1595 1569 tünchen, den penetranien Geruch der Szenen durch das
541 1559 1601 1620 Parfüm kultivierter Sprechkunst zu mildern. Hedwig
543 1611 1595 1669 Kgller als süßes Mädel, Marietta Olly als Schau¬
544 1662 1610 1730 spielerin, Carlsen als junge Frau, waren darstel¬
535 1714 1603 1772 klerisch ausgezeichnet. Ziegler und Iwald seig
552 1772 1608 1838 zeichnend als Dichter und Ehemann, Lackner s
547 1823 1207 1888 Graf fabelhaft echt und natürlich.
610 1945 1487 2065 Edelmegten unter Zusatz von Ruakearten ans Elementen
617 2007 1492 2100 des Eiädtters hergestellt Best1 und vollsommener Ersatz
624 2040 1488 2132 der Mittermslch. In Apchheken und Drogerien erhältlich.
618 2082 1501 2187 Erzeugsng susd Großverireb: Chemgsan A. G., Wien 1.
1210 2159 1356 2281 Kull
995 2183 1126 2273 un
649 2199 869 2305 Thed
1373 2289 1530 2395 ägen.
586 2314 1212 2451 Verbot der „Reigen—M
791 2394 1364 2483 Der Erlaß auf dem Wgge¬
729 2422 1530 2535 Wie wir vernehmen, steht das behördliche
650 2487 1519 2586 Verbot der weiteren, von den Kammer¬
611 2516 1559 2632 lspielen des Deutschen Volkstheaters ge¬n
665 2559 1537 2672 planten Aufführung von Artur Schnitzlers
674 2593 1571 2718 Senenreihe „Reigen“ unmittelbart¬
671 2654 1534 2752 bevor. Die Verfügung geht von der
616 2709 651 2764 r
670 2689 1543 2792 Bundesregierung aus. Die Polizei¬
677 2723 1546 2840 direktion ist wohl amtlich von dieser Maßregel
682 2778 1551 2878 noch nicht verständigt, dürfte jedoch den be¬
679 2813 1553 2923 treffenden Erlaß heute noch erhalten. Durch sie
743 2858 1552 2959 #. hann im Wamen S#s Ministorinmes dech
803 2993 1342 3052 Donnerstag 10. Februar 1921
762 3070 1643 3134 Innern der Auftrag an die Direktion
767 3110 1638 3175 Bernau, die weiteren Aufführungen zu
856 3192 1634 3259 Zweifellos hat die Regierung in der Be¬
769 3247 1631 3299 fürchtung, daß weitere Skandale sich ereignen
763 3296 1633 3352 könnten, die Einstellung der „Reigen“=Auf¬
768 3333 1131 3394 führungen verfügt.
1593 2471 1657 2526 —
1605 2632 1652 2675 0
2826 698 3142 803 olaseitung
2377 765 3049 891 desssterstag 16, Kebrnar 1921
2358 902 3163 1025 Theater um Kunz.
2306 1049 2883 1163 Verbot der „Reigen“.A
2981 1077 3193 1178 hrungen.
2463 1134 3062 1231 Der Erlaß auf dem Wege.
2402 1200 3186 1295 Wie wir vernehmen, steht das behördliche
2320 1236 3182 1335 Verbot der weiteten, von den Kammer¬
2320 1281 3178 1365 spielen des Deutschen Volkstheaters ge¬
2309 1329 3176 1420 planten Aufführung von Artur Schnitzlers
2308 1373 3177 1465 Szenenreihe „Rrigen“ unmittelbar
2310 1411 3174 1503 bevor. Die Verfugung geht von der
2303 1455 3170 1549 Bundesregierung aus. Die Polizei¬
2304 1493 3162 1592 direktion ist wohlsamtlich von dieser Maßregel
2308 1550 3159 1620 noch nicht verständigt, dürfte jedoch den be¬
2299 1585 3160 1675 treffenden Erlaß heute noch erhalten. Durch sie
2301 1630 3159 1719 erfolgt dann im Namen des Ministeriums des
2301 1669 3143 1752 Innern der Auftrag an die Direktion
2288 1694 3145 1813 Bernau, die weiteren Aufführungen zu
2283 1758 2609 1821 unterlassen.
2369 1799 3147 1887 Wie man sich erinnert, hat die erste öffent¬
2282 1821 3133 1930 liche Aufführung der Stückes (als eneral¬
2273 1883 3124 1970 probe) am 30. Janner stattgefunden, die eigent¬
2276 1928 3130 2017 liche Erstaufführung am 1. d. Das Stück wurde
2272 1969 3136 2060 dann unter großem Zulaufe bis gestern all¬
2273 2021 3124 2105 abendlich gegeben. Am letzten Montag drangen
2335 2058 3129 2148 wie schon berichtet — einige junge Leute
2267 2095 3122 2179 während der Vorstellung in das Theater, um
2266 2140 3119 2229 durch laute Zurufe den Abbruch der Vorstellung
2264 2189 3114 2277 zu erzwingen; sie wurden von Polizeiorganen
2262 2223 2410 2284 entfernt.
2340 2272 3116 2360 Zweifellos hat die Regierung in der Be¬
2248 2305 3114 2401 fürchtung, daß weisere Standale sich ereignen
2241 2350 3103 2467 könnten, die Einstellung der „Reigen“=Auf¬
2235 2397 2605 2468 führungen verfügt.
2659 2630 2905 2747 d Liter
2093 2636 2445 2759 Theater, K
2108 2733 2918 2840 10. Dies„ Reisen“-Affäre.
2084 2814 3157 2888 Wie gestern verlautete, hätte die Landesregterung be¬
3014 2873 3159 2933 e Ein¬
2010 2871 2917 2947 chlossen, der zuständigen Unterinstanz die
2004 2921 3168 2981 tellung der „Reigen“=Aufführungen in den Kamnrspielen
3010 2965 3155 3022 gierung
2003 2966 3011 3028 labezulegen. Hiezu erfahren wir, daß die Bu#des#
1996 3020 3166 3079 ils solche, beziehungsweise der Kabin#t, sich hit der
1999 3046 3162 3124 Reigen“=Angelegenheit bisher nicht beschäftigt hat, weil die¬
2009 3102 3159 3173 elbe das Ministerium des Innern, beziehungsweise das Polizei¬
1999 3164 3159 3221 räsidium angeht. das Ministerium des Inner###te aller¬
2000 3196 3154 3256 sings den „Reigen“ betreffende Verfügungen' im eigenen
2008 3247 3155 3304 Wirkungskreise treffen. Die Polizei tall klach wie vor auf dem
2006 3282 3155 3351 Standpunkt sein, daß jie purd bei einem neuerlichen Skandal
2008 3343 3150 3397 Unlaß zum Eins##en, beziehungsweise zur Iahibierung der
2010 3376 3154 3445 Vorstellungen#e. Einem diesbezüglich ergriffenen Rekurs
2003 3424 3159 3498 vürde selbstverständlich keine aufschiebende Wirkung zukommen.
2083 3470 3152 3529 Während sich gestern abend das Gerücht verbreitete, daß
1993 3523 3158 3583 ein Verbot der „Reigen“=Aufführungen schon
1997 3560 3168 3631 erfolgt oder doch beschlossene Sache sei — der Leitung der
2004 3606 3167 3670 Kammerspiele war hierüber keine amtliche Mitteilung zu¬
2004 3652 3165 3727 gekommen —, ging die Vorstellung selbst ohne jede Störung
1996 3708 3158 3765 vor sich. Das Haus war wie bei jeder früheren „Reigen"¬
1998 3743 3162 3806 Wiederholung vollständig ausverkauft. Nebenbei war am Kassen¬
1999 3786 3159 3862 schalter angekündigt, daß bis Montag, den 14. d., alle Karten
1993 3849 2299 3916 vergriffen sind.
