3484 4352
282 125 427 213 11.
973 114 1393 203 box 18/3
468 136 779 218 igen
563 666 1243 827 unberechnel
825 789 1301 894 Kansene Zerunn
801 1234 1080 1336 7 - AUG.
410 1409 1573 1516 Haag, 7. Aug.(Telegr.) Die Hambinger Kammerspiele unter
362 1436 1569 1565 Lestung von Erich Ziegler hatten die Absicht, von Sonntag an in der
341 1497 1559 1603 Königlichen Schauburg im Haag Schnitzsers Reigen aufzuführen.
340 1536 1573 1654 Der Bürgermeister vom HHaag hat am S die für Sonntag vor¬
334 1579 1165 1662 mittag geplante erste Aufführung verboten.
678 2090 1042 2263 bere
621 2227 1123 2360 De Lolsgraal, Aue“
1403 2574 1547 2661 Abd
593 2586 1322 2688 von“fragment van „Reigen“ bil het7
770 2662 1096 2731 Hofstad Tannee
541 2686 1372 2782 BGRAVENHAGE, 21 Juli. — De directie
511 2743 1379 2825 7an het. „Hofstad Tponcel“ deelt het volgende
524 2815 615 2876 ode
519 2796 1384 2902 Het bericht, dät Msßher's Verlag té Berliin,
508 2854 1381 2938 denvaresoning ven Twee Dialogen“ uit den
511 2888 1393 2971 cyelus ReigensMoor Det Hofstad Tooneel in
518 2937 1389 3015 het Cabaret Artistique te Scheveningen, ge¬
518 2976 1387 3045 rechtelijk zou: willen beletten moet op een
523 3014 1394 3090 misverstand berusten. Het werk is door de
515 3052 1389 3134 Anteurswei 1912 niet meer beschermd en het
521 3096 1388 3167 vertoonen daarvan dus volkomen veroorloofd.
525 3131 1386 3211 De directie van het Hofstad Tooneel zal niet¬
516 3171 1398 3243 temin, zooals bij haar gebruikelijk is, het Na¬
526 3209 1402 3290 tionaal Bureau voor Auteursrechten, direc¬
513 3246 1400 3332 teur: A. Reijding, voor de anteurs ccn ver¬
518 3298 1197 3377 gbeding aanbieden. — (Corr.-Bur.)
2205 848 2756 1016 lberechne.
2126 1025 2811 1155 D lesraal, Ansterdam
2339 1223 2763 1348 ICAUG 1822
2189 1537 2780 1629 HET „REIGEN‘-VERBOD.
2063 1591 2917 1682 AMSTERDAM, 18 Aug. — De directie der
2031 1664 2821 1715 „Hamburger Kammerspiele“ schrifft ons:
2056 1698 2914 1746 Nadaf wii de eer en het genoegen hadden
2050 1741 2910 1788 rthur Schfitzler’s „Reigen“ te ’s-Gravenhage
2050 1777 2902 1828 -eDrengen en daarvan op Vrijdag
2051 1812 2911 1869 8 dezer de laatste vertooning te geven, is
2044 1860 2912 1910 ns de toestemming tot opvoering van dit stuk
2046 1894 2907 1940 e Rotterdam, Amsterdam en Utrecht gewei¬
2043 1932 2900 1985 erd, aangezien betreffende autoriteiten tegen
2045 1976 2912 2021 en inhoud van dit werk ernstige bezwaren
2034 2014 2899 2062 geenen te hebben. Dat de schouwburgen in
2042 2052 2904 2097 eze steden daardoor voor ons gesloten blijven,
2038 2083 2908 2133 piit ons ten zeerste, doch meer nog betreuren
2038 2129 2907 2171 vij deze beslissing voor den Weenschen dich¬
2043 2157 2904 2208 er, wiens werk daardoor zoo miskend wordt.
2034 2201 2912 2246 Iet behoeft na het oordeel van de Haägsche
2028 2242 2897 2286 ers niet nader te worden betoogd, dat een
2036 2278 2907 2331 chrijver van universeele beteekenis als Arthur
2031 2318 2907 2369 Schnitzler, zich niet afgeeft met openlijke of
2026 2358 2899 2412 verkapte pornographie. Al moge dit werk van
2022 2395 2902 2437 Schnitzler wellicht gedurfd ziin, het kan tege¬
2017 2430 2903 2483 lijkertijd een kuische schepping worden ge¬
2018 2469 2906 2531 noend, waartoe alleen cen riip kunstenaar in
2025 2512 2890 2555 staat is. N.. Holland zullen wij „Reigen“ in
2028 2547 2897 2602 Denemarken brengen, alwaar van een speel¬
2027 2580 2649 2640 verbod gelukkig geen sprake is.
2055 2614 2902 2682 Al moeten wil volmondig erkennen dat de
2028 2661 2897 2721 bevoegdheid vertooningen al of niet toe te
2019 2704 2897 2756 staan zonder verdere argumentatie bij de auto¬
2018 2744 2894 2796 riteiten berust, wij willen toch, in verband met
2020 2784 2891 2833 de artistieke belangen welke daarmede ge¬
2013 2818 2901 2872 moeid ziin, niet nalaten onze verwondering uit
2014 2861 2886 2907 te drukken dat men bijv. Schnitzler’s „Reigen'
2024 2899 2897 2946 e Amsterdam verbiedt, terwiil aldaar
2020 2944 2888 2993 geregeld een stuk wordt vertoond, waarvan de
2011 2976 2898 3041 titel alleen reeds teonsmakelijk is om te
2014 3010 2216 3065 vermelden.
2053 3037 2893 3096 Dus ook hier kan men constateeren dat op¬
2014 3088 2887 3135 vatting en smaken verschillen. Wij willen dan
2020 3132 2894 3178 ok nogmaals langs dezen weg onzen dank en
2023 3173 2892 3225 ppreciatie naar voren brengen dat men ons te
2016 3210 2900 3270 s-Gravenhage de vertooning van „Reigen)
2017 3245 2335 3310 heeft toegestaan.
