3336 4416
924 174 1345 264 box 17/6
228 179 748 284 11. Reigen
520 448 1566 531 Wien, Samstag, den 12. Februar
571 598 1532 695 Die Abgeordneten und der
873 686 1222 792 „Reigen“.
516 787 1566 848 Die Fortsetzung der Aufführungen trotz des
920 843 1167 899 Verbotes.
525 874 1566 989 TRERR NNEUE FREIE PBASSR Februar.
564 962 1606 1051 Die Engländer nennen 1iehe Leute Faddisten. Das
479 1033 1609 1099 sind Menschen ohne Sinn für das Wesentliche, Wichtigtuer,
478 1087 1602 1144 die sich mit wahrer Wollust dem Unbedeutenden widmen.
492 1129 1602 1189 Ein Weltuntergang findet solche Menschen damit beschäftigt,
490 1180 1608 1223 dem Gegner eine Bosheit anzuhängen. Bei einer Feuers¬
483 1223 1599 1280 brunst, wo alles in Asche fällt, werden sie vielleicht zanken,
490 1272 1609 1322 weil der Nachbar sich bei der Flucht ein wenig vordrängt.
481 1311 1610 1370 Der Staat geht in Trümmer, die Hoffnungslosigkeit brütet
480 1359 1602 1420 über diesem Lande, die Kinder welken dahin und die Ziffern
481 1406 1601 1477 des Defizits sind wie das Dröhnen einer Sturmglocke. Aber
479 1451 1610 1507 die Herren im Parlament lassen sich nicht stören. Sie haben
481 1496 1608 1552 viel Besseres zu tun, als den Geldwert zu retten, die Raserei
480 1541 1598 1609 der Ausgaben einzudämmen und sämtliche Posten des
480 1592 1598 1648 Voranschlages zu prüfen. Mit solchen Kleinigkeiten geben
479 1647 1600 1705 wir uns nicht ab und auf einige Milliarden mehr oder
489 1692 1601 1746 weniger kommt es ohnehin nicht an. Wir halten es mit der
480 1736 1605 1796 Weisheit des Wurzusepp: Es kann dir nix g'scheh'n, denn
481 1777 1601 1839 irgendwie werden wir schon im April zu essen haben, ob mit
491 1825 1603 1891 Zetteldruck oder auf Kredit, ob mit türkischer Kontrolle oder
482 1880 1601 1933 auf eigene Hand, ist gleichgültig. Das russische Nitschewo,
491 1928 1607 1982 die lähmende Wurstigkeit, das vollkommene Versagen jedes
486 1969 1599 2025 politischen Ernstes, das alles zeigte sich während der Rede
478 2016 1601 2077 Dr. Grimms, die vor leeren Bänken gehalten wurde, vor
480 2071 1597 2144 ein paar Dutzend Abgeordneten, in einem gelangweilten,
471 2105 988 2166 schlecht besetzten Hause ...
584 2160 1596 2223 Aber siehe, dieses tote Parlament erwacht zum Leben.
480 2204 1607 2276 Vorüber die Lethargie, abgetan die Mattigkeit und wie
483 2264 1610 2328 elektrisiert die Atmosphäre. Plötzlich ist das Interesse
489 2303 1532 2378 lebendig, erhitzt sich die Debatte und erregen sich
1547 2316 1603 2366 die
488 2351 1538 2406 Abgeordneten. Woher kommt diese Aenderung? Weil
1564 2358 1603 2412 es
493 2400 1603 2465 ich, mag tausendmal die Verfassungsfrage vorgeschützt
482 2454 1598 2508 werden, um das berühmte Theatertinterl des Vormärz
480 2494 1593 2559 handelt, um jene Kulissenluft, die ganz Oesterreich durch¬
493 2544 1536 2599 dringt, und um jenen Bühnenklatsch, der die Wiener
477 2586 1532 2652 leicht in Schwingung bringt. Andere Menschen können
480 2632 1533 2689 kaum ertragen, sich jetzt mit Nebensächlichem zu befas
1542 2640 1599 2695 sen.
479 2680 1600 2732 Die Abgeordneten haben es für richtig gehalten, einen
490 2721 1598 2781 ganzen Sitzungstag über den „Reigen zu reden, während
477 2774 1595 2828 das Gespenst der völligen Entmündigung schon umgeht und
480 2817 1604 2870 die Messer gewetzt werden, mit denen der letzte Rest unserer
481 2864 1606 2926 Freiheit geschlachtet wird. Man denke nur, was
479 2916 1606 2971 geschehen ist. Der Minister des Innern hat es gewagt, über
475 2955 1600 3013 die Majestät des Landeshauptmannes hinweg, ohne Rück¬
490 3002 1599 3075 sicht auf seine Souveränität, das Stück von Schnitzler zu
494 3061 1607 3117 verbieten. Er hat den Hetzereien nachgegeben und durch
482 3102 1607 3159 eine etwas kühne Auslegung einer verrosteten Verordnung
488 3144 1604 3211 ist ohne den Landeshauptmann das Verbot zustande ge¬
489 3189 1600 3244 kommen. Wir sind die letzten, die solche Künsteleien
482 3236 1592 3287 billigen. Vor allem schon deswegen, weil, wie sich heraus¬
489 3284 1598 3345 stellt, die Bundesregierung gar keine Handhaben besitzt, um
495 3330 1599 3395 hrem Willen Achtung zu verschaffen. Wir haben heute die
495 3372 1599 3427 denkwürdige Tatsache zu verzeichnen, daß die Wiener
491 3421 1599 3482 Behörden einen Vorgang zulassen, welchen die Bundes¬
495 3467 1603 3525 regierung amtlich verbietet. Wir sehen die Unbeholfenheit
486 3521 1599 3575 mancher leitenden Faktoren und die Anarchie, die sich
486 3558 1604 3622 immer tiefer eingräbt. Eines ist sicher: Oft dürfen
498 3600 1608 3674 ich solche Fälle nicht wiederholen, denn sonst
480 3639 1601 3715 müßte die Sorge, die bei der Bildung des Mini¬
493 3700 1596 3762 steriums geäußert wurde, die Sorge insbesondere
478 3734 1592 3799 wegen der Staatsautorität, sich steigern. Die Bundes¬
482 3786 1604 3845 regierung darf nicht vor aller Augen bloßgestellt werden
481 3841 1594 3893 und sie darf nichts unternehmen, was über ihre Kräfte
487 3892 1600 3958 geht. Sie darf nicht auf dem schmalen Pfade, der ihr
480 3922 1599 3990 gegeben ist, ausgleiten und den Gegnern billige Siege ver¬
985 4028 1592 4112 Haus Unruh“
2526 322 2752 390 Fr. 112.
2440 432 2718 526 1921.
1655 566 2775 631 schaffen, die nach Belieben parteipolitisch ausgenützt werder
1640 620 1799 685 können.
1748 649 2784 720 Es ist jedoch nicht mehr die Zeit für parlamentarische
1646 710 2771 774 Einzelschlachten. Es ist ein himmelschreiendes Unrecht, ein
1650 755 2755 823 Volksverrat an Oesterreich, über etwas anderes zu verhandeln
1645 814 2774 866 als über das Heil des Landes und undere Wünsche walten
1641 854 2767 908 zu lassen als die Sehnsucht nach Rettung und Erneuerung.
1644 896 2774 949 Von rechts wie von links müßte alles vermieden werden, was
1646 943 2773 1008 dem Auslande den Vorwand bietet, uns herabzuwürdigen
1648 990 2771 1045 und was den Eindruck der bübischen Verspieltheit mit sich
1645 1036 2773 1093 bringt. Wie soll es verstanden werden, wenn ein Mann in
1646 1080 2769 1145 der Stellung des Präsidenten Seitz förmlich die Revolution
1648 1132 2774 1194 an die Wand malt, wenn die Bundesregierung den Versuch
1643 1172 2768 1228 machen wollte, die Aufführung zu verhindern. Welche
1645 1225 2770 1280 Schande für das Parlament, daß die Abgeordneten beinahe
1646 1266 2776 1316 mit den Fäusten aufeinanderschlagen, alles aus Wut wegen
2310 1309 2768 1374 Niemand kann leugnen,
1648 1313 2279 1378 der Aufführung des „Reigen“!
1644 1362 2776 1415 daß dieses Stück bei vielen Zuschauern Empfindungen her¬
1650 1412 2771 1461 vorruft, die nicht mehr als künstlerische bezeichnet werden
1648 1450 2775 1499 können, und daß trotz aller Genialität die Beimischung des
1645 1495 2783 1551 im schlechten Sinne Lüsternen nicht ausgeschlossen ist. Ebenso¬
1646 1540 2773 1601 wenig jedoch kann dieses Herumtasten von Erlaubnis zu Verbot,
1647 1601 2782 1650 von Läßlichkeit zu äußerster Strenge der Sachlage entsprechen.
1655 1633 2777 1684 Der Konflikt muß rasch beseitigt werden, weil sonst die
1650 1674 2778 1740 Bundesregierung in eine ähnliche Lage käme wie die Re¬
1646 1731 2779 1788 gierung während der französischen Revolution, als das Rat¬
1648 1775 2783 1834 haus von Paris stärker war als das Ministerium und nichts
1655 1816 2614 1886 geschehen konnte, was die Commune nicht gestattete.
1739 1858 2786 1922 Die ganze Oeffentlichkeit wird sich jedoch in der Forde¬
1652 1911 2783 1958 rung vereinigen, daß die Abgeordneten endlich begreifen
1652 1953 2783 2009 mögen, was die Stunde gebietet. Mit Zittern muß daran
1655 2002 2775 2061 gedacht werden, wie das Ausland von uns denken wird und
1644 2050 2777 2110 welche unberechtigten Schlüsse aus solchen Episoden gezogen
1648 2090 2785 2155 werden. Wir haben eine amerikanische Zeitschrift vor Augen,
1646 2143 2773 2190 in welcher der Hilferuf der europäischen Mütter zur Dar¬
1647 2182 2783 2244 stellung gelangt und wo mit einer Herzlichkeit, die jeden wie
1645 2235 2782 2287 eine Wohltat berührt, das Schicksal Oesterreichs behandelt
1655 2273 2774 2332 wird. Werden es die Mildtätigen verstehen können, daß die
1647 2326 2788 2381 Parlamentarier sich wegen des „Reigen“ in den Haaren
1652 2373 2773 2430 iegen, wird man es ihnen klarmachen können, daß es sich
1641 2415 2774 2476 wiederum nur um eine Folge unserer schauerlichen Lage
1645 2462 2782 2524 händelt? Denn tatsächlich leben wir heute wie im Vor¬
1650 2555 2782 2609 die Willensäußerung lähmt, die Tatkraft zu Boden drückt
1643 2599 2784 2662 und jeden entschiedenen Vorstoß des Selbsterhaltungstriebes
1657 2652 2784 2713 indert. Nur kommt die Sklaverei nicht von innen, sondern
1641 2695 2778 2741 von außen, und sie ist noch ärger als in der damaligen Zeit,
1645 2741 2786 2797 denn sie ist nicht nur politisch, sondern auch wirtschaftlich
1649 2788 2775 2850 und sie ist um so schwerer, weil die Verluste unwieder¬
1646 2835 2773 2896 bringlich und die Persönlichkeiten noch schwächlicher sind.
1646 2879 2783 2932 Aber genau so wie damals bewirkt das Ueber¬
1647 2926 2783 2973 maß der Erschöpfung, daß sich das Interesse verbröselt,
1642 2971 2784 3019 daß das Sumpertum sich immer mehr verbreitet und der
1651 3010 2782 3070 Sinn für Verhältnismöglichkeit verloren geht. In einem
1640 3058 2775 3112 Lande, das derart niedergeschmettert wurde, wo die
1654 3109 2781 3159 Ausgaben so sehr die Fähigkeiten übersteigen, da ist es
1651 3157 2778 3216 schließlich nicht zu verwundern, daß die Menschen, besonders
1649 3204 2784 3267 unbedeutende Menschen, ihre Erregungen dorthin schleudern,
1641 3252 2773 3305 wo Instinkt und Zufall sie hinleiten. Das ewige Ver¬
1649 3296 2785 3358 gebens, die ununterbrochene Zerbläuung, die nicht zu
1653 3351 2781 3400 heilende Krankheit müssen schließlich auf das höchste
1648 3391 2771 3452 irritieren und die parlamentarische Sittlichkeit zugrunde
1645 3436 2769 3495 richten. Der heutige Tag war ein schwarzer Tag des
1646 3479 2774 3534 Parlaments und kein Entschuldigungsgrund vermag den
1649 3522 2777 3585 Mangel an Staatsgefühl zu rechtfertigen und die Gleich¬
1642 3575 2771 3636 gültigkeit in den Zeiten der schwersten Not. Am besten wäre
1650 3621 2770 3671 es, diese Sitzung aus den Protokollen des Parlaments aus¬
1649 3671 2771 3726 zulöschen, damit wir nicht vor unseren Kindern und Enkeln
1647 3708 2767 3765 in Schande stehen und damit wir nicht erröten müssen, wenn
1653 3758 2761 3822 sie uns fragen, wie wir das Leiden dieses Friedens getragen
1655 3808 2768 3862 haben. Das Defizit kann nicht totgeschwiegen werden und die
1637 3852 2779 3904 Groteske einer Kampfdebatte über den „Reigen“ nach der
1642 3893 2770 3955 Rede des Finanzministers ist unerträglich. Es war das
1649 3940 2191 4005 Satirspiel nach der Tragödie.
2710 4048 2772 4087 4.—
1623 4046 2683 4113 Rudolfinerhaus. Ein Schüler und Freund Gant#u##
