3392 4256
271 95 782 196 11. Reigen
960 94 1371 187 box 18/1
2120 78 2841 135 pieler gehoren zum Teil den —
2853 85 3103 140 Rotter= und
2111 113 3096 183 Operettenbühnen an. Auf der anderen Seite kämpft
2097 148 3099 223 das sozialistische preußische Kultusministerium für die
2098 193 3075 257 durch die Aufführung von Schnitzlers „Reigen
2097 239 3092 305 bedrohte Sittlichkeit, erklärt sich aber bereit, diese Un¬
2098 277 3099 348 sittlichkeit passieren zu lassen, wenn der Mietsvertrag
2106 324 3088 383 des Kleinen Schauspielhauses um ein Jahr verkürz
2103 366 3096 429 wird. Und drittens behauptet Herr Direktor Alt¬
2096 403 3094 465 man, daß seine künstlerische Stellung durch die Ver¬
2098 441 3098 503 bindung mit den Rotters für Berlin nicht geschwächt,
2094 483 3102 547 sondern gestärkt sei, da sich seine Macht später vielleicht
2095 529 2964 585 auch auf das Lessingtheater ausdehnen würde.
2156 575 3087 639 Allen drei Fällen ist eins gleich: Die Vermengung
2101 628 3092 676 von Kunst (oder Moral) mit geschäftlichen (oder prak¬
2097 661 3086 724 tischen) Interessen. Wenn viele Schauspieler glau¬
2090 698 3088 766 ben, daß durch die Vergewerkschaftung der Genossen¬
2105 741 3090 805 chaft, das künstlerische Moment in den Hintergrund
2083 786 3090 847 gedrängt wird, so ist das ein Fall, der nicht ernst genug
2095 829 3088 878 diskutiert werden kann (und der mit Recht auch her¬
2097 867 3095 920 vorragende Darsteller Berlins herausfordert). Wenn
2090 902 3090 968 aber Herr Eugen Burg von den Rotterbühnen oder
2093 944 3083 1011 Herr Sickla oder Herr Matzner die Kunst be¬
2090 989 3090 1053 droht sehen, so meinen sie die Bedrohung ihrer
2090 1027 3085 1105 Gage durch den zweiprozentigen Mitgliedsbeitrag der
2081 1065 2490 1132 Bühnengenossenschaft.
2136 1112 3087 1181 Wenn das Kultusministerium der Direktion
2083 1152 3097 1218 Eysoldt=Sladek bei der Aufführung von
2082 1212 3083 1257 „Reigen“ geschäftliche Berechnung vorwirft, so hat
2086 1251 3081 1300 es mit der Tatsache des Vorwurfs recht, mit dem
2094 1278 3082 1344 Sinn des Vorwurfs aber Unrecht. Natürlich sollte
2084 1329 3089 1374 „Reigen“ ein Geschäft werden, (und gerade das Kul¬
2086 1367 3079 1419 tusministerium hat durch seine einstweilige Ver¬
2089 1403 3074 1454 ügung alles getan, das Geschäft sensationell aufzu¬
2083 1445 3087 1509 färben). Aber welcher Theaterdirektor in der Welt
2089 1492 3091 1549 vollte nicht, daß sein Stück gut ginge? Und wem ist
2079 1525 3084 1587 daraus ein Vorwurf zu machen? Klar gesehen, liegt
2077 1567 3076 1629 der Fall so, daß „Reigen“ als Dichtung unspekulativ
2087 1604 3078 1668 st, daß auch die Art der Aufführung unspekulativ ist,
2080 1655 3071 1704 daß nur die Tatsache der Aufführung als Spe¬
2077 1693 3074 1752 kulation gedeutet werden kann. Aber selbst diese
2084 1729 3073 1784 Spekulation zugegeben, wäre es immer noch Aufgabe
2073 1778 3073 1826 einer in Zusammenhängen empfindenden, also auch
2239 1799 2279 1838 724
2077 1816 3083 1879 die Pucnkumspsychologie berücksichtigenden Kritik,
2081 1860 3067 1900 diese Aufführung zu verteidigen, weil hier mit dis¬
2072 1895 3064 1950 kreten Mitteln das Interesse auch einer tieferstehenden
2074 1934 3069 1985 Publikumsschicht erweckt wird, die sich sonst von den
2079 1983 3073 2037 künsten der Rotters und der Orska angezogen fühlt.
2069 2013 3064 2075 Jeder Theaterbesucher, der durch die „Reigen“=Dar¬
2084 2060 3059 2120 tellung abgehalten wird, das Trianon=, das Residenz¬
2067 2101 3063 2151 theater oder die „Salome“=Aufführung in der König¬
2067 2143 3065 2195 grätzer Straße zu besuchen, ist der Direktion Eysoldt
2068 2188 3070 2231 als Leistung gutzuschreiben. Ich habe die künstlerischen
2076 2221 3063 2282 Taten des Kleinen Schauspielhauses sonst nicht hoch
2066 2263 3059 2321 eingeschätzt. Aber im Zusammenhang mit den Berliner
2070 2301 3053 2360 Theaterzuständen überhaupt kann man nicht energisch
2072 2347 3060 2395 genug für den „Reigen“ eintreten, weil er die Publi¬
2068 2387 3059 2450 kumsinstinkte mit Takt bofriedigt. Und Herr Haenisch
2068 2425 3056 2482 sollte sich bewußt werden, daß er nicht nur eine Ver¬
2061 2473 3064 2523 antwortung für die Ausnutzbarkeit eines Hochschul¬
2068 2506 3055 2568 saales, sondern eine größere für die Situation der
2059 2550 2470 2607 Berliner Theater hat.
2125 2593 3050 2659 Der dritte Fall ist der kurioseste. Ein Theater¬
2058 2641 3063 2702 direktor verteidigt seine Künstlerschaft — indem er sie
2058 2687 3054 2736 preisgibt. Man nahm zuerst an, daß der Eintritt der
2061 2724 3050 2777 Rotters in die Direktion des Kleinen Theaters das
2054 2764 3055 2819 Ende der Direktion Altman bedeuten würde. Aber
2050 2802 3049 2862 die dunkje Ahnung, daß man Herrn Altmann immer
2050 2850 3055 2904 noch überschatzt habe, bestätigt sich. Herr Altman,
2050 2886 3049 2948 außerstande durch seine künstlerischen Leistungen sich
2055 2925 3049 2989 den Anspruch auf ein größeres Theater zu erwerben,
2054 2969 3054 3026 erwirbt ihn sich durch geschäftliches Paktieren mit den
2058 3006 3047 3067 Rotters. Die Rotters pachten Herrn Dr. Altman
2056 3054 3048 3109 als ihre germanistische Bildung und belohnen ihn
2050 3087 3051 3142 dafür später mit der Direktionsführung des Lessing¬
2054 3125 2216 3180 theaters.
2226 3127 2696 3187 .Daß die Rotters
2701 3136 2898 3188 glauben,
2901 3139 3051 3195 alles
2057 3171 3041 3229 hrem Geldbeutel dienstbar machen zu können,
2045 3218 3050 3255 also auch den Geist, ist nach ihren Erfolgen verständ¬
2051 3249 2159 3299 lich.
2162 3251 3056 3298 Nur begehn sie hier einen Irrtum: Herr
2055 3289 3042 3351 Dr. Altman wird sie enttäuschen. Sie werden bald
2048 3331 3039 3386 sehen, daß sie nicht einen fremden „Geist“, sondern
2048 3365 3046 3432 nur den eigenen „Ungeist“ eingehandelt haben. Da
2048 3410 3049 3468 sich bei ihnen jede Ausgabe lohnen muß, werden sie
2041 3457 3039 3531 diese bereuen. Den Dilettantismus konnten sie billi¬
2035 3495 2508 3558 ger bei sich selbst haben.
2873 3499 2993 3560 H. Ih.
2138 3591 2983 3681 Berliner Börsen Ceuriar, Berlin
2365 3665 2773 3736 Mergenansgale
2497 3747 2823 3855 5. 1. 1921
