3392 4256
512 130 622 195 Re
1015 131 1419 219 box 18/1
314 132 832 228 11. Bigen
748 597 1534 677 graften Gott der Herr unser Volk dur#
755 647 1674 735 Solch köstlichs Frucht macht rechtgetragenes Leide
695 675 1314 765 Scrat und ist sihn tiefer Lohn.
680 791 748 841 6
889 808 1843 930 Der Kampf um den „Reigen“.
838 909 1953 973 Das Kuliusministerium gibt nunmehr eine Darstellung der
640 915 1952 1017 2— „Reigen“=Affäre. Sie ist geeignet, in jeder Weise die sen¬
769 984 1964 1057 sationelle Aufbauschung, die nun einmal in der liheralen Boulevard¬
754 1024 1971 1094 presse bei allen nebensächlichen Theaterangelegenheiten Brauch
754 1061 1965 1119 ist, auf ihre wahre Bedeutung zurückzuführen. [Die liberale Presse
761 1103 1954 1174 und ihre Hintermänner fürchten, daß mit der Sozialisierung der
750 1136 1958 1217 Theater Ernst gemacht werde, und sie benutzt jede Gelegenheit, um
750 1178 1954 1243 im Namen der Freiheit und der Kunst dagegen Strm zu laufen.
621 1184 690 1274 *
743 1209 1854 1298 Der Fall des „Reigens“ hat dafür reichlich herhalten müssen.
832 1254 1162 1309 Wie war es nun?
838 1294 1667 1364 Die Hochschule für Musik hatte in einem für den
1694 1307 1949 1367 Staat höchst be¬
632 1306 684 1375 □
751 1328 1657 1402 denklichen Konirakt (170 M. pro Abend!) einen
1684 1353 1955 1404 Saal an Frau
628 1365 701 1422 *
744 1365 1960 1427 Eysoldt überlassen. Das Ministerium ließ ihn nur gelten, weil die
753 1403 1954 1478 Pächterin wenigstens alle Versicherungen für einen literarischen
643 1418 704 1492 *
751 1446 1945 1517 Charakter des Unternehmens abgab und sich ausdrücklch verpflichtete,
750 1492 1948 1546 nur sittlich, künstlerische und politisch unbedenklichs Stücke aufgu¬
754 1520 1951 1595 führen. Das sich auszubedingen, war durchaus Pffcht einer Ver¬
749 1564 1949 1633 waltung, die öffentliche Verantwortung trägt. Leider hielt sich das
735 1603 1946 1671 Theaterunternehmen, dem der durch Sommeraufführutgen bereicherte
748 1638 1951 1699 Herr Sladek beitrat, nicht daran, sondern etablierte ene Anstalt für
751 1683 1955 1739 rrotische Theaterstücke, da ihm diese die beste Zugkraft zu bieten
745 1711 1951 1788 schienen. Da der Einspruch gegen die „Reigen“=Aufführung nichts
751 1754 1940 1824 fruchtete, griff dann das Ministerium zu der bekannten einstweiligen
741 1791 1940 1865 Verfügung, die aus technischen Gründen verzögert wurde. Der
751 1837 1948 1908 weitere Verlauf ist betannt. Die einstweilige Verfügung wurde
747 1868 1947 1942 vorläufig zurückgezogen und im Namen der Freiheit und der
755 1904 1933 1976 Kunst macht nun das Unternehmen glänzende Geschäfte mit einem
743 1943 1930 2013 alten Stück, das für eine öffentliche Aufführung nie bestimmt war
752 1985 1928 2053 und das bisher von keinem Theater aufgeführt wurde. Berlin W.
743 2018 1934 2102 hat seine erotische Sensation, wofür es gern die höchsten Preise
750 2050 1206 2114 zahlt. Armer Schnitzler!
825 2087 1938 2176 Die Freie Volksbühne hat ein Abkommen mit dem
741 2128 1928 2198 Kleinen Schauspielhaus; sie hat aber, wie wir erfahren, darauf
750 2176 1923 2251 verzichtet, ihren Mitgliedern in irgendeiner Form den „Reigen“
751 2215 1935 2289 zu bieten. Die liberale Presse wird jetzt, nachdem sie das Thema
743 2259 1930 2329 von der Wiedereinführung der Zenfur zu Tode geleiert hat, wahr¬
745 2291 1929 2358 scheinlich entbecken, daß die Volksbühne in den Händen von Ba¬
746 2336 1930 2402 nausen ist. Welch ein Frevel am dreimal heiligen Theatergeschäft,
738 2370 1931 2456 wenn den 14—18jährigen Kindern des Volkes die Physiologie des
731 2406 1209 2464 Koitus vorenthalten wird.
825 2449 1933 2523 Und die Zensur? Wir sind selbstverständlich gegen jeden
729 2471 1932 2552 Versuch, die Theaterzensur wieder einzuführen. Das Vorgehen
742 2522 1939 2603 des Kultusministeriums hat aber damit auch nichts zu tun: es
734 2564 1929 2639 wollte seinem Haus den Charakter wahren, den es sich im Ver¬
730 2602 1925 2668 trage ausbedungen hatte, und da dies nicht gelang, sich wieder
737 2638 1923 2718 die Verfügung über einen Saal verschaffen, den es für seine Unter¬
742 2678 1929 2750 richtszwecke dringend braucht. Ungeschicklichkeiten mögen dabei be¬
731 2715 1925 2794 gangen sein — vor allem hätte man die Presse sofort gründlich
743 2762 1929 2836 aufklären sollen. Aber deswegen das Geschrei? Die erotische
732 2799 1915 2862 Hausse wird sich verlaufen, das Regime Sladek wird sein natür¬
734 2835 1921 2912 liches Ende finden. Je mehr sich die Volksbühnen¬
726 2872 1930 2947 bewegung ausbreitet, um so mehr wird das
702 2911 1976 3003 [Theeter wieder feinen idealen Zwecken zugen
664 2961 743 3036 *
1984 792 3177 872 führt werden. Würde und Veranwortung werden darüber
1988 840 3162 904 walten. Kein Geschäftsinteresse wird im sozialistischen Theater
1992 880 3176 944 der Volksgenossen erotischen Kitzel heischen, und der „Reigen“ wird
1992 919 2959 988 seiner natürlichen Bestimmung zurückgegeben werden.
2054 1039 2318 1111 Staatätbraten
