<?xml version="1.0" encoding="UTF-8" standalone="yes"?>
<PcGts xmlns="http://schema.primaresearch.org/PAGE/gts/pagecontent/2013-07-15" xmlns:xsi="http://www.w3.org/2001/XMLSchema-instance" xsi:schemaLocation="http://schema.primaresearch.org/PAGE/gts/pagecontent/2013-07-15 http://schema.primaresearch.org/PAGE/gts/pagecontent/2013-07-15/pagecontent.xsd">
    <Metadata>
        <Creator>prov=University of Rostock/Institute of Mathematics/CITlab/Gundram Leifert/gundram.leifert@uni-rostock.de:name=ONB_Newseye_GT_M1+(htr_id=10810)::::v=2.4.3
prov=University of Rostock/Institute of Mathematics/CITlab/Tobias Gruening/tobias.gruening@uni-rostock.de:name=de.uros.citlab.module.baseline2polygon.B2PSeamMultiOriented:v=2.4.3
prov=University of Rostock/Institute of Mathematics/CITlab/Tobias Gruening/tobias.gruening@uni-rostock.de:name=/net_tf/LA73_249_0mod360.pb:de.uros.citlab.segmentation.CITlab_LA_ML:v=2.4.3
Transkribus</Creator>
        <Created>2019-10-07T11:39:49.146+02:00</Created>
        <LastChange>2019-12-04T20:09:59.902+01:00</LastChange>
        <TranskribusMetadata docId="223982" pageId="9503962" pageNr="594" tsid="20412291" status="IN_PROGRESS" userId="40391" imgUrl="https://files.transkribus.eu/Get?id=VXKZYLZSNVCPSNWBNHSBPAUP&amp;fileType=view" xmlUrl="https://files.transkribus.eu/Get?id=LBMUJNYYHGLLVUNDZWRGHVYI" imageId="6194176"/>
    </Metadata>
    <Page imageFilename="223982_0594.jpeg" imageWidth="3392" imageHeight="4416">
        <ReadingOrder>
            <OrderedGroup id="ro_1711448562644" caption="Regions reading order">
                <RegionRefIndexed index="0" regionRef="r1"/>
                <RegionRefIndexed index="1" regionRef="r2"/>
                <RegionRefIndexed index="2" regionRef="r3"/>
            </OrderedGroup>
        </ReadingOrder>
        <TextRegion orientation="0.0" id="r1" custom="readingOrder {index:0;}">
            <Coords points="285,152 285,304 393,304 393,152"/>
            <TextLine id="r1l1" custom="readingOrder {index:0;}">
                <Coords points="277,266 294,260 318,281 332,286 348,274 354,277 375,268 382,273 399,273 400,204 378,198 368,189 334,206 312,200 278,202"/>
                <Baseline points="285,253 312,252 339,253 366,254 393,253"/>
                <TextEquiv>
                    <Unicode>11</Unicode>
                </TextEquiv>
            </TextLine>
            <TextEquiv>
                <Unicode>11</Unicode>
            </TextEquiv>
        </TextRegion>
        <TextRegion orientation="0.0" id="r2" custom="readingOrder {index:1;}">
            <Coords points="469,217 469,4197 1900,4197 1900,217"/>
            <TextLine id="r2l1" custom="readingOrder {index:0;}">
                <Coords points="979,258 1030,280 1152,242 1284,273 1396,252 1396,204 1332,178 1290,193 1220,180 1159,223 1091,195 1056,206 979,187"/>
                <Baseline points="987,244 1012,244 1037,246 1062,246 1087,247 1112,247 1137,247 1162,247 1188,248 1213,247 1238,247 1263,247 1288,246 1313,245 1338,244 1363,243 1389,242"/>
                <TextEquiv>
                    <Unicode>box 17/6</Unicode>
                </TextEquiv>
            </TextLine>
            <TextLine id="r2l2" custom="readingOrder {index:1;}">
                <Coords points="462,279 493,290 574,272 662,287 686,276 700,291 743,293 778,275 778,207 693,201 658,210 603,191 571,215 496,190 462,201"/>
                <Baseline points="469,264 494,265 519,266 544,266 569,266 594,266 620,266 645,266 670,266 695,265 720,265 745,265 771,266"/>
                <TextEquiv>
                    <Unicode>Reigen</Unicode>
                </TextEquiv>
            </TextLine>
            <TextLine id="r2l3" custom="readingOrder {index:2;}">
                <Coords points="755,457 1264,493 1362,442 1362,411 1013,425 756,396"/>
                <Baseline points="762,449 791,449 821,450 850,451 880,451 910,452 939,453 969,453 998,454 1028,455 1058,455 1087,456 1117,456 1146,457 1176,457 1206,457 1235,457 1265,457 1294,457 1324,457 1354,457"/>
                <TextEquiv>
                    <Unicode>Ueber Schninlers „Reigen“</Unicode>
                </TextEquiv>
            </TextLine>
            <TextLine id="r2l4" custom="readingOrder {index:3;}">
                <Coords points="571,525 1650,539 1651,474 1427,505 571,473"/>
                <Baseline points="578,517 631,517 684,518 737,518 791,519 844,519 897,520 950,521 1004,522 1057,522 1110,523 1163,524 1217,525 1270,525 1323,526 1376,526 1430,527 1483,527 1536,527 1589,528 1643,528"/>
                <TextEquiv>
                    <Unicode>Das Kleine Theater in Leipzig wurde unter der</Unicode>
                </TextEquiv>
            </TextLine>
            <TextLine id="r2l5" custom="readingOrder {index:4;}">
                <Coords points="469,578 1459,596 1638,584 1639,534 469,525"/>
                <Baseline points="476,565 533,566 591,566 649,566 707,567 764,568 822,568 880,569 938,570 995,571 1053,572 1111,573 1169,573 1226,574 1284,575 1342,575 1400,576 1457,576 1515,576 1573,577 1631,576"/>
                <TextEquiv>
                    <Unicode>Direktion von Fritz Viehweg mit Schnitzlers „Reigen“</Unicode>
                </TextEquiv>
            </TextLine>
            <TextLine id="r2l6" custom="readingOrder {index:5;}">
                <Coords points="472,621 1655,639 1655,595 1608,582 472,577"/>
                <Baseline points="479,616 537,616 595,616 654,616 712,617 771,617 829,618 888,619 946,619 1005,620 1063,621 1121,622 1180,622 1238,623 1297,624 1355,624 1414,625 1472,625 1531,625 1589,625 1648,625"/>
                <TextEquiv>
                    <Unicode>eröffnet. Zu dem Werke nimmt der Professor der Philo¬</Unicode>
                </TextEquiv>
            </TextLine>
            <TextLine id="r2l7" custom="readingOrder {index:6;}">
                <Coords points="478,667 1652,675 1612,632 478,634"/>
                <Baseline points="485,665 546,665 607,665 668,665 729,666 790,667 851,667 912,668 973,670 1034,671 1095,672 1156,672 1217,673 1278,674 1339,674 1400,674 1461,674 1522,674 1583,673 1644,671"/>
                <TextEquiv>
                    <Unicode>ophie an der Universität Leipzig, Dr. Johannes Vol¬</Unicode>
                </TextEquiv>
            </TextLine>
            <TextLine id="r2l8" custom="readingOrder {index:7;}">
                <Coords points="469,721 1581,739 1656,728 1657,694 470,674"/>
                <Baseline points="477,713 535,713 594,713 652,714 711,714 770,715 828,716 887,717 945,717 1004,718 1063,719 1121,720 1180,721 1238,722 1297,722 1356,723 1414,723 1473,723 1531,723 1590,722 1649,722"/>
                <TextEquiv>
                    <Unicode>kelt, im Sprechsaal eines Leipziger Blattes mit fol¬</Unicode>
                </TextEquiv>
            </TextLine>
            <TextLine id="r2l9" custom="readingOrder {index:8;}">
                <Coords points="477,776 1647,785 1603,730 478,719"/>
                <Baseline points="484,762 541,763 599,763 657,764 715,764 773,765 830,765 888,766 946,766 1004,767 1062,768 1119,768 1177,769 1235,770 1293,770 1351,771 1408,772 1466,773 1524,773 1582,774 1640,775"/>
                <TextEquiv>
                    <Unicode>gender Auslassung Stellung: Als ich vor etwa 20 Jah¬</Unicode>
                </TextEquiv>
            </TextLine>
            <TextLine id="r2l10" custom="readingOrder {index:9;}">
                <Coords points="467,818 1647,823 1647,787 1427,770 468,777"/>
                <Baseline points="474,810 532,811 590,812 648,813 707,813 765,814 823,814 881,815 940,816 998,816 1056,816 1114,817 1173,818 1231,818 1289,819 1347,819 1406,820 1464,820 1522,821 1580,822 1639,823"/>
                <TextEquiv>
                    <Unicode>ren Schnitzlers „Reigen“ laß, hielt ich es für ausge¬</Unicode>
                </TextEquiv>
            </TextLine>
            <TextLine id="r2l11" custom="readingOrder {index:10;}">
                <Coords points="477,868 1653,878 1653,827 478,821"/>
                <Baseline points="485,860 543,861 601,861 659,862 717,862 775,863 833,863 891,864 949,864 1007,865 1065,866 1123,866 1181,867 1239,868 1297,868 1355,869 1413,870 1471,871 1529,872 1587,873 1645,874"/>
                <TextEquiv>
                    <Unicode>schlossen, daß ein Theaterleiter eine Aufführung dieser</Unicode>
                </TextEquiv>
            </TextLine>
            <TextLine id="r2l12" custom="readingOrder {index:11;}">
                <Coords points="473,919 1079,940 1242,909 1644,959 1656,890 473,870"/>
                <Baseline points="480,910 538,911 596,911 655,912 713,912 772,912 830,913 888,913 947,913 1005,914 1064,914 1122,915 1180,915 1239,916 1297,917 1356,917 1414,919 1472,920 1531,921 1589,923 1648,925"/>
                <TextEquiv>
                    <Unicode>Szenen wagen würde. Heute ist — dank der Bemüh¬</Unicode>
                </TextEquiv>
            </TextLine>
            <TextLine id="r2l13" custom="readingOrder {index:12;}">
                <Coords points="1099,1103 1163,1117 1182,1105 1195,1112 1223,1103 1248,1120 1270,1114 1292,1120 1291,1052 1207,1045 1187,1057 1177,1049 1119,1055 1099,1050"/>
                <Baseline points="1106,1100 1131,1100 1157,1099 1182,1099 1208,1099 1233,1099 1259,1098 1285,1097"/>
                <TextEquiv>
                    <Unicode>SPEB :37</Unicode>
                </TextEquiv>
            </TextLine>
            <TextLine id="r2l14" custom="readingOrder {index:13;}">
                <Coords points="733,1227 1060,1195 1166,1220 1325,1194 1549,1218 1549,1162 1349,1122 1004,1163 734,1124"/>
                <Baseline points="741,1195 781,1195 821,1194 861,1194 901,1194 941,1194 981,1194 1021,1194 1061,1194 1101,1195 1141,1195 1181,1195 1221,1195 1261,1196 1301,1196 1341,1196 1381,1197 1421,1197 1461,1198 1501,1198 1542,1199"/>
                <TextEquiv>
                    <Unicode>Vprarlberger Tagblatt, Bregenn</Unicode>
                </TextEquiv>
            </TextLine>
            <TextLine id="r2l15" custom="readingOrder {index:14;}">
                <Coords points="763,1257 792,1271 817,1263 823,1269 838,1264 867,1271 891,1254 923,1270 937,1263 950,1266 951,1202 922,1198 862,1224 842,1214 834,1222 823,1220 808,1209 786,1219 764,1219"/>
                <Baseline points="771,1258 799,1257 828,1257 856,1258 885,1259 913,1260 942,1259"/>
                <TextEquiv>
                    <Unicode>Seite 2</Unicode>
                </TextEquiv>
            </TextLine>
            <TextLine id="r2l16" custom="readingOrder {index:15;}">
                <Coords points="720,1395 1900,1390 1874,1345 720,1353"/>
                <Baseline points="727,1389 785,1389 843,1389 901,1389 960,1389 1018,1389 1076,1389 1134,1389 1193,1389 1251,1390 1309,1390 1367,1390 1426,1390 1484,1389 1542,1389 1600,1389 1659,1389 1717,1388 1775,1388 1833,1387 1892,1386"/>
                <TextEquiv>
                    <Unicode>ungen zahlloser Bühnendichter und Bühnenleiter um</Unicode>
                </TextEquiv>
            </TextLine>
            <TextLine id="r2l17" custom="readingOrder {index:16;}">
                <Coords points="1454,1450 1510,1434 1556,1450 1896,1452 1895,1403 1817,1393 1748,1405 1647,1394 1610,1408 1536,1397 1517,1415 1454,1415"/>
                <Baseline points="1461,1440 1486,1440 1511,1440 1536,1439 1561,1439 1586,1439 1611,1439 1636,1439 1661,1438 1687,1438 1712,1438 1737,1438 1762,1438 1787,1438 1812,1439 1837,1439 1862,1439 1888,1440"/>
                <TextEquiv>
                    <Unicode>— die Abstumpfung</Unicode>
                </TextEquiv>
            </TextLine>
            <TextLine id="r2l18" custom="readingOrder {index:17;}">
                <Coords points="718,1445 1435,1443 1435,1402 1391,1394 718,1401"/>
                <Baseline points="726,1439 761,1439 796,1439 831,1439 866,1439 901,1440 936,1440 971,1440 1006,1440 1041,1440 1076,1440 1111,1440 1146,1440 1181,1440 1216,1441 1251,1441 1286,1440 1321,1440 1356,1440 1391,1440 1427,1440"/>
                <TextEquiv>
                    <Unicode>Ausmerzung des Schamgefühls</Unicode>
                </TextEquiv>
            </TextLine>
            <TextLine id="r2l19" custom="readingOrder {index:18;}">
                <Coords points="719,1497 1903,1493 1903,1450 1818,1441 719,1444"/>
                <Baseline points="727,1489 785,1488 843,1488 902,1488 960,1488 1019,1488 1077,1488 1136,1488 1194,1488 1253,1489 1311,1489 1369,1489 1428,1489 1486,1489 1545,1488 1603,1488 1662,1487 1720,1486 1779,1485 1837,1484 1896,1483"/>
                <TextEquiv>
                    <Unicode>des sittlichen Empfindens und zugleich — dank vor allem</Unicode>
                </TextEquiv>
            </TextLine>
            <TextLine id="r2l20" custom="readingOrder {index:19;}">
                <Coords points="723,1546 1855,1550 1887,1494 723,1495"/>
                <Baseline points="730,1538 787,1538 845,1538 902,1538 960,1538 1017,1538 1075,1538 1132,1538 1190,1537 1247,1537 1305,1537 1362,1537 1420,1537 1477,1537 1535,1536 1592,1536 1650,1535 1707,1535 1765,1534 1822,1533 1880,1532"/>
                <TextEquiv>
                    <Unicode>der expressionistischen Kunst — die Verrohung des künst¬</Unicode>
                </TextEquiv>
            </TextLine>
            <TextLine id="r2l21" custom="readingOrder {index:20;}">
                <Coords points="715,1601 1833,1597 1894,1593 1894,1538 715,1545"/>
                <Baseline points="723,1588 781,1588 839,1587 897,1587 955,1587 1014,1587 1072,1587 1130,1587 1188,1587 1246,1587 1305,1587 1363,1587 1421,1587 1479,1586 1537,1586 1596,1586 1654,1585 1712,1584 1770,1584 1828,1583 1887,1581"/>
                <TextEquiv>
                    <Unicode>lerischen Geschmacks so weit gediehen, daß ein Theater</Unicode>
                </TextEquiv>
            </TextLine>
            <TextLine id="r2l22" custom="readingOrder {index:21;}">
                <Coords points="716,1645 1881,1649 1893,1595 716,1600"/>
                <Baseline points="723,1636 781,1636 839,1636 897,1636 955,1636 1013,1636 1071,1636 1129,1636 1187,1636 1245,1636 1304,1636 1362,1635 1420,1635 1478,1635 1536,1635 1594,1634 1652,1634 1710,1634 1768,1633 1826,1632 1885,1632"/>
                <TextEquiv>
                    <Unicode>den traurigen Mut hat, sich am Tage seiner Eröffnung</Unicode>
                </TextEquiv>
            </TextLine>
            <TextLine id="r2l23" custom="readingOrder {index:22;}">
                <Coords points="720,1693 1899,1699 1899,1645 1799,1638 720,1645"/>
                <Baseline points="727,1684 785,1684 843,1684 901,1684 959,1684 1018,1684 1076,1684 1134,1684 1192,1684 1250,1684 1309,1684 1367,1684 1425,1684 1483,1684 1541,1683 1600,1683 1658,1683 1716,1682 1774,1682 1832,1681 1891,1681"/>
                <TextEquiv>
                    <Unicode>durch Schnitzlers pornographische Skizzen die Weihe zu</Unicode>
                </TextEquiv>
            </TextLine>
            <TextLine id="r2l24" custom="readingOrder {index:23;}">
                <Coords points="720,1744 1866,1744 1900,1697 720,1698"/>
                <Baseline points="727,1736 785,1735 843,1735 901,1734 960,1734 1018,1734 1076,1733 1134,1733 1193,1733 1251,1733 1309,1733 1367,1732 1426,1732 1484,1732 1542,1732 1600,1731 1659,1731 1717,1730 1775,1730 1833,1729 1892,1728"/>
                <TextEquiv>
                    <Unicode>geben. Wenn Nietzsche von „Umwertung der sittlichen</Unicode>
                </TextEquiv>
            </TextLine>
            <TextLine id="r2l25" custom="readingOrder {index:24;}">
                <Coords points="719,1789 1896,1792 1896,1740 719,1745"/>
                <Baseline points="727,1782 785,1782 843,1782 901,1782 959,1782 1017,1782 1075,1782 1133,1781 1191,1781 1249,1781 1308,1781 1366,1781 1424,1780 1482,1780 1540,1780 1598,1779 1656,1779 1714,1779 1772,1778 1830,1778 1889,1777"/>
                <TextEquiv>
                    <Unicode>Werte“ redet, so meint er damit Umwertung nach oben</Unicode>
                </TextEquiv>
            </TextLine>
            <TextLine id="r2l26" custom="readingOrder {index:25;}">
                <Coords points="719,1836 1893,1841 1875,1785 719,1790"/>
                <Baseline points="726,1831 784,1831 842,1831 900,1831 958,1830 1016,1830 1074,1830 1132,1830 1190,1830 1248,1829 1306,1829 1364,1829 1422,1829 1480,1828 1538,1828 1596,1828 1654,1828 1712,1828 1770,1828 1828,1829 1886,1829"/>
                <TextEquiv>
                    <Unicode>hin: Umwertung im Sinne tapferer Selbstüberwindung,</Unicode>
                </TextEquiv>
            </TextLine>
            <TextLine id="r2l27" custom="readingOrder {index:26;}">
                <Coords points="722,1885 1889,1892 1852,1831 722,1838"/>
                <Baseline points="729,1879 786,1879 844,1879 901,1879 959,1880 1017,1879 1074,1879 1132,1879 1190,1879 1247,1878 1305,1878 1363,1878 1420,1877 1478,1877 1536,1877 1593,1876 1651,1876 1709,1876 1766,1876 1824,1876 1882,1876"/>
                <TextEquiv>
                    <Unicode>immer steilerer Aufgaben, immer härterer Selbstzucht.</Unicode>
                </TextEquiv>
            </TextLine>
            <TextLine id="r2l28" custom="readingOrder {index:27;}">
                <Coords points="716,1940 1890,1931 1828,1880 716,1890"/>
                <Baseline points="723,1930 784,1929 845,1929 906,1928 967,1928 1028,1928 1089,1928 1150,1927 1211,1927 1272,1927 1333,1927 1394,1927 1455,1927 1516,1927 1577,1926 1638,1926 1699,1925 1760,1924 1821,1923 1882,1921"/>
                <TextEquiv>
                    <Unicode>In unseren Tagen bedeutet „Umwertung“ meistens Um¬</Unicode>
                </TextEquiv>
            </TextLine>
            <TextLine id="r2l29" custom="readingOrder {index:28;}">
                <Coords points="717,1986 1894,1976 1877,1929 716,1940"/>
                <Baseline points="724,1978 782,1977 840,1977 898,1977 956,1976 1014,1976 1072,1976 1130,1976 1188,1976 1246,1976 1305,1975 1363,1975 1421,1975 1479,1975 1537,1974 1595,1974 1653,1974 1711,1973 1769,1973 1827,1972 1886,1971"/>
                <TextEquiv>
                    <Unicode>wertung' nach unten hin: nach der Richtung des Tieri¬</Unicode>
                </TextEquiv>
            </TextLine>
            <TextLine id="r2l30" custom="readingOrder {index:29;}">
                <Coords points="719,2038 1798,2037 1904,2021 1904,1981 719,1984"/>
                <Baseline points="727,2026 785,2025 843,2025 902,2024 960,2024 1019,2024 1077,2024 1136,2024 1194,2024 1253,2024 1311,2024 1369,2024 1428,2024 1486,2024 1545,2023 1603,2023 1662,2023 1720,2022 1779,2021 1837,2020 1896,2019"/>
                <TextEquiv>
                    <Unicode>schen, und zwar nicht einmal des Gesund= sondern des</Unicode>
                </TextEquiv>
            </TextLine>
            <TextLine id="r2l31" custom="readingOrder {index:30;}">
                <Coords points="719,2080 1872,2085 1890,2027 719,2037"/>
                <Baseline points="726,2073 783,2072 841,2072 899,2072 957,2072 1015,2071 1072,2071 1130,2071 1188,2071 1246,2071 1304,2071 1361,2071 1419,2071 1477,2071 1535,2071 1593,2071 1650,2070 1708,2070 1766,2070 1824,2069 1882,2068"/>
                <TextEquiv>
                    <Unicode>Erkrankt=Tierischen. Ein Theater, das seine Vorstel¬</Unicode>
                </TextEquiv>
            </TextLine>
            <TextLine id="r2l32" custom="readingOrder {index:31;}">
                <Coords points="720,2129 1816,2132 1904,2115 1904,2077 720,2080"/>
                <Baseline points="728,2122 786,2122 844,2121 903,2121 961,2121 1020,2120 1078,2120 1137,2120 1195,2120 1254,2119 1312,2119 1370,2119 1429,2119 1487,2118 1546,2118 1604,2117 1663,2117 1721,2116 1780,2115 1838,2114 1897,2113"/>
                <TextEquiv>
                    <Unicode>lung mit Schnitzlers „Reigen“ beginnt, stellt sich hier¬</Unicode>
                </TextEquiv>
            </TextLine>
            <TextLine id="r2l33" custom="readingOrder {index:32;}">
                <Coords points="723,2176 1800,2183 1903,2168 1903,2124 723,2139"/>
                <Baseline points="731,2169 789,2169 847,2169 905,2169 964,2168 1022,2168 1080,2168 1138,2167 1197,2167 1255,2167 1313,2167 1371,2166 1430,2166 1488,2166 1546,2166 1604,2165 1663,2165 1721,2165 1779,2165 1837,2165 1896,2164"/>
                <TextEquiv>
                    <Unicode>mit programmatisch in den Dienst der Umwertung der</Unicode>
                </TextEquiv>
            </TextLine>
            <TextLine id="r2l34" custom="readingOrder {index:33;}">
                <Coords points="711,2231 1647,2216 1647,2184 1538,2171 711,2178"/>
                <Baseline points="719,2219 765,2218 811,2218 857,2217 903,2217 949,2217 995,2217 1041,2216 1087,2216 1133,2216 1179,2216 1225,2216 1271,2216 1317,2216 1363,2216 1409,2216 1455,2215 1501,2215 1547,2215 1593,2215 1639,2215"/>
                <TextEquiv>
                    <Unicode>sittlichen Werte in dem schlechtesten Sinne.</Unicode>
                </TextEquiv>
            </TextLine>
            <TextLine id="r2l35" custom="readingOrder {index:34;}">
                <Coords points="824,2281 1890,2273 1867,2216 824,2225"/>
                <Baseline points="832,2266 884,2266 937,2266 989,2266 1042,2266 1094,2266 1147,2265 1199,2265 1252,2265 1304,2265 1357,2264 1409,2264 1462,2264 1514,2263 1567,2263 1619,2263 1672,2263 1724,2262 1777,2262 1829,2262 1882,2262"/>
                <TextEquiv>
                    <Unicode>Das auf gut Deutsch als Schweinerei zu bezeich¬</Unicode>
                </TextEquiv>
            </TextLine>
            <TextLine id="r2l36" custom="readingOrder {index:35;}">
                <Coords points="716,2324 1609,2341 1902,2320 1902,2277 716,2279"/>
                <Baseline points="724,2315 782,2315 841,2314 899,2314 958,2314 1016,2314 1075,2314 1133,2313 1192,2313 1250,2313 1309,2313 1367,2313 1426,2313 1484,2313 1543,2313 1601,2313 1660,2313 1718,2312 1777,2312 1835,2312 1894,2311"/>
                <TextEquiv>
                    <Unicode>nende Stück hat natürlich einen Juden zum Verfasser.</Unicode>
                </TextEquiv>
            </TextLine>
            <TextLine id="r2l37" custom="readingOrder {index:36;}">
                <Coords points="722,2367 1777,2384 1895,2367 1895,2319 722,2323"/>
                <Baseline points="730,2364 787,2363 845,2362 903,2362 961,2362 1019,2362 1077,2362 1135,2362 1193,2362 1251,2362 1309,2363 1366,2363 1424,2363 1482,2363 1540,2363 1598,2363 1656,2363 1714,2363 1772,2362 1830,2362 1888,2361"/>
                <TextEquiv>
                    <Unicode>Es ist ein trauriges Zeichen der Zeit, daß sich das</Unicode>
                </TextEquiv>
            </TextLine>
            <TextLine id="r2l38" custom="readingOrder {index:37;}">
                <Coords points="718,2428 1342,2414 1430,2435 1455,2426 1455,2371 718,2372"/>
                <Baseline points="725,2412 761,2412 797,2412 833,2412 869,2412 905,2412 941,2412 977,2411 1013,2411 1049,2411 1086,2411 1122,2411 1158,2411 1194,2411 1230,2411 1266,2411 1302,2411 1338,2411 1374,2411 1410,2412 1447,2412"/>
                <TextEquiv>
                    <Unicode>deutsche Volk so etwas bieten läßt.</Unicode>
                </TextEquiv>
            </TextLine>
            <TextLine id="r2l39" custom="readingOrder {index:38;}">
                <Coords points="766,2500 1698,2507 1862,2486 1862,2446 766,2450"/>
                <Baseline points="774,2491 828,2490 882,2489 936,2489 990,2488 1044,2488 1098,2488 1152,2487 1206,2487 1260,2487 1314,2487 1368,2487 1422,2487 1476,2487 1530,2487 1584,2487 1638,2487 1692,2486 1746,2486 1800,2486 1855,2485"/>
                <TextEquiv>
                    <Unicode>Der Präsident des deutschen Reichstages über die</Unicode>
                </TextEquiv>
            </TextLine>
            <TextLine id="r2l40" custom="readingOrder {index:39;}">
                <Coords points="1085,2556 1252,2545 1396,2560 1430,2543 1552,2562 1552,2506 1484,2493 1300,2506 1260,2491 1232,2507 1177,2490 1085,2494"/>
                <Baseline points="1092,2537 1117,2538 1142,2538 1167,2538 1192,2538 1217,2537 1242,2537 1267,2537 1292,2536 1318,2536 1343,2536 1368,2536 1393,2536 1418,2536 1443,2536 1468,2537 1493,2538 1518,2539 1544,2541"/>
                <TextEquiv>
                    <Unicode>Pariser Forderungen.</Unicode>
                </TextEquiv>
            </TextLine>
            <TextLine id="r2l41" custom="readingOrder {index:40;}">
                <Coords points="808,2608 1903,2599 1902,2557 1777,2550 808,2568"/>
                <Baseline points="815,2607 869,2606 923,2605 977,2605 1031,2604 1085,2604 1139,2603 1193,2603 1247,2603 1301,2603 1355,2603 1409,2603 1463,2603 1517,2603 1571,2602 1625,2602 1679,2602 1733,2602 1787,2602 1841,2601 1895,2601"/>
                <TextEquiv>
                    <Unicode>In der „Breslauer Volkswacht“ nimmt der Reichs¬</Unicode>
                </TextEquiv>
            </TextLine>
            <TextLine id="r2l42" custom="readingOrder {index:41;}">
                <Coords points="725,2662 1905,2661 1905,2618 1817,2609 725,2611"/>
                <Baseline points="732,2657 790,2655 848,2654 906,2653 965,2653 1023,2652 1081,2652 1140,2652 1198,2652 1256,2652 1315,2652 1373,2652 1431,2652 1489,2652 1548,2652 1606,2652 1664,2652 1723,2652 1781,2651 1839,2651 1898,2650"/>
                <TextEquiv>
                    <Unicode>tagspräsident Loebe, ein Sozialdemokrat, zu den Lon¬</Unicode>
                </TextEquiv>
            </TextLine>
            <TextLine id="r2l43" custom="readingOrder {index:42;}">
                <Coords points="723,2711 1900,2709 1900,2663 1825,2656 723,2663"/>
                <Baseline points="730,2704 788,2703 846,2702 904,2702 962,2701 1020,2701 1078,2701 1137,2701 1195,2700 1253,2701 1311,2701 1369,2701 1427,2701 1485,2701 1544,2701 1602,2701 1660,2701 1718,2700 1776,2700 1834,2699 1893,2699"/>
                <TextEquiv>
                    <Unicode>doner Verhandlungen über die Forderungen der En¬</Unicode>
                </TextEquiv>
            </TextLine>
            <TextLine id="r2l44" custom="readingOrder {index:43;}">
                <Coords points="721,2761 1896,2769 1896,2706 721,2709"/>
                <Baseline points="728,2752 786,2752 844,2751 902,2751 960,2751 1018,2751 1076,2751 1134,2751 1192,2750 1250,2750 1308,2750 1366,2750 1424,2750 1482,2750 1540,2750 1598,2750 1656,2750 1714,2750 1772,2749 1830,2749 1889,2749"/>
                <TextEquiv>
                    <Unicode>tente Stellung. Die Verpflichtung zur Zahlung von</Unicode>
                </TextEquiv>
            </TextLine>
            <TextLine id="r2l45" custom="readingOrder {index:44;}">
                <Coords points="726,2808 1897,2802 1857,2753 726,2761"/>
                <Baseline points="733,2802 790,2801 848,2800 906,2800 964,2799 1022,2799 1080,2798 1137,2798 1195,2798 1253,2798 1311,2798 1369,2798 1427,2798 1485,2798 1542,2798 1600,2798 1658,2798 1716,2798 1774,2797 1832,2797 1890,2797"/>
                <TextEquiv>
                    <Unicode>226 Milliarden Goldmark und etwa 36 Milliarden Aus¬</Unicode>
                </TextEquiv>
            </TextLine>
            <TextLine id="r2l46" custom="readingOrder {index:45;}">
                <Coords points="716,2864 1906,2852 1864,2805 716,2807"/>
                <Baseline points="723,2851 781,2850 840,2849 899,2848 958,2848 1017,2847 1075,2847 1134,2846 1193,2846 1252,2846 1311,2846 1369,2846 1428,2846 1487,2846 1546,2846 1605,2846 1663,2846 1722,2846 1781,2847 1840,2847 1899,2847"/>
                <TextEquiv>
                    <Unicode>fuhrabgaben unterschreiben, hieße nicht nur wider Treu</Unicode>
                </TextEquiv>
            </TextLine>
            <TextLine id="r2l47" custom="readingOrder {index:46;}">
                <Coords points="719,2906 1895,2895 1832,2851 719,2866"/>
                <Baseline points="726,2898 784,2897 842,2897 900,2897 958,2897 1016,2897 1074,2897 1132,2896 1190,2896 1248,2896 1307,2896 1365,2896 1423,2896 1481,2896 1539,2896 1597,2896 1655,2896 1713,2895 1771,2895 1829,2895 1888,2895"/>
                <TextEquiv>
                    <Unicode>und Glauben, sondern gegen alle Vernunft eine Ver¬</Unicode>
                </TextEquiv>
            </TextLine>
            <TextLine id="r2l48" custom="readingOrder {index:47;}">
                <Coords points="718,2963 1877,2962 1899,2898 718,2904"/>
                <Baseline points="725,2948 783,2947 841,2947 900,2947 958,2947 1016,2946 1075,2946 1133,2946 1191,2945 1250,2945 1308,2945 1366,2945 1425,2945 1483,2944 1541,2944 1600,2944 1658,2945 1716,2945 1775,2945 1833,2945 1892,2946"/>
                <TextEquiv>
                    <Unicode>pflichtung eingehen, deren Unmöglichkeit beim ersten</Unicode>
                </TextEquiv>
            </TextLine>
            <TextLine id="r2l49" custom="readingOrder {index:48;}">
                <Coords points="724,3002 1904,3007 1904,2957 1857,2952 724,2961"/>
                <Baseline points="731,2997 789,2996 847,2995 905,2995 964,2994 1022,2994 1080,2993 1139,2993 1197,2993 1255,2993 1314,2993 1372,2993 1430,2993 1488,2993 1547,2993 1605,2993 1663,2994 1722,2994 1780,2994 1838,2995 1897,2995"/>
                <TextEquiv>
                    <Unicode>Zahlungstermin sich kraß offenbaren werde. Die</Unicode>
                </TextEquiv>
            </TextLine>
            <TextLine id="r2l50" custom="readingOrder {index:49;}">
                <Coords points="717,3050 1907,3048 1871,3001 717,3003"/>
                <Baseline points="725,3043 783,3043 842,3043 901,3043 960,3043 1018,3043 1077,3042 1136,3042 1195,3042 1253,3042 1312,3042 1371,3042 1430,3042 1488,3041 1547,3041 1606,3041 1665,3041 1723,3041 1782,3042 1841,3042 1900,3042"/>
                <TextEquiv>
                    <Unicode>deutsche Regierung wird also bei ihrem</Unicode>
                </TextEquiv>
            </TextLine>
            <TextLine id="r2l51" custom="readingOrder {index:50;}">
                <Coords points="715,3100 1905,3106 1905,3053 1836,3047 715,3048"/>
                <Baseline points="722,3091 780,3091 839,3091 898,3091 957,3091 1016,3091 1074,3091 1133,3091 1192,3090 1251,3090 1310,3090 1368,3090 1427,3090 1486,3090 1545,3090 1604,3090 1662,3090 1721,3090 1780,3091 1839,3091 1898,3092"/>
                <TextEquiv>
                    <Unicode>Nein bleiben müssen, auch wenn die feindlichen</Unicode>
                </TextEquiv>
            </TextLine>
            <TextLine id="r2l52" custom="readingOrder {index:51;}">
                <Coords points="717,3154 1905,3155 1905,3107 1851,3098 717,3102"/>
                <Baseline points="724,3141 782,3141 841,3140 900,3140 958,3140 1017,3140 1076,3140 1134,3140 1193,3139 1252,3139 1311,3139 1369,3139 1428,3139 1487,3139 1545,3139 1604,3139 1663,3139 1721,3139 1780,3140 1839,3140 1898,3140"/>
                <TextEquiv>
                    <Unicode>Mächte so gütig sein sollten, sich 50 oder 60 Milliarden</Unicode>
                </TextEquiv>
            </TextLine>
            <TextLine id="r2l53" custom="readingOrder {index:52;}">
                <Coords points="728,3195 1895,3202 1895,3155 1848,3145 728,3153"/>
                <Baseline points="736,3188 793,3188 851,3188 908,3188 966,3188 1023,3188 1081,3188 1138,3187 1196,3187 1253,3187 1311,3187 1369,3187 1426,3187 1484,3187 1541,3187 1599,3188 1656,3188 1714,3189 1771,3190 1829,3191 1887,3193"/>
                <TextEquiv>
                    <Unicode>abhandeln zu lassen, wozu sie jedoch nicht die geringste</Unicode>
                </TextEquiv>
            </TextLine>
            <TextLine id="r2l54" custom="readingOrder {index:53;}">
                <Coords points="718,3249 1901,3243 1901,3208 1708,3191 1299,3191 1260,3223 718,3195"/>
                <Baseline points="725,3237 783,3237 841,3237 900,3237 958,3237 1017,3237 1075,3237 1134,3237 1192,3237 1251,3237 1309,3237 1367,3237 1426,3237 1484,3237 1543,3237 1601,3237 1660,3237 1718,3238 1777,3238 1835,3238 1894,3239"/>
                <TextEquiv>
                    <Unicode>Bereitwilligkeit zeigen. Der Reichstagspräsident er¬</Unicode>
                </TextEquiv>
            </TextLine>
            <TextLine id="r2l55" custom="readingOrder {index:54;}">
                <Coords points="725,3293 1898,3296 1877,3244 725,3245"/>
                <Baseline points="733,3286 790,3286 848,3286 906,3286 964,3285 1022,3285 1080,3285 1138,3285 1196,3285 1254,3285 1312,3285 1369,3285 1427,3285 1485,3285 1543,3285 1601,3285 1659,3286 1717,3286 1775,3287 1833,3287 1891,3288"/>
                <TextEquiv>
                    <Unicode>örtert sodann die Anschauung, daß vielleicht schon in</Unicode>
                </TextEquiv>
            </TextLine>
            <TextLine id="r2l56" custom="readingOrder {index:55;}">
                <Coords points="729,3343 1903,3354 1903,3304 1734,3292 729,3294"/>
                <Baseline points="736,3335 794,3335 852,3335 910,3335 968,3335 1026,3334 1084,3334 1142,3334 1200,3333 1258,3333 1316,3333 1374,3333 1432,3333 1490,3334 1548,3334 1606,3334 1664,3335 1722,3336 1780,3337 1838,3338 1896,3340"/>
                <TextEquiv>
                    <Unicode>den ersten Märztagen die Aussicht auf einen Ausweg</Unicode>
                </TextEquiv>
            </TextLine>
            <TextLine id="r2l57" custom="readingOrder {index:56;}">
                <Coords points="727,3397 1894,3396 1894,3355 1757,3340 727,3349"/>
                <Baseline points="735,3384 792,3384 850,3384 907,3384 965,3384 1023,3383 1080,3383 1138,3383 1195,3383 1253,3383 1311,3383 1368,3382 1426,3382 1483,3383 1541,3383 1599,3383 1656,3383 1714,3384 1771,3384 1829,3385 1887,3386"/>
                <TextEquiv>
                    <Unicode>verbaut sein könnte und die Alliierten ihre Drohungen</Unicode>
                </TextEquiv>
            </TextLine>
            <TextLine id="r2l58" custom="readingOrder {index:57;}">
                <Coords points="726,3444 1878,3446 1889,3394 726,3398"/>
                <Baseline points="734,3434 791,3433 848,3433 906,3433 963,3432 1021,3432 1078,3432 1135,3432 1193,3432 1250,3432 1308,3432 1365,3432 1422,3432 1480,3432 1537,3432 1595,3432 1652,3432 1709,3432 1767,3432 1824,3432 1882,3433"/>
                <TextEquiv>
                    <Unicode>wahr zu machen beginnen würden. Wird das Ruhr¬</Unicode>
                </TextEquiv>
            </TextLine>
            <TextLine id="r2l59" custom="readingOrder {index:58;}">
                <Coords points="725,3492 1898,3491 1870,3440 725,3444"/>
                <Baseline points="733,3482 790,3482 848,3482 906,3482 964,3482 1022,3481 1080,3481 1138,3481 1196,3480 1254,3480 1312,3480 1369,3480 1427,3479 1485,3479 1543,3479 1601,3480 1659,3480 1717,3481 1775,3482 1833,3482 1891,3484"/>
                <TextEquiv>
                    <Unicode>gebiet besetzt, so dürfte weder die Arbeitsfreudigkeit der</Unicode>
                </TextEquiv>
            </TextLine>
            <TextLine id="r2l60" custom="readingOrder {index:59;}">
                <Coords points="721,3537 1905,3534 1854,3483 721,3492"/>
                <Baseline points="729,3531 787,3531 845,3531 904,3530 962,3530 1021,3530 1079,3530 1138,3530 1196,3530 1255,3530 1313,3530 1371,3529 1430,3529 1488,3529 1547,3529 1605,3529 1664,3529 1722,3529 1781,3530 1839,3530 1898,3530"/>
                <TextEquiv>
                    <Unicode>Bergleute gehoben werden, noch die Qualität der Kohle</Unicode>
                </TextEquiv>
            </TextLine>
            <TextLine id="r2l61" custom="readingOrder {index:60;}">
                <Coords points="724,3590 1902,3583 1902,3549 1808,3533 724,3539"/>
                <Baseline points="731,3579 789,3579 847,3579 905,3579 963,3579 1022,3579 1080,3579 1138,3579 1196,3579 1254,3579 1313,3579 1371,3579 1429,3578 1487,3578 1545,3578 1604,3578 1662,3578 1720,3578 1778,3578 1836,3578 1895,3578"/>
                <TextEquiv>
                    <Unicode>sich bessern. Die Wirkungen einer verminderten För¬</Unicode>
                </TextEquiv>
            </TextLine>
            <TextLine id="r2l62" custom="readingOrder {index:61;}">
                <Coords points="721,3636 1799,3641 1799,3588 721,3590"/>
                <Baseline points="729,3628 782,3628 835,3628 888,3628 941,3628 994,3628 1047,3628 1101,3628 1154,3628 1207,3628 1260,3628 1313,3628 1366,3628 1419,3628 1473,3628 1526,3628 1579,3628 1632,3628 1685,3628 1738,3629 1792,3629"/>
                <TextEquiv>
                    <Unicode>derung würden nicht nur die Franzosen spüren,</Unicode>
                </TextEquiv>
            </TextLine>
            <TextLine id="r2l63" custom="readingOrder {index:62;}">
                <Coords points="1799,3636 1810,3634 1819,3641 1833,3631 1848,3641 1866,3634 1887,3640 1896,3631 1904,3630 1901,3588 1892,3588 1878,3597 1869,3590 1849,3585 1821,3614 1798,3614"/>
                <Baseline points="1806,3634 1836,3629 1866,3627 1896,3628"/>
                <TextEquiv>
                    <Unicode>in</Unicode>
                </TextEquiv>
            </TextLine>
            <TextLine id="r2l64" custom="readingOrder {index:63;}">
                <Coords points="722,3689 1887,3684 1857,3634 722,3637"/>
                <Baseline points="729,3678 786,3678 844,3678 901,3677 959,3677 1016,3677 1074,3677 1131,3677 1189,3676 1246,3676 1304,3676 1362,3676 1419,3676 1477,3676 1534,3676 1592,3676 1649,3676 1707,3676 1764,3676 1822,3676 1880,3676"/>
                <TextEquiv>
                    <Unicode>Deutschland selbst würde das Heer der Arbeitslosen so</Unicode>
                </TextEquiv>
            </TextLine>
            <TextLine id="r2l65" custom="readingOrder {index:64;}">
                <Coords points="716,3735 1899,3742 1899,3692 1844,3682 716,3688"/>
                <Baseline points="723,3726 781,3727 839,3727 898,3727 956,3726 1015,3726 1073,3726 1132,3726 1190,3726 1249,3726 1307,3726 1365,3726 1424,3726 1482,3726 1541,3726 1599,3726 1658,3726 1716,3726 1775,3726 1833,3727 1892,3727"/>
                <TextEquiv>
                    <Unicode>wenig Steuern zahlen, wie die stillgelegten Betriebe.</Unicode>
                </TextEquiv>
            </TextLine>
            <TextLine id="r2l66" custom="readingOrder {index:65;}">
                <Coords points="720,3781 1892,3777 1870,3735 1705,3727 720,3734"/>
                <Baseline points="727,3774 784,3773 842,3773 900,3772 958,3772 1016,3772 1074,3771 1132,3771 1190,3771 1248,3771 1306,3772 1363,3772 1421,3772 1479,3772 1537,3772 1595,3772 1653,3772 1711,3772 1769,3772 1827,3772 1885,3772"/>
                <TextEquiv>
                    <Unicode>Die gesunkenen Produktionskräfte würden allen Aus¬</Unicode>
                </TextEquiv>
            </TextLine>
            <TextLine id="r2l67" custom="readingOrder {index:66;}">
                <Coords points="725,3835 1904,3822 1879,3779 725,3778"/>
                <Baseline points="733,3820 791,3820 849,3820 907,3820 965,3820 1023,3820 1081,3820 1140,3820 1198,3820 1256,3820 1314,3820 1372,3820 1430,3820 1488,3821 1547,3821 1605,3821 1663,3821 1721,3821 1779,3821 1837,3821 1896,3821"/>
                <TextEquiv>
                    <Unicode>fuhrabgaben ein schnelles Ende machen. Ob aber die</Unicode>
                </TextEquiv>
            </TextLine>
            <TextLine id="r2l68" custom="readingOrder {index:67;}">
                <Coords points="724,3877 1898,3885 1889,3825 724,3834"/>
                <Baseline points="732,3867 789,3867 847,3867 905,3867 963,3867 1021,3867 1079,3867 1137,3867 1195,3868 1253,3868 1311,3868 1368,3868 1426,3868 1484,3868 1542,3868 1600,3869 1658,3869 1716,3869 1774,3869 1832,3869 1890,3869"/>
                <TextEquiv>
                    <Unicode>neuen Wirren, in die Deutschland gestürzt würde, auf</Unicode>
                </TextEquiv>
            </TextLine>
            <TextLine id="r2l69" custom="readingOrder {index:68;}">
                <Coords points="719,3920 1904,3923 1904,3879 1849,3873 719,3882"/>
                <Baseline points="727,3916 785,3915 843,3915 902,3915 960,3916 1019,3916 1077,3916 1136,3916 1194,3916 1253,3916 1311,3917 1369,3917 1428,3917 1486,3917 1545,3917 1603,3917 1662,3917 1720,3917 1779,3916 1837,3916 1896,3915"/>
                <TextEquiv>
                    <Unicode>unser Land beschränkt bleiben, erscheint sehr unwahr¬</Unicode>
                </TextEquiv>
            </TextLine>
            <TextLine id="r2l70" custom="readingOrder {index:69;}">
                <Coords points="725,3975 1889,3969 1870,3922 725,3922"/>
                <Baseline points="732,3964 789,3964 847,3963 904,3963 962,3963 1019,3963 1077,3963 1134,3964 1192,3964 1249,3964 1307,3964 1364,3964 1422,3965 1479,3965 1537,3965 1594,3965 1652,3965 1709,3964 1767,3964 1824,3964 1882,3963"/>
                <TextEquiv>
                    <Unicode>scheinlich. Ein krankes Glied an dem großen europäi¬</Unicode>
                </TextEquiv>
            </TextLine>
            <TextLine id="r2l71" custom="readingOrder {index:70;}">
                <Coords points="718,4025 1898,4013 1898,3985 1717,3966 718,3973"/>
                <Baseline points="726,4011 784,4011 842,4011 900,4012 958,4012 1017,4012 1075,4012 1133,4012 1191,4012 1249,4013 1308,4013 1366,4013 1424,4013 1482,4013 1540,4013 1599,4013 1657,4013 1715,4013 1773,4013 1831,4012 1890,4012"/>
                <TextEquiv>
                    <Unicode>schen Körper steckt die anderen an. Halbinvalide Staa¬</Unicode>
                </TextEquiv>
            </TextLine>
            <TextLine id="r2l72" custom="readingOrder {index:71;}">
                <Coords points="720,4068 1895,4072 1895,4032 1823,4019 720,4024"/>
                <Baseline points="727,4062 785,4061 843,4061 901,4061 959,4061 1017,4061 1075,4061 1133,4061 1191,4061 1249,4061 1307,4061 1365,4061 1423,4061 1481,4061 1539,4061 1597,4061 1655,4061 1713,4062 1771,4062 1829,4062 1888,4062"/>
                <TextEquiv>
                    <Unicode>ten liegen genug vor unseren Toren, die schnell von dem</Unicode>
                </TextEquiv>
            </TextLine>
            <TextLine id="r2l73" custom="readingOrder {index:72;}">
                <Coords points="715,4131 868,4111 918,4130 1335,4116 1334,4071 715,4071"/>
                <Baseline points="723,4111 753,4111 783,4111 813,4111 843,4111 874,4111 904,4111 934,4110 964,4110 994,4110 1025,4109 1055,4109 1085,4109 1115,4109 1145,4108 1176,4108 1206,4108 1236,4108 1266,4108 1296,4108 1327,4108"/>
                <TextEquiv>
                    <Unicode>Fieber ergriffen sein werden.</Unicode>
                </TextEquiv>
            </TextLine>
            <TextLine id="r2l74" custom="readingOrder {index:73;}">
                <Coords points="871,4202 1754,4188 1754,4147 1659,4137 871,4143"/>
                <Baseline points="879,4184 922,4184 965,4185 1009,4185 1052,4185 1095,4185 1139,4185 1182,4184 1225,4184 1269,4184 1312,4183 1355,4183 1399,4182 1442,4182 1485,4182 1529,4182 1572,4182 1615,4182 1659,4183 1702,4183 1746,4184"/>
                <TextEquiv>
                    <Unicode>Der Schaden des Streiks in Leverkusen.</Unicode>
                </TextEquiv>
            </TextLine>
            <TextEquiv>
                <Unicode>box 17/6
Reigen
Ueber Schninlers „Reigen“
Das Kleine Theater in Leipzig wurde unter der
Direktion von Fritz Viehweg mit Schnitzlers „Reigen“
eröffnet. Zu dem Werke nimmt der Professor der Philo¬
ophie an der Universität Leipzig, Dr. Johannes Vol¬
kelt, im Sprechsaal eines Leipziger Blattes mit fol¬
gender Auslassung Stellung: Als ich vor etwa 20 Jah¬
ren Schnitzlers „Reigen“ laß, hielt ich es für ausge¬
schlossen, daß ein Theaterleiter eine Aufführung dieser
Szenen wagen würde. Heute ist — dank der Bemüh¬
SPEB :37
Vprarlberger Tagblatt, Bregenn
Seite 2
ungen zahlloser Bühnendichter und Bühnenleiter um
— die Abstumpfung
Ausmerzung des Schamgefühls
des sittlichen Empfindens und zugleich — dank vor allem
der expressionistischen Kunst — die Verrohung des künst¬
lerischen Geschmacks so weit gediehen, daß ein Theater
den traurigen Mut hat, sich am Tage seiner Eröffnung
durch Schnitzlers pornographische Skizzen die Weihe zu
geben. Wenn Nietzsche von „Umwertung der sittlichen
Werte“ redet, so meint er damit Umwertung nach oben
hin: Umwertung im Sinne tapferer Selbstüberwindung,
immer steilerer Aufgaben, immer härterer Selbstzucht.
In unseren Tagen bedeutet „Umwertung“ meistens Um¬
wertung' nach unten hin: nach der Richtung des Tieri¬
schen, und zwar nicht einmal des Gesund= sondern des
Erkrankt=Tierischen. Ein Theater, das seine Vorstel¬
lung mit Schnitzlers „Reigen“ beginnt, stellt sich hier¬
mit programmatisch in den Dienst der Umwertung der
sittlichen Werte in dem schlechtesten Sinne.
Das auf gut Deutsch als Schweinerei zu bezeich¬
nende Stück hat natürlich einen Juden zum Verfasser.
Es ist ein trauriges Zeichen der Zeit, daß sich das
deutsche Volk so etwas bieten läßt.
Der Präsident des deutschen Reichstages über die
Pariser Forderungen.
In der „Breslauer Volkswacht“ nimmt der Reichs¬
tagspräsident Loebe, ein Sozialdemokrat, zu den Lon¬
doner Verhandlungen über die Forderungen der En¬
tente Stellung. Die Verpflichtung zur Zahlung von
226 Milliarden Goldmark und etwa 36 Milliarden Aus¬
fuhrabgaben unterschreiben, hieße nicht nur wider Treu
und Glauben, sondern gegen alle Vernunft eine Ver¬
pflichtung eingehen, deren Unmöglichkeit beim ersten
Zahlungstermin sich kraß offenbaren werde. Die
deutsche Regierung wird also bei ihrem
Nein bleiben müssen, auch wenn die feindlichen
Mächte so gütig sein sollten, sich 50 oder 60 Milliarden
abhandeln zu lassen, wozu sie jedoch nicht die geringste
Bereitwilligkeit zeigen. Der Reichstagspräsident er¬
örtert sodann die Anschauung, daß vielleicht schon in
den ersten Märztagen die Aussicht auf einen Ausweg
verbaut sein könnte und die Alliierten ihre Drohungen
wahr zu machen beginnen würden. Wird das Ruhr¬
gebiet besetzt, so dürfte weder die Arbeitsfreudigkeit der
Bergleute gehoben werden, noch die Qualität der Kohle
sich bessern. Die Wirkungen einer verminderten För¬
derung würden nicht nur die Franzosen spüren,
in
Deutschland selbst würde das Heer der Arbeitslosen so
wenig Steuern zahlen, wie die stillgelegten Betriebe.
Die gesunkenen Produktionskräfte würden allen Aus¬
fuhrabgaben ein schnelles Ende machen. Ob aber die
neuen Wirren, in die Deutschland gestürzt würde, auf
unser Land beschränkt bleiben, erscheint sehr unwahr¬
scheinlich. Ein krankes Glied an dem großen europäi¬
schen Körper steckt die anderen an. Halbinvalide Staa¬
ten liegen genug vor unseren Toren, die schnell von dem
Fieber ergriffen sein werden.
Der Schaden des Streiks in Leverkusen.</Unicode>
            </TextEquiv>
        </TextRegion>
        <TextRegion orientation="0.0" id="r3" custom="readingOrder {index:2;}">
            <Coords points="1952,1106 1952,4218 3124,4218 3124,1106"/>
            <TextLine id="r3l1" custom="readingOrder {index:0;}">
                <Coords points="2378,1130 2514,1178 2703,1174 2755,1148 2886,1167 2942,1141 3067,1172 3067,1059 3007,1087 2821,1065 2751,1111 2655,1074 2555,1090 2485,1055 2379,1065"/>
                <Baseline points="2386,1133 2419,1135 2453,1138 2487,1140 2520,1143 2554,1144 2588,1146 2621,1147 2655,1149 2689,1149 2723,1150 2756,1150 2790,1150 2824,1150 2857,1149 2891,1148 2925,1145 2958,1143 2992,1139 3026,1135 3060,1131"/>
                <TextEquiv>
                    <Unicode>Spet 14 a</Unicode>
                </TextEquiv>
            </TextLine>
            <TextLine id="r3l2" custom="readingOrder {index:1;}">
                <Coords points="2261,1273 2764,1273 2804,1263 2804,1212 2664,1232 2592,1218 2554,1235 2410,1206 2360,1231 2311,1219 2261,1234"/>
                <Baseline points="2269,1268 2295,1266 2321,1266 2348,1265 2374,1264 2401,1264 2427,1264 2453,1265 2480,1265 2506,1266 2533,1266 2559,1266 2585,1267 2612,1267 2638,1267 2665,1267 2691,1267 2717,1266 2744,1265 2770,1264 2797,1262"/>
                <TextEquiv>
                    <Unicode>„Vorarlberger Tagblatt“</Unicode>
                </TextEquiv>
            </TextLine>
            <TextLine id="r3l3" custom="readingOrder {index:2;}">
                <Coords points="1946,1398 3127,1423 3128,1330 2969,1362 2636,1362 2501,1320 2320,1366 1946,1341"/>
                <Baseline points="1953,1386 2011,1387 2069,1388 2128,1388 2186,1389 2244,1390 2303,1391 2361,1391 2419,1392 2478,1392 2536,1392 2594,1393 2653,1393 2711,1393 2769,1393 2828,1393 2886,1393 2944,1393 3003,1392 3061,1391 3120,1391"/>
                <TextEquiv>
                    <Unicode>sehr fest haften. Jeder einzelne Franzose kommt sich</Unicode>
                </TextEquiv>
            </TextLine>
            <TextLine id="r3l4" custom="readingOrder {index:3;}">
                <Coords points="1956,1453 3127,1455 3093,1402 1956,1397"/>
                <Baseline points="1964,1436 2021,1436 2079,1437 2137,1437 2195,1438 2253,1438 2310,1439 2368,1439 2426,1440 2484,1440 2542,1440 2599,1441 2657,1441 2715,1441 2773,1441 2831,1442 2888,1442 2946,1442 3004,1442 3062,1442 3120,1442"/>
                <TextEquiv>
                    <Unicode>heute als Teilhaber an der fetten deutschen Beute vor,</Unicode>
                </TextEquiv>
            </TextLine>
            <TextLine id="r3l5" custom="readingOrder {index:4;}">
                <Coords points="1948,1492 3120,1497 3096,1446 1949,1450"/>
                <Baseline points="1956,1483 2013,1484 2071,1485 2129,1486 2187,1486 2245,1487 2302,1487 2360,1488 2418,1488 2476,1489 2534,1489 2591,1489 2649,1489 2707,1490 2765,1490 2823,1490 2880,1490 2938,1490 2996,1490 3054,1490 3112,1490"/>
                <TextEquiv>
                    <Unicode>nachdem man ihm immer aufs neue vorgerechnet hat,</Unicode>
                </TextEquiv>
            </TextLine>
            <TextLine id="r3l6" custom="readingOrder {index:5;}">
                <Coords points="1953,1540 3127,1554 3118,1492 1953,1499"/>
                <Baseline points="1960,1532 2018,1533 2076,1534 2134,1535 2192,1535 2250,1536 2308,1536 2366,1536 2424,1537 2482,1537 2540,1537 2598,1537 2656,1538 2714,1538 2772,1538 2830,1538 2888,1538 2946,1538 3004,1538 3062,1538 3120,1538"/>
                <TextEquiv>
                    <Unicode>wie viel von den deutschen Milliarden auf jeden Kopf</Unicode>
                </TextEquiv>
            </TextLine>
            <TextLine id="r3l7" custom="readingOrder {index:6;}">
                <Coords points="1953,1592 3127,1589 3127,1555 3007,1537 1953,1542"/>
                <Baseline points="1960,1582 2018,1583 2076,1584 2134,1584 2192,1585 2250,1585 2308,1586 2366,1586 2424,1586 2482,1586 2540,1587 2598,1587 2656,1587 2714,1587 2772,1586 2830,1586 2888,1586 2946,1586 3004,1586 3062,1586 3120,1585"/>
                <TextEquiv>
                    <Unicode>in Frankreich entfällt. Solcher Arithmetik ist der Fran¬</Unicode>
                </TextEquiv>
            </TextLine>
            <TextLine id="r3l8" custom="readingOrder {index:7;}">
                <Coords points="1948,1644 3125,1647 3099,1593 1948,1602"/>
                <Baseline points="1955,1635 2013,1635 2071,1635 2129,1634 2187,1634 2245,1634 2303,1635 2361,1635 2419,1635 2477,1635 2536,1635 2594,1635 2652,1635 2710,1635 2768,1635 2826,1635 2884,1635 2942,1634 3000,1634 3058,1633 3117,1633"/>
                <TextEquiv>
                    <Unicode>zose sehr zugänglich! Daß es sich dabei um keinen</Unicode>
                </TextEquiv>
            </TextLine>
            <TextLine id="r3l9" custom="readingOrder {index:8;}">
                <Coords points="1952,1691 3120,1697 3101,1643 1952,1644"/>
                <Baseline points="1959,1683 2016,1682 2074,1682 2132,1682 2189,1682 2247,1682 2305,1682 2362,1682 2420,1682 2478,1683 2536,1683 2593,1683 2651,1684 2709,1684 2766,1684 2824,1684 2882,1684 2939,1683 2997,1683 3055,1682 3113,1681"/>
                <TextEquiv>
                    <Unicode>Pappenstiel handelt, wird ihm jetzt leicht klar. Nehmen</Unicode>
                </TextEquiv>
            </TextLine>
            <TextLine id="r3l10" custom="readingOrder {index:9;}">
                <Coords points="1950,1737 3121,1734 3105,1694 2921,1682 1950,1692"/>
                <Baseline points="1958,1730 2015,1730 2073,1730 2131,1731 2189,1731 2247,1731 2304,1732 2362,1732 2420,1732 2478,1732 2536,1733 2593,1733 2651,1733 2709,1733 2767,1733 2825,1733 2882,1732 2940,1732 2998,1731 3056,1731 3114,1730"/>
                <TextEquiv>
                    <Unicode>wir z. B. nur die Doumersche Ziffer von 110 Milliar¬</Unicode>
                </TextEquiv>
            </TextLine>
            <TextLine id="r3l11" custom="readingOrder {index:10;}">
                <Coords points="1954,1790 3127,1799 3127,1736 1954,1736"/>
                <Baseline points="1961,1777 2022,1778 2083,1778 2144,1778 2205,1779 2266,1779 2327,1779 2388,1780 2449,1780 2510,1780 2571,1780 2632,1780 2693,1781 2754,1781 2815,1781 2876,1780 2937,1780 2998,1780 3059,1780 3120,1779"/>
                <TextEquiv>
                    <Unicode>den Goldfrank, so macht dies auf jeden Franzosen bis</Unicode>
                </TextEquiv>
            </TextLine>
            <TextLine id="r3l12" custom="readingOrder {index:11;}">
                <Coords points="1946,1842 3128,1839 3084,1786 1946,1791"/>
                <Baseline points="1953,1828 2011,1828 2069,1828 2128,1828 2186,1828 2245,1829 2303,1829 2361,1829 2420,1829 2478,1829 2537,1829 2595,1829 2653,1829 2712,1829 2770,1829 2829,1829 2887,1829 2945,1829 3004,1829 3062,1829 3121,1829"/>
                <TextEquiv>
                    <Unicode>zum Säugling herab etwa 2800 Goldfrank, oder für jede</Unicode>
                </TextEquiv>
            </TextLine>
            <TextLine id="r3l13" custom="readingOrder {index:12;}">
                <Coords points="1947,1884 3116,1892 3116,1847 2946,1833 1947,1841"/>
                <Baseline points="1955,1877 2012,1877 2070,1877 2128,1877 2185,1877 2243,1877 2301,1877 2358,1877 2416,1877 2474,1877 2532,1877 2589,1877 2647,1877 2705,1877 2762,1877 2820,1878 2878,1878 2935,1878 2993,1878 3051,1878 3109,1878"/>
                <TextEquiv>
                    <Unicode>Familie ein Kapital von annähernd 35000 Franken.</Unicode>
                </TextEquiv>
            </TextLine>
            <TextLine id="r3l14" custom="readingOrder {index:13;}">
                <Coords points="1959,1945 3117,1935 3117,1893 3020,1883 1959,1888"/>
                <Baseline points="1967,1926 2024,1926 2081,1926 2138,1926 2195,1926 2252,1926 2309,1926 2367,1926 2424,1926 2481,1926 2538,1926 2595,1926 2652,1926 2709,1926 2767,1926 2824,1926 2881,1927 2938,1927 2995,1927 3052,1927 3110,1927"/>
                <TextEquiv>
                    <Unicode>Jeder Franzose träumt schon davon, dank der Kriegs¬</Unicode>
                </TextEquiv>
            </TextLine>
            <TextLine id="r3l15" custom="readingOrder {index:14;}">
                <Coords points="1953,1988 2786,1982 2786,1938 2698,1932 1953,1934"/>
                <Baseline points="1960,1975 2000,1975 2041,1975 2082,1975 2123,1975 2164,1975 2205,1975 2246,1975 2287,1975 2328,1975 2369,1976 2409,1976 2450,1976 2491,1977 2532,1977 2573,1977 2614,1977 2655,1977 2696,1977 2737,1977 2778,1976"/>
                <TextEquiv>
                    <Unicode>beute zum Rentier aufgestiegen zu sein.</Unicode>
                </TextEquiv>
            </TextLine>
            <TextLine id="r3l16" custom="readingOrder {index:15;}">
                <Coords points="2043,2034 3080,2040 3127,2027 3128,1974 2043,1981"/>
                <Baseline points="2051,2023 2104,2023 2157,2023 2211,2024 2264,2024 2318,2024 2371,2024 2425,2025 2478,2025 2532,2025 2585,2025 2638,2025 2692,2025 2745,2026 2799,2026 2852,2025 2906,2025 2959,2025 3013,2025 3066,2024 3120,2024"/>
                <TextEquiv>
                    <Unicode>Diese Narkose durch Geldgier ist ungemein zäh. Es</Unicode>
                </TextEquiv>
            </TextLine>
            <TextLine id="r3l17" custom="readingOrder {index:16;}">
                <Coords points="1947,2086 3078,2090 3127,2036 1947,2037"/>
                <Baseline points="1955,2072 2013,2072 2071,2072 2129,2072 2188,2072 2246,2072 2304,2072 2362,2072 2421,2073 2479,2073 2537,2073 2595,2073 2654,2074 2712,2074 2770,2074 2828,2074 2887,2073 2945,2073 3003,2073 3061,2072 3120,2072"/>
                <TextEquiv>
                    <Unicode>wird natürlich überaus schwer halten, die Traumbilder</Unicode>
                </TextEquiv>
            </TextLine>
            <TextLine id="r3l18" custom="readingOrder {index:17;}">
                <Coords points="1955,2132 3122,2130 3097,2080 1955,2081"/>
                <Baseline points="1963,2123 2020,2122 2078,2122 2135,2122 2193,2122 2251,2121 2308,2121 2366,2121 2423,2121 2481,2121 2539,2121 2596,2121 2654,2121 2711,2121 2769,2121 2827,2121 2884,2121 2942,2121 2999,2121 3057,2120 3115,2120"/>
                <TextEquiv>
                    <Unicode>zu zerstreuen. An sehr harten Tatsachen allein könnten</Unicode>
                </TextEquiv>
            </TextLine>
            <TextLine id="r3l19" custom="readingOrder {index:18;}">
                <Coords points="1960,2182 3002,2183 3118,2174 3118,2129 1960,2132"/>
                <Baseline points="1968,2170 2025,2170 2082,2170 2139,2170 2196,2170 2253,2170 2310,2170 2368,2170 2425,2170 2482,2170 2539,2170 2596,2170 2653,2169 2710,2169 2768,2169 2825,2169 2882,2169 2939,2168 2996,2168 3053,2168 3111,2167"/>
                <TextEquiv>
                    <Unicode>sie sich zerschlagen. Nur ein starres „Nein“ mit der</Unicode>
                </TextEquiv>
            </TextLine>
            <TextLine id="r3l20" custom="readingOrder {index:19;}">
                <Coords points="1954,2229 3127,2232 3127,2187 3046,2170 1954,2187"/>
                <Baseline points="1961,2218 2022,2217 2083,2217 2144,2217 2205,2217 2266,2217 2327,2217 2388,2217 2449,2217 2510,2218 2571,2218 2632,2218 2693,2218 2754,2218 2815,2218 2876,2218 2937,2218 2998,2217 3059,2217 3120,2217"/>
                <TextEquiv>
                    <Unicode>unausbleiblichen Aussicht auf langwierige teuere Feld¬</Unicode>
                </TextEquiv>
            </TextLine>
            <TextLine id="r3l21" custom="readingOrder {index:20;}">
                <Coords points="1956,2286 2976,2271 2905,2224 1956,2230"/>
                <Baseline points="1963,2271 2013,2270 2063,2269 2113,2268 2164,2268 2214,2267 2264,2267 2315,2267 2365,2267 2415,2266 2466,2266 2516,2266 2566,2266 2616,2266 2667,2267 2717,2267 2767,2267 2818,2267 2868,2266 2918,2266 2969,2266"/>
                <TextEquiv>
                    <Unicode>züge und Expeditionen könnte dämpfend wirken.</Unicode>
                </TextEquiv>
            </TextLine>
            <TextLine id="r3l22" custom="readingOrder {index:21;}">
                <Coords points="2349,2361 2449,2345 2502,2350 2525,2369 2558,2353 2694,2368 2747,2355 2748,2311 2689,2299 2587,2312 2512,2290 2464,2314 2399,2296 2349,2303"/>
                <Baseline points="2356,2343 2381,2344 2407,2344 2432,2344 2458,2344 2484,2344 2509,2344 2535,2344 2560,2344 2586,2344 2612,2344 2637,2344 2663,2345 2688,2345 2714,2346 2740,2346"/>
                <TextEquiv>
                    <Unicode>Ein weißer Rabe.</Unicode>
                </TextEquiv>
            </TextLine>
            <TextLine id="r3l23" custom="readingOrder {index:22;}">
                <Coords points="2052,2425 3122,2426 3122,2373 2052,2363"/>
                <Baseline points="2060,2412 2112,2412 2165,2413 2218,2413 2270,2413 2323,2413 2376,2413 2428,2413 2481,2413 2534,2412 2587,2412 2639,2412 2692,2412 2745,2412 2797,2412 2850,2412 2903,2412 2955,2412 3008,2412 3061,2413 3114,2413"/>
                <TextEquiv>
                    <Unicode>Der Abg. Helasey erklärte in der Pariser Kammer,</Unicode>
                </TextEquiv>
            </TextLine>
            <TextLine id="r3l24" custom="readingOrder {index:23;}">
                <Coords points="1948,2471 3122,2472 3122,2426 3073,2416 1948,2415"/>
                <Baseline points="1955,2462 2016,2462 2077,2462 2138,2462 2199,2462 2260,2462 2321,2462 2382,2462 2443,2461 2504,2461 2565,2461 2626,2461 2687,2461 2748,2461 2809,2461 2870,2461 2931,2461 2992,2462 3053,2462 3114,2463"/>
                <TextEquiv>
                    <Unicode>daß er der Regierung seine Stimme nicht geben werde,</Unicode>
                </TextEquiv>
            </TextLine>
            <TextLine id="r3l25" custom="readingOrder {index:24;}">
                <Coords points="1951,2517 3094,2527 3127,2468 1951,2476"/>
                <Baseline points="1959,2508 2017,2509 2075,2509 2133,2509 2191,2510 2249,2510 2307,2510 2365,2510 2423,2510 2481,2510 2539,2510 2597,2510 2655,2510 2713,2510 2771,2510 2829,2509 2887,2509 2945,2509 3003,2509 3061,2509 3119,2509"/>
                <TextEquiv>
                    <Unicode>weil er die Abgabe auf die deutsche Ausfuhr als un¬</Unicode>
                </TextEquiv>
            </TextLine>
            <TextLine id="r3l26" custom="readingOrder {index:25;}">
                <Coords points="1952,2574 3129,2574 3116,2517 2410,2513 2361,2546 1952,2517"/>
                <Baseline points="1960,2559 2018,2559 2076,2559 2134,2559 2192,2559 2250,2559 2308,2559 2366,2559 2424,2558 2482,2558 2541,2558 2599,2558 2657,2558 2715,2558 2773,2558 2831,2558 2889,2558 2947,2558 3005,2558 3063,2558 3122,2559"/>
                <TextEquiv>
                    <Unicode>durchführbar halte. Die Abmachungen von Paris seien</Unicode>
                </TextEquiv>
            </TextLine>
            <TextLine id="r3l27" custom="readingOrder {index:26;}">
                <Coords points="1957,2616 3124,2616 3095,2564 1957,2569"/>
                <Baseline points="1965,2609 2022,2608 2080,2608 2137,2608 2195,2608 2253,2608 2310,2608 2368,2607 2425,2607 2483,2607 2541,2608 2598,2608 2656,2607 2713,2607 2771,2607 2829,2607 2886,2607 2944,2607 3001,2606 3059,2606 3117,2605"/>
                <TextEquiv>
                    <Unicode>nur von fünf Staaten unterzeichnet, während alle übri¬</Unicode>
                </TextEquiv>
            </TextLine>
            <TextLine id="r3l28" custom="readingOrder {index:27;}">
                <Coords points="1960,2674 3058,2672 3128,2665 3128,2618 1960,2627"/>
                <Baseline points="1967,2660 2024,2659 2082,2658 2140,2657 2197,2656 2255,2656 2313,2656 2370,2655 2428,2655 2486,2655 2544,2656 2601,2656 2659,2656 2717,2656 2774,2656 2832,2656 2890,2656 2947,2656 3005,2656 3063,2656 3121,2655"/>
                <TextEquiv>
                    <Unicode>gen Unterzeichner des Friedensvertrages von Versailles</Unicode>
                </TextEquiv>
            </TextLine>
            <TextLine id="r3l29" custom="readingOrder {index:28;}">
                <Coords points="1951,2714 3124,2717 3124,2664 1951,2672"/>
                <Baseline points="1958,2706 2019,2705 2080,2705 2141,2705 2202,2705 2263,2705 2324,2705 2385,2705 2446,2705 2507,2705 2568,2705 2629,2705 2690,2705 2751,2705 2812,2705 2873,2705 2934,2705 2995,2705 3056,2705 3117,2705"/>
                <TextEquiv>
                    <Unicode>nicht gefragt worden sind. Frankreich ladet sich durch</Unicode>
                </TextEquiv>
            </TextLine>
            <TextLine id="r3l30" custom="readingOrder {index:29;}">
                <Coords points="1956,2762 3086,2770 3130,2711 1956,2712"/>
                <Baseline points="1963,2754 2021,2754 2079,2753 2137,2753 2195,2753 2253,2753 2311,2753 2369,2753 2427,2753 2485,2753 2543,2753 2601,2754 2659,2754 2717,2754 2775,2754 2833,2754 2891,2754 2949,2754 3007,2754 3065,2754 3123,2754"/>
                <TextEquiv>
                    <Unicode>diese Maßnahme den Tadel der ganzen Welt auf. Es</Unicode>
                </TextEquiv>
            </TextLine>
            <TextLine id="r3l31" custom="readingOrder {index:30;}">
                <Coords points="1951,2813 3075,2827 3127,2809 3127,2765 1951,2767"/>
                <Baseline points="1958,2803 2016,2803 2074,2802 2132,2802 2190,2802 2248,2802 2306,2802 2364,2802 2422,2802 2480,2802 2538,2803 2596,2803 2654,2803 2712,2804 2770,2804 2828,2804 2886,2805 2944,2805 3002,2805 3060,2805 3119,2805"/>
                <TextEquiv>
                    <Unicode>wäre leicht möglich, daß die Alltierten bald gezwungen</Unicode>
                </TextEquiv>
            </TextLine>
            <TextLine id="r3l32" custom="readingOrder {index:31;}">
                <Coords points="1952,2877 2126,2861 2169,2883 2244,2858 2347,2886 2647,2879 2772,2862 2772,2814 1952,2816"/>
                <Baseline points="1959,2852 1999,2852 2039,2852 2079,2852 2120,2852 2160,2852 2200,2852 2241,2852 2281,2852 2321,2852 2362,2852 2402,2852 2442,2852 2482,2852 2523,2852 2563,2852 2603,2852 2644,2852 2684,2852 2724,2853 2765,2853"/>
                <TextEquiv>
                    <Unicode>würden, diese Maßnahme aufzugeben.</Unicode>
                </TextEquiv>
            </TextLine>
            <TextLine id="r3l33" custom="readingOrder {index:32;}">
                <Coords points="2197,2938 2242,2956 2547,2934 2860,2952 2874,2891 2197,2874"/>
                <Baseline points="2204,2927 2237,2927 2270,2926 2303,2926 2336,2927 2369,2927 2402,2927 2435,2928 2468,2928 2501,2928 2535,2929 2568,2929 2601,2930 2634,2930 2667,2930 2700,2930 2733,2930 2766,2930 2799,2930 2832,2929 2866,2929"/>
                <TextEquiv>
                    <Unicode>36 Milliarden Besatzungskosten.</Unicode>
                </TextEquiv>
            </TextLine>
            <TextLine id="r3l34" custom="readingOrder {index:33;}">
                <Coords points="2042,3011 3020,3015 3127,3006 3127,2955 2042,2957"/>
                <Baseline points="2049,2996 2102,2996 2156,2996 2209,2996 2263,2996 2316,2996 2370,2996 2423,2996 2477,2997 2530,2997 2584,2997 2638,2997 2691,2997 2745,2997 2798,2997 2852,2997 2905,2997 2959,2997 3012,2997 3066,2997 3120,2996"/>
                <TextEquiv>
                    <Unicode>Nach einer Mitteilung der „Daily News“ betragen</Unicode>
                </TextEquiv>
            </TextLine>
            <TextLine id="r3l35" custom="readingOrder {index:34;}">
                <Coords points="1956,3058 3123,3057 3095,3004 1956,2992"/>
                <Baseline points="1963,3046 2020,3046 2078,3046 2135,3045 2193,3045 2251,3045 2308,3045 2366,3045 2423,3045 2481,3045 2539,3045 2596,3045 2654,3045 2711,3046 2769,3046 2827,3046 2884,3046 2942,3046 2999,3046 3057,3045 3115,3045"/>
                <TextEquiv>
                    <Unicode>die den Alltierten seit dem Beginn bis Ende November</Unicode>
                </TextEquiv>
            </TextLine>
            <TextLine id="r3l36" custom="readingOrder {index:35;}">
                <Coords points="1954,3103 3124,3101 3124,3059 3071,3053 1954,3058"/>
                <Baseline points="1961,3096 2018,3095 2076,3094 2134,3094 2192,3093 2250,3093 2307,3093 2365,3093 2423,3094 2481,3094 2539,3094 2596,3095 2654,3095 2712,3095 2770,3096 2828,3096 2885,3096 2943,3096 3001,3095 3059,3094 3117,3093"/>
                <TextEquiv>
                    <Unicode>1920 erwachsenen Besatzungskosten 35,9 Milliarden</Unicode>
                </TextEquiv>
            </TextLine>
            <TextLine id="r3l37" custom="readingOrder {index:36;}">
                <Coords points="1959,3155 3064,3161 3123,3149 3123,3100 1959,3102"/>
                <Baseline points="1967,3145 2024,3145 2081,3144 2139,3144 2196,3144 2254,3144 2311,3144 2369,3144 2426,3144 2484,3144 2541,3144 2598,3144 2656,3144 2713,3144 2771,3144 2828,3144 2886,3144 2943,3144 3001,3144 3058,3144 3116,3144"/>
                <TextEquiv>
                    <Unicode>Papiermark. Diese Summe entspricht den der deutschen</Unicode>
                </TextEquiv>
            </TextLine>
            <TextLine id="r3l38" custom="readingOrder {index:37;}">
                <Coords points="1948,3205 3093,3208 3124,3150 1948,3153"/>
                <Baseline points="1956,3194 2014,3193 2072,3192 2130,3192 2188,3191 2246,3191 2304,3191 2362,3192 2420,3192 2478,3192 2536,3193 2594,3193 2652,3194 2710,3194 2768,3194 2826,3194 2884,3194 2942,3194 3000,3193 3058,3193 3116,3192"/>
                <TextEquiv>
                    <Unicode>Regierung bereits bekannten Zahlen. Die Summe ist</Unicode>
                </TextEquiv>
            </TextLine>
            <TextLine id="r3l39" custom="readingOrder {index:38;}">
                <Coords points="1954,3252 3131,3243 3131,3204 2979,3196 1954,3202"/>
                <Baseline points="1962,3243 2020,3243 2078,3242 2136,3242 2194,3242 2252,3242 2310,3241 2368,3241 2426,3241 2484,3241 2543,3241 2601,3241 2659,3241 2717,3241 2775,3241 2833,3241 2891,3241 2949,3241 3007,3241 3065,3241 3124,3241"/>
                <TextEquiv>
                    <Unicode>doppelt so groß, als bei den Versailler Verhandlungen</Unicode>
                </TextEquiv>
            </TextLine>
            <TextLine id="r3l40" custom="readingOrder {index:39;}">
                <Coords points="1960,3302 3066,3304 3125,3299 3125,3248 1960,3249"/>
                <Baseline points="1967,3291 2024,3290 2082,3289 2139,3289 2197,3289 2254,3289 2312,3289 2369,3289 2427,3289 2484,3290 2542,3290 2600,3290 2657,3291 2715,3291 2772,3291 2830,3292 2887,3291 2945,3291 3002,3291 3060,3290 3118,3289"/>
                <TextEquiv>
                    <Unicode>dem deutschen Vertreter in Aussicht gestellt wurde. Da¬</Unicode>
                </TextEquiv>
            </TextLine>
            <TextLine id="r3l41" custom="readingOrder {index:40;}">
                <Coords points="1949,3355 3070,3356 3116,3344 3116,3301 1949,3311"/>
                <Baseline points="1957,3341 2014,3340 2072,3339 2129,3339 2187,3338 2244,3338 2302,3338 2359,3338 2417,3338 2474,3339 2532,3339 2590,3339 2647,3340 2705,3340 2762,3340 2820,3341 2877,3340 2935,3340 2992,3340 3050,3339 3108,3338"/>
                <TextEquiv>
                    <Unicode>zu kommt die ungeheure Steigerung der Besatzungs¬</Unicode>
                </TextEquiv>
            </TextLine>
            <TextLine id="r3l42" custom="readingOrder {index:41;}">
                <Coords points="1960,3396 3097,3404 3128,3351 1960,3352"/>
                <Baseline points="1967,3388 2024,3387 2082,3387 2139,3387 2197,3387 2255,3387 2312,3387 2370,3387 2428,3387 2485,3387 2543,3388 2601,3388 2658,3388 2716,3388 2774,3388 2831,3388 2889,3388 2947,3388 3004,3388 3062,3387 3120,3387"/>
                <TextEquiv>
                    <Unicode>kosten durch die Höhe der den Besatzungstruppen zu¬</Unicode>
                </TextEquiv>
            </TextLine>
            <TextLine id="r3l43" custom="readingOrder {index:42;}">
                <Coords points="1962,3465 2367,3429 3127,3441 3127,3403 3020,3391 1962,3396"/>
                <Baseline points="1969,3436 2026,3436 2084,3435 2141,3435 2199,3435 2256,3435 2314,3435 2371,3436 2429,3436 2486,3436 2544,3437 2602,3437 2659,3438 2717,3438 2774,3438 2832,3438 2889,3437 2947,3437 3004,3436 3062,3434 3120,3433"/>
                <TextEquiv>
                    <Unicode>tehenden Gehälter. Es erhält in der französischen Be¬</Unicode>
                </TextEquiv>
            </TextLine>
            <TextLine id="r3l44" custom="readingOrder {index:43;}">
                <Coords points="1959,3496 3129,3493 3129,3456 3023,3439 1959,3446"/>
                <Baseline points="1967,3486 2024,3485 2082,3485 2140,3485 2197,3484 2255,3484 2313,3484 2370,3485 2428,3485 2486,3485 2544,3485 2601,3486 2659,3486 2717,3486 2774,3486 2832,3486 2890,3486 2947,3486 3005,3486 3063,3485 3121,3484"/>
                <TextEquiv>
                    <Unicode>satzungsarmee z. B. ein Unterleutnant 52 440 Mark. ein</Unicode>
                </TextEquiv>
            </TextLine>
            <TextLine id="r3l45" custom="readingOrder {index:44;}">
                <Coords points="1954,3542 3119,3550 3120,3494 1954,3498"/>
                <Baseline points="1962,3533 2019,3533 2077,3533 2134,3533 2192,3533 2249,3533 2307,3533 2364,3534 2422,3534 2479,3535 2537,3535 2594,3535 2652,3536 2709,3536 2767,3536 2824,3536 2882,3536 2939,3536 2997,3536 3054,3535 3112,3534"/>
                <TextEquiv>
                    <Unicode>Major 104 880 Mark. Zum Vergleiche sei angeführt,</Unicode>
                </TextEquiv>
            </TextLine>
            <TextLine id="r3l46" custom="readingOrder {index:45;}">
                <Coords points="1951,3592 3118,3587 3084,3541 1951,3543"/>
                <Baseline points="1958,3583 2015,3582 2073,3581 2130,3581 2188,3581 2246,3581 2303,3581 2361,3582 2418,3582 2476,3583 2534,3583 2591,3584 2649,3584 2706,3584 2764,3585 2822,3585 2879,3584 2937,3584 2994,3583 3052,3582 3110,3581"/>
                <TextEquiv>
                    <Unicode>daß der deutsche Reichskanzler mit 110 500 Mark nur</Unicode>
                </TextEquiv>
            </TextLine>
            <TextLine id="r3l47" custom="readingOrder {index:46;}">
                <Coords points="1945,3647 3009,3645 3009,3595 2975,3588 1945,3588"/>
                <Baseline points="1952,3634 2004,3632 2056,3631 2109,3631 2161,3630 2214,3630 2266,3630 2319,3631 2371,3631 2424,3632 2476,3632 2528,3633 2581,3633 2633,3634 2686,3634 2738,3634 2791,3634 2843,3634 2896,3633 2948,3632 3001,3631"/>
                <TextEquiv>
                    <Unicode>5620 Mark mehr als ein französischer Major erhält.</Unicode>
                </TextEquiv>
            </TextLine>
            <TextLine id="r3l48" custom="readingOrder {index:47;}">
                <Coords points="2131,3712 2932,3711 2932,3658 2592,3674 2131,3647"/>
                <Baseline points="2138,3698 2177,3698 2216,3698 2256,3698 2295,3699 2334,3699 2374,3699 2413,3699 2452,3700 2492,3700 2531,3700 2570,3700 2610,3700 2649,3700 2688,3700 2728,3700 2767,3699 2806,3699 2846,3698 2885,3698 2925,3697"/>
                <TextEquiv>
                    <Unicode>Finanzielle Forderungen der Länder.</Unicode>
                </TextEquiv>
            </TextLine>
            <TextLine id="r3l49" custom="readingOrder {index:48;}">
                <Coords points="2043,3775 3120,3771 3098,3718 2043,3712"/>
                <Baseline points="2051,3767 2104,3767 2157,3767 2210,3767 2263,3767 2316,3767 2369,3767 2422,3767 2475,3767 2528,3767 2581,3767 2634,3766 2687,3766 2740,3766 2793,3766 2846,3766 2899,3766 2952,3766 3005,3766 3058,3766 3112,3766"/>
                <TextEquiv>
                    <Unicode>In Salzburg hat letzte Woche eine Konferenz der</Unicode>
                </TextEquiv>
            </TextLine>
            <TextLine id="r3l50" custom="readingOrder {index:49;}">
                <Coords points="1955,3827 3108,3833 3126,3787 1954,3768"/>
                <Baseline points="1962,3818 2019,3817 2077,3816 2135,3816 2193,3815 2251,3815 2308,3815 2366,3815 2424,3815 2482,3816 2540,3816 2597,3816 2655,3817 2713,3817 2771,3817 2829,3816 2886,3816 2944,3815 3002,3815 3060,3813 3118,3812"/>
                <TextEquiv>
                    <Unicode>Vertreter sämtlicher Länder stattgefunden, die zur Be¬</Unicode>
                </TextEquiv>
            </TextLine>
            <TextLine id="r3l51" custom="readingOrder {index:50;}">
                <Coords points="1954,3876 3114,3875 3114,3832 3028,3819 1954,3826"/>
                <Baseline points="1961,3867 2018,3866 2075,3865 2132,3865 2190,3865 2247,3865 2304,3864 2361,3864 2419,3864 2476,3864 2533,3864 2590,3864 2648,3864 2705,3864 2762,3864 2819,3864 2877,3864 2934,3863 2991,3863 3048,3863 3106,3862"/>
                <TextEquiv>
                    <Unicode>hebung der Finanznot der Länder eine Reihe von For¬</Unicode>
                </TextEquiv>
            </TextLine>
            <TextLine id="r3l52" custom="readingOrder {index:51;}">
                <Coords points="1954,3923 3115,3927 3115,3878 3010,3865 1954,3876"/>
                <Baseline points="1962,3915 2019,3915 2076,3915 2133,3915 2191,3914 2248,3914 2305,3914 2363,3914 2420,3914 2477,3913 2535,3913 2592,3913 2649,3913 2706,3913 2764,3913 2821,3913 2878,3913 2936,3913 2993,3913 3050,3913 3108,3914"/>
                <TextEquiv>
                    <Unicode>derungen an die Regierung stellte, darunter: Erhöhung</Unicode>
                </TextEquiv>
            </TextLine>
            <TextLine id="r3l53" custom="readingOrder {index:52;}">
                <Coords points="1959,3970 3123,3977 3123,3931 3062,3918 1959,3924"/>
                <Baseline points="1967,3963 2024,3963 2081,3963 2139,3963 2196,3962 2254,3962 2311,3962 2368,3962 2426,3962 2483,3962 2541,3961 2598,3961 2655,3961 2713,3961 2770,3961 2828,3961 2885,3961 2942,3960 3000,3960 3057,3960 3115,3960"/>
                <TextEquiv>
                    <Unicode>der Ueberweisungen auf das Dreifache. Uebernahme der</Unicode>
                </TextEquiv>
            </TextLine>
            <TextLine id="r3l54" custom="readingOrder {index:53;}">
                <Coords points="2611,4001 2650,4024 2746,4013 2796,4028 2830,4013 2953,4026 3017,4003 3121,4034 3121,3975 3096,3965 2611,3981"/>
                <Baseline points="2618,4011 2644,4010 2670,4010 2696,4010 2722,4010 2748,4010 2774,4009 2800,4009 2826,4009 2852,4009 2878,4010 2904,4010 2930,4010 2956,4010 2982,4010 3008,4010 3034,4010 3060,4010 3086,4010 3113,4009"/>
                <TextEquiv>
                    <Unicode>für Lehrerschaft und</Unicode>
                </TextEquiv>
            </TextLine>
            <TextLine id="r3l55" custom="readingOrder {index:54;}">
                <Coords points="1948,4018 2167,4024 2192,4003 2279,4025 2598,4021 2598,3972 1948,3976"/>
                <Baseline points="1955,4013 1986,4012 2018,4012 2050,4012 2082,4011 2114,4011 2145,4011 2177,4011 2209,4011 2241,4011 2273,4011 2304,4011 2336,4011 2368,4011 2400,4011 2432,4011 2463,4011 2495,4011 2527,4010 2559,4010 2591,4009"/>
                <TextEquiv>
                    <Unicode>Hälfte des Gesamtaufwandes</Unicode>
                </TextEquiv>
            </TextLine>
            <TextLine id="r3l56" custom="readingOrder {index:55;}">
                <Coords points="1957,4069 3125,4070 3125,4029 2984,4012 1957,4022"/>
                <Baseline points="1965,4060 2022,4060 2080,4059 2137,4059 2195,4059 2253,4059 2310,4058 2368,4058 2426,4058 2483,4058 2541,4058 2599,4058 2656,4058 2714,4057 2772,4057 2829,4057 2887,4057 2945,4057 3002,4057 3060,4057 3118,4057"/>
                <TextEquiv>
                    <Unicode>Landesangestellte durch den Bund Ueberlassung des ge¬</Unicode>
                </TextEquiv>
            </TextLine>
            <TextLine id="r3l57" custom="readingOrder {index:56;}">
                <Coords points="1956,4119 3002,4119 3125,4105 3125,4070 1955,4066"/>
                <Baseline points="1963,4109 2020,4108 2078,4107 2136,4106 2194,4106 2251,4106 2309,4106 2367,4105 2425,4105 2482,4105 2540,4105 2598,4106 2656,4106 2713,4106 2771,4105 2829,4105 2887,4105 2944,4104 3002,4104 3060,4103 3118,4102"/>
                <TextEquiv>
                    <Unicode>samten Valutagewinnes aus der Holzausfuhr oder Ein¬</Unicode>
                </TextEquiv>
            </TextLine>
            <TextLine id="r3l58" custom="readingOrder {index:57;}">
                <Coords points="1948,4169 3098,4172 3128,4114 1948,4119"/>
                <Baseline points="1955,4158 2013,4157 2071,4156 2129,4155 2188,4155 2246,4154 2304,4154 2362,4154 2421,4153 2479,4153 2537,4153 2595,4153 2654,4153 2712,4153 2770,4153 2828,4153 2887,4153 2945,4153 3003,4153 3061,4153 3120,4153"/>
                <TextEquiv>
                    <Unicode>führung von Landesausfuhrtaxen für Holz, Mitwirkung</Unicode>
                </TextEquiv>
            </TextLine>
            <TextLine id="r3l59" custom="readingOrder {index:58;}">
                <Coords points="2865,4204 2898,4193 2922,4203 2944,4190 2969,4204 3063,4204 3085,4193 3120,4200 3120,4172 3099,4172 3084,4158 3054,4171 2998,4158 2927,4169 2864,4159"/>
                <Baseline points="2872,4204 2898,4201 2925,4200 2952,4199 2979,4199 3005,4199 3032,4199 3059,4199 3086,4198 3113,4196"/>
                <TextEquiv>
                    <Unicode>der Staats¬</Unicode>
                </TextEquiv>
            </TextLine>
            <TextLine id="r3l60" custom="readingOrder {index:59;}">
                <Coords points="1948,4209 2837,4204 2865,4169 1948,4170"/>
                <Baseline points="1956,4207 2001,4206 2046,4205 2091,4205 2136,4204 2181,4203 2226,4203 2271,4202 2316,4202 2361,4201 2407,4201 2452,4201 2497,4200 2542,4200 2587,4200 2632,4200 2677,4200 2722,4201 2767,4201 2812,4202 2858,4202"/>
                <TextEquiv>
                    <Unicode>der Länder bei den Gehaltsreaulierungen</Unicode>
                </TextEquiv>
            </TextLine>
            <TextEquiv>
                <Unicode>Spet 14 a
„Vorarlberger Tagblatt“
sehr fest haften. Jeder einzelne Franzose kommt sich
heute als Teilhaber an der fetten deutschen Beute vor,
nachdem man ihm immer aufs neue vorgerechnet hat,
wie viel von den deutschen Milliarden auf jeden Kopf
in Frankreich entfällt. Solcher Arithmetik ist der Fran¬
zose sehr zugänglich! Daß es sich dabei um keinen
Pappenstiel handelt, wird ihm jetzt leicht klar. Nehmen
wir z. B. nur die Doumersche Ziffer von 110 Milliar¬
den Goldfrank, so macht dies auf jeden Franzosen bis
zum Säugling herab etwa 2800 Goldfrank, oder für jede
Familie ein Kapital von annähernd 35000 Franken.
Jeder Franzose träumt schon davon, dank der Kriegs¬
beute zum Rentier aufgestiegen zu sein.
Diese Narkose durch Geldgier ist ungemein zäh. Es
wird natürlich überaus schwer halten, die Traumbilder
zu zerstreuen. An sehr harten Tatsachen allein könnten
sie sich zerschlagen. Nur ein starres „Nein“ mit der
unausbleiblichen Aussicht auf langwierige teuere Feld¬
züge und Expeditionen könnte dämpfend wirken.
Ein weißer Rabe.
Der Abg. Helasey erklärte in der Pariser Kammer,
daß er der Regierung seine Stimme nicht geben werde,
weil er die Abgabe auf die deutsche Ausfuhr als un¬
durchführbar halte. Die Abmachungen von Paris seien
nur von fünf Staaten unterzeichnet, während alle übri¬
gen Unterzeichner des Friedensvertrages von Versailles
nicht gefragt worden sind. Frankreich ladet sich durch
diese Maßnahme den Tadel der ganzen Welt auf. Es
wäre leicht möglich, daß die Alltierten bald gezwungen
würden, diese Maßnahme aufzugeben.
36 Milliarden Besatzungskosten.
Nach einer Mitteilung der „Daily News“ betragen
die den Alltierten seit dem Beginn bis Ende November
1920 erwachsenen Besatzungskosten 35,9 Milliarden
Papiermark. Diese Summe entspricht den der deutschen
Regierung bereits bekannten Zahlen. Die Summe ist
doppelt so groß, als bei den Versailler Verhandlungen
dem deutschen Vertreter in Aussicht gestellt wurde. Da¬
zu kommt die ungeheure Steigerung der Besatzungs¬
kosten durch die Höhe der den Besatzungstruppen zu¬
tehenden Gehälter. Es erhält in der französischen Be¬
satzungsarmee z. B. ein Unterleutnant 52 440 Mark. ein
Major 104 880 Mark. Zum Vergleiche sei angeführt,
daß der deutsche Reichskanzler mit 110 500 Mark nur
5620 Mark mehr als ein französischer Major erhält.
Finanzielle Forderungen der Länder.
In Salzburg hat letzte Woche eine Konferenz der
Vertreter sämtlicher Länder stattgefunden, die zur Be¬
hebung der Finanznot der Länder eine Reihe von For¬
derungen an die Regierung stellte, darunter: Erhöhung
der Ueberweisungen auf das Dreifache. Uebernahme der
für Lehrerschaft und
Hälfte des Gesamtaufwandes
Landesangestellte durch den Bund Ueberlassung des ge¬
samten Valutagewinnes aus der Holzausfuhr oder Ein¬
führung von Landesausfuhrtaxen für Holz, Mitwirkung
der Staats¬
der Länder bei den Gehaltsreaulierungen</Unicode>
            </TextEquiv>
        </TextRegion>
    </Page>
</PcGts>
