3392 4416
317 276 841 381 11. Reigen
1012 269 1429 357 box 17/6
2059 414 2362 500 Salzburgee
2229 489 2414 566 alsbtr
2741 612 2914 681 Seite 5
2089 610 2344 687 3. Februar
1780 696 2984 761 gegenzuwirken. sind nunmehr fertiggestellt und können bei
1792 749 2985 796 allen Postämtern und Geldinstituten bezogen werdn. Diese
1781 788 2973 838 Schatzscheine haben bekanntlich eine Laufzeit von sechs Jah¬
1791 836 2983 886 ren, werden al pari ausgegeben, könnm aber zu jeder Zeit
1782 879 2984 934 für den ersten Tag des der Kündigung nachfolgenden vierten
1789 931 2984 974 Kalendermonates gekündigt werden. Die Rückzahlung er¬
1786 963 2977 1020 folgt hierauf abzugsfrei zum volle Nennwerte samt Zinsen.
1788 1015 2980 1063 Mit diesm Schatzscheine gelangt man eig ntlich in den Besitz
1783 1053 2977 1104 von verzinslichen Noten, die vielleicht die Anziehungskraft
1785 1100 2980 1153 besitzen werden, um auch aufgesparte Bankno#on aus dm
1794 1142 2988 1198 Verkehr herauszuholen, den Umlauf an Banknoten zu vor¬
1796 1188 2988 1246 ingern und damit den endlichen Abbau der ungeh nerlich
1779 1232 2986 1281 belastenden Teuerung herbeizuführen. Eine Zeichnung auf
1785 1280 2977 1328 diese Schitzscheine findet nicht statt. Sie sind jedrzeit bei
1779 1320 2980 1380 allen Anstelten zu haben und die Art der Anleihe ist eine
1789 1362 2984 1414 dauernde Einrichtung, die auch in anderen Staaten b steht,
1793 1404 2988 1468 damit überschüssige Gelder in vorteilhafter Weise veranlagt
1782 1452 2986 1499 weiden können. Im Bedarfsfalle sind diese Schatzsch ine
1780 1497 2990 1573 leicht zu realisieren, indem sie bei jedem Postamte leicht ge¬
2912 1532 2990 1589 216
1783 1543 2272 1602 kündigt werden können.
1798 1621 2995 1769 Wiener Bank-Verein
2167 1747 2667 1828 Filiale Salzburg
2136 1804 2698 1917 Rathausplatz Nr. 1.
1901 1905 2850 2013 Der Tanz um den „Beigen.
1860 1975 2994 2075 Das amtliche Korrespondenzburg# brachte gestern
1797 2063 2375 2121 abends folgende Mitteilung:
1851 2079 2988 2166 KB. Wien, 11. Februar. Durch eine Verfügung der
1791 2145 2986 2210 Regierung wurde die weitere Auffürung des Bühnen¬
1791 2199 2992 2258 werkes Reigen untersegt. In einer amtlichen Mittei¬
1797 2252 2988 2314 lung wird hiezu bemerkt: Kundgebungen aus der Be¬
1793 2304 2984 2357 völkerung und zahlreiche Artikel der Presse verschiede¬
1787 2352 2992 2406 ner Richtung ließen erkennen, daß diese Vorführuag
1799 2404 2988 2458 mit dem sittlichen Empfinden weiter
1788 2453 2992 2520 Kreise der Wiener Bevölkerung in scharfem
1796 2493 2993 2558 Gegensatz steht. Die Bundesrezierung glaubt sich
1798 2550 2998 2602 bei dem Verbote mit der öffentlichen Meinung, abge¬
1790 2593 2992 2656 sehen von einem kleinen für dess Wiener Volksempfin¬
1796 2642 2992 2701 den nicht maßgebenden Zuhörerkreis in voller Ueber¬
1802 2704 2370 2758 einstimmung zu befinden.
1864 2734 2994 2801 Abg. Lauthner, Sozialdemokrat, und Genossen, über¬
1802 2798 3000 2848 reichen folgende dringliche Anfrage: Die Bu#desregie¬
1798 2847 2993 2906 runz hat die Aufführung des bekannten Theaterstückes
1802 2885 2996 2946 Reigen in Wien verboten. Dieses Verbot stellt einen
1792 2943 2993 3001 verfessungswiörigen Eingriff der Bundesregierung in
1808 2986 3002 3046 die Rechte des Landes Wien dar. da zur Ausübung der
1808 3037 3003 3090 Theaterzensur in Wien ausschließlich der Landes¬
1809 3092 2992 3146 herptmann von Wien befugt ist Das Verbot beweist,
1807 3138 2995 3197 daß Her Regierunz das Diktat der Klerikalen höher
1799 3182 3000 3239 steht als die Bestimmungen der Verfassung Es wird
1791 3245 3007 3298 die Frage gestellt, ob der Bundesminister für Inneres
1807 3289 2999 3351 den verfassungswidrigen Erlaß über das Verbot der
1803 3336 2618 3398 Aufführung sofort zurückziehen wolle.
1865 3380 3003 3443 Abg. Leuthner begründet diese dringliche Anfraze,
1812 3431 3003 3485 die Minister Dr. Glanz sofort beantwortet. Seine Aus¬
1815 3479 2999 3536 führungen werden von den Soztaldemokraten mit
1814 3533 2996 3587 stürmischem Widerspruch unterbrochen, von den Christ¬
1802 3583 3002 3636 lichsozialen mit Beifall und Händeklatschen ausgenom¬
1808 3631 2998 3689 men Am Schlusse wenden sich die Sozialdemokraten in
1811 3670 3004 3737 stümischen Pfuirufen und Abzugsrufen gegen den Mi¬
1810 3739 2998 3787 nister des Jnneren. Mehrere sozialdemokratische Abge¬
1812 3783 3000 3834 ordnete dranzen unter stürmischen Beifall=Rufen ge¬
1807 3834 3000 3888 gen den Ministertisch vor, sie werden jedoch von den
1811 3881 3009 3939 Parteigenossen zurückgehalten. Abg. Zalenka schlägt
1818 3933 3007 3987 unter lebhaften Rufen gegen den Minister auf den Mi¬
1816 3972 2997 4025 nistertisch. Es kommt zu überaus heftigen Auseinan¬
1814 4018 3002 4076 dersetzungen zwischen Sozialdemokraten und Christlich¬
1809 4073 3002 4128 sozialen. Es sprechen sodann die Abg Weber, christlich¬
1820 4122 3014 4193 sozial, und Seitz, Sozialdemokrat, worauf die Sitzung
1807 4180 2211 4243 geschlossen wurde.
1885 4224 2455 4278 Hiezu einige Bemerkungen:
