3336 4416
293 133 813 236 11. Reigen
981 117 1414 206 box 17/6
1526 195 2430 324 26 /55 Die Weisungen.
1624 306 2620 361 Die Regierung Mayr läßt andeuten, daß sie gegen
1520 359 2614 409 den Landeshauptmann von Niederösterreich die Anklage
1514 396 2615 454 erheben werde! Da es dazu nur eines Beschlusses der
1511 447 2624 503 Bundesregierung bedarf, so wird man eine Ausrede nicht
1517 494 2616 545 gelten lassen und darauf dringen, daß vor dem Ver¬
1531 538 2623 587 assungsgerichtshof die Frage entschieden werde, wobei
1518 574 2611 629 schon Jjetzt festzustellen ist, daß wenn die „Anklage“ der
1518 619 2610 675 Bundesregierung abgewiesen wird, ihr die Anklage
1521 664 2617 723 wider den Bundesminister, der die Gesetzverletzung
2393 707 2618 762 unwiderruf¬
2010 710 2385 772 begangen hat,
1523 705 1939 776 jener „Untersagung“
1999 746 2464 811 Die neue Verfassung
2539 753 2613 806 läßt
1832 754 1997 812 müsse.
1521 754 1609 810 lich
1649 752 1776 811 folgen
1514 796 2615 852 die Anklage gegen einen Landeshauptmann auch „wegen
1518 842 2604 895 Nichtbefolgung der Verordnungen oder sonstigen Anord¬
1520 878 2616 929 nungen des Bundes in Angelegenheiten der mittelbaren
1522 925 2614 981 Bundesverwaltung zu“; wir wollen uns den Scherz nicht
1518 979 2617 1027 versagen, diese Bestimmung der Verfassung mit dem
1514 1008 2488 1072 Vorgehen des Herrn Glanz genauer zu vergleichen.
1639 1059 2612 1115 Vor allem versteht wohl jeder, der etwas
1513 1108 2610 1158 versteht, daß unter den „Verordnungen oder sonstigen
1510 1144 2612 1192 Anordnungen des Bundes“ in gar keinem Falle
2558 1189 2615 1248 ein
1523 1180 2483 1236 in dividuelle Weisungen gemeint
1516 1236 2613 1288 können, vielmehr nur allgemeine Anordnungen
1521 1270 2624 1331 gemeint sind. Denn wenn die Antlage zulässig gemacht
2561 1321 2616 1372 der
1527 1318 2485 1380 hätte werden sollen wegen Nichtbefolgung
1532 1367 2609 1418 Weisungen der Bundesregierung sowie der ein¬
1525 1407 2611 1458 zelnen Bundesminister“, an die der Landeshauptmann in
1530 1450 2607 1503 Angelegenheiten der mittelbaren Bundesverwaltung
1523 1501 2626 1547 gebunden ist, so wäre natürlich die Anklagebestimmung bei
1533 1536 2469 1585 dem Worte „Weisungen" verblieben und
2534 1536 2612 1591 hätte
1524 1583 2615 1635 auch nicht ihren Ursprung von „der Bundesregierung
1884 1624 2480 1679 einzelnen Bundesministerien
1714 1621 1799 1674 den
1529 1625 1683 1680 sowie
2568 1623 2615 1677 in
1528 1666 2521 1724 den „Bund“ verlegt. Die Verfassung läßt
1532 1760 2622 1807 über Gesetze oder über die auf Grund von Bundes¬
1536 1804 2624 1854 gesetzen als allgemein verpflichtend erlassenen Anordnungen
1524 1838 2617 1892 des Bundes hinwegsetzt; die Vorstellung, daß man zum
1537 1867 2616 1928 Verfassungsgerichtshof laufen könnte, weil ein Landes¬
1530 1927 2618 1977 haupimann dem Minister „nicht folgt“, ist natürlich eine
1537 1975 2627 2045 Einfältigkeit. Das wären erstaunlich „selbständige Länder“,
1714 2017 2802 2106 wenn die Regierungen, die sie sich einsetzen, Befehlen der
1704 2093 2618 2153 Minister als ihren Vorgesetzten zu folgen hätten!
1816 2127 2799 2191 Zum zweiten ist zu sagen, daß in dem Wisch des
1700 2172 2789 2238 Herrn Glanz, der an den Magistrat, Abteilung 55, ge¬
1718 2227 2791 2276 richtet ist, überhaupt keine Weisung an den Landeshaupt¬
1712 2264 2792 2312 mann vorliegt. Was aber die Weisungen (nach Artikel 103)
1718 2308 2792 2365 selbst betrifft, so kann ein Gesetz ganz selbstverständlich
1708 2359 2795 2407 nur Weisungen meinen, die in den Gesetzen be¬
1712 2400 2802 2456 gründet sind; nicht solche, die den Gesetzen wider¬
1715 2441 2792 2499 sprächen. Da aber nach der Theaterordnung der
2644 2478 2801 2539 Statt¬
1714 2486 2642 2554 Widerruf einer Aufführungsbewilligung dem
2241 2517 2796 2582 ist für Weisungen des
1709 2518 2195 2583 halter überwiesen ist,
1712 2569 2802 2620 Ministers an den Landeshauptmann da kein Raum. Nur
1706 2607 2799 2663 die eingewurzelte Lakaiengesinnung der bürgerlichen Presse
1714 2648 2792 2701 kann aber meinen, daß der Minister der Republik zu
1714 2701 2801 2752 den Weisungen an den Landeshauptmann berechtigt
1710 2739 2800 2795 wäre, zu denen die k. k. Minister an die k. k. Statthalter
1712 2784 2806 2834 berechtigt waren, also zu Weisungen des Vorgesetzten an
1711 2832 2804 2880 den untergebenen Beamten; zu Weisungen aus der büro¬
1708 2869 2808 2924 kratischen Ueber= und Unterordnung gibt eine Verfassung.
1706 2923 2802 2966 die von selbständigen Ländern ausgeht, natürlich keine
1709 2960 2808 3008 Möglichkeit. Dem k. k. Statthalter konmte der k. k. Minister
1710 3006 2803 3056 befehlen, dazu brauchte er keine Berufung aufs
1718 3039 2807 3107 Gesetz; es war eben in der bürokratischen Hierarchei
1714 3091 2809 3148 begründet. Aber zu Weisungen an die Regierung des
1711 3139 2803 3184 selbständigen Bundeslandes ist der Minister nur insoweit
1711 3179 2801 3245 berechtigt, als das Gesetz ihn ermächtigt, als das Gesetz
1712 3219 2816 3270 ihm dazu die Handhabe gibt; aber gerade die
1708 3263 2803 3313 Theaterordnung, die den Statthalter zum Herrn der
1714 3295 2817 3362 Entscheidung macht, gibt dem Minister dieses Recht
1710 3349 2818 3410 nicht. Wenn die Regierung nicht durch das Gesetz
1714 3391 2808 3453 selbst die dritte Instanz ist — und das ist sie hier.
1713 3432 2815 3492 wie ausreichend nachgewiesen, nicht —, so fehlt für seine
1716 3477 2811 3537 „Weisungen“ jede rechtliche Grundlage, die er sich jetzt
1716 3533 2815 3580 nicht mehr aus der alle Unterbehörden beherrschenden
1710 3570 2805 3624 Stellung der Regierung des zentralistischen Staates ab¬
1704 3613 2815 3664 leiten kann, sondern die nur das betressende
1713 3654 2815 3727 Gesetz selbst zu liesern vermöchte — was es hier
1700 3698 1888 3765 nicht tut.
1816 3733 2800 3800 Wir möchten also schon sehr ernstlich darum bitten,
1713 3794 2798 3842 daß die hohe Bundesregierung den „Antlagebeschluß“
1712 3838 2800 3889 jasse; wir wünschen nämlih, daß Herrn Glanz die Unver¬
1716 3886 2795 3949 schämtheit seiner Gesetzverletzung auch vom Verfassungs¬
1708 3925 2203 4001 gerichtshof attestiert wird.
