3484 4384
320 207 471 295 11.
517 209 582 274 R
1018 212 1426 309 box 17/2
493 222 836 316 izen
795 1116 1570 1263 Dr. Max Goldichmict
879 1211 1479 1317 ##e Bureau für
968 1281 1371 1364 Zeitungsausschn,
704 1355 1367 1421 verbunden mit direktem Nachrich
963 1401 1373 1468 eigene Korresponden
1377 1387 1624 1476 Hienst durch
780 1455 1065 1532 Berlin N. 24.
1244 1461 1403 1538 Telephol
1416 1515 1519 1575 3051.
963 1575 1413 1664 Ausschnitt aus
1032 1860 1496 1957 Berliber Tageplat.
1123 1971 1446 2056 28 JUN. 1003.
580 2054 1778 2167 Schnitzlers „Reigen“ auf der Bühne.
619 2141 1750 2221 (Aufführung des Akademisch=dramatischen Vereins in München.)
626 2190 1775 2274 G. Sch. Unser Münchener Korrespondent schreibt uns über
579 2232 1778 2323 die Aufführung dreter Szenen aus Arthur Schnitzlers „Reigen“:
580 2272 1778 2362 Einer meiner Freuhde, der mehrere Jahre an einer größeren
572 2316 1772 2399 Bühne als Spielleiler tätig war, sagte mir einmal, daß das
569 2364 1772 2447 Diktum des ersten Natoleons „Es gibt keine Unmöglichkeit“ auch für
571 2402 1772 2490 den Regisseur gelte. Mein Freund kannte eben Schnitzlers „Reigen“
566 2445 1771 2531 noch nicht. Die Vorgänge, die in dieser Dialogfolge durch Gedanken¬
571 2485 1778 2572 striche bezeichnet sind, auf der Bühne oder in der Zeitung auch nur
563 2530 1765 2610 versuchsweise anzudeuten, ist einfach unmöglich. Immerhin konnte
559 2567 1775 2651 man gespannt sein, wie sich die Darsteller mit den Gedankenstrichen
552 2609 861 2668 abfinden würden.
608 2643 1762 2743 Der Verein, den ich übrigens für derlei Experimente am wenigsten
562 2679 1767 2776 berufen halte, hatte die Dialoge 4, 5 und 6, „Der junge Herr und
558 2735 1757 2826 die junge Frau“, „Der Ehemann und die junge Frau" und „Der
558 2777 1764 2865 Ehemann und das süße Mädel“ gewählt, die — wie soll ich doch
557 2820 1758 2912 sagen? — relativ harmlosesten Stückchen des Cyklus. Aber auch in
548 2865 1763 2950 diesen drei Szenen einer Ehekomödie bilden die Gedankenstriche die
549 2903 1764 2985 Voraussetzung und die Handlung. Die Darsteller glitten einfach darüber
548 2943 1740 3029 hinweg und in dem ersten Dialog „Junger Mann und junge Frau
555 2991 1757 3073 wurden überdies die gefährlichsten Zeilen gestrichen. Die geistreichen
555 3029 1757 3113 Sarkasmen, die psychologischen Feinheiten dieser Variationen über ein
549 3072 1756 3161 unnennbares Thema konnten bei dem geladenen vorwiegend literarischen
548 3113 1754 3190 Auditorium, das jede Pointe aufgriff, und dessen Phantasie einer greif¬
549 3155 1752 3240 baren Andeutung nicht bedurfte, kaum versagen. Doch auch dieses
541 3198 1746 3283 Muhlikum wurde durch die dreimalige Wiederholung der einen Mote
1855 1232 3012 1327 müde, und der Beifall nach den letzten Stückchen war lnur flau. 2
1850 1284 2962 1373 Abend ergab, was die Kenner des Buches schon vorher wußten:
1842 1326 3007 1421 keine Notwendigkeit besteht, Schnitzlers „Reigen“ auf die Bühne zu bring
1899 1369 3022 1466 Dem „Reigen“ voran ging ein einaktiges Drama „Die Tr
1842 1420 3020 1490 gödie des Triumphes“ von Karl Goldmann, wol
1841 1459 3035 1537 ein Mitglied des Akademisch=dramatischen Vereins. Die alte Geschicht
1837 1498 3036 1578 von dem Künstler, der von allen Fesseln befreit sein muß, so
1846 1541 3045 1621 er Unsterbliches schaffen. Ein Freund des Künstlers will e
1836 1580 3041 1665 versuchen, diesen von den Fesseln zu befreien. Er vermag
1835 1622 3040 1704 die edeldenkende Geliebte des Künstlers zum Verzichte zu
1834 1662 3047 1744 bewegen, aber der Onkel ist eine weniger heroisch angelegte
1828 1700 3044 1795 Natur. Der Onkel ergreift den Hammer, um die von seinem Neffen
1829 1747 3040 1835 begonnene Statue, natürlich ein Meisterwerk, zu zertrümmern. Der
1836 1791 3032 1873 Schlag trifft aber nicht den Marmor, sondern den beredten Freund
1825 1840 3031 1913 und Anwalt des Künstlers. Der Freund stirbt, der Künstler ist frei.
1834 1871 3038 1963 Die Tragödie des Triumphes. Der in jugendlich=pathetischer Sprache
1836 1915 3030 1997 geschriebene Einakter wurde höflichst, aber entschieden abgelehnt.
1830 1960 3024 2043 Hoffentlich läßt es Herr Goldmann bei diesem Versuche bewenden.
1824 2006 3022 2086 Der Akademisch=dramatische Verein sollte seine Kräfte nicht an Auf¬
1823 2038 3033 2137 gaben vergeuden, die doch nur für das Kaffeehausliteratentum
1819 2075 2105 2149 Interesse haben.
1880 2129 3019 2209 (Wir möchten diesem Bericht unseres Korrespondenten hinzufügen.
1820 2151 3014 2238 daß die Aufführung einiger der Dialoge aus Schnitzlers „Reigen“
1823 2206 3036 2274 auch in literarischer Beziehung ein ganz wertloses Experiment be¬
1820 2240 3018 2316 deutet. Das kleine Werk Schnitzlers, über das die Meinungen geteilt
1829 2276 3016 2358 ein können, das aber in keinem Falle auf die Bühne gehört,
1820 2325 3028 2383 sucht seinen Kunstwert in der Art, wiel sich die Dialoge
1812 2357 2636 2414 reigenartig miteinander verschlingen.
2688 2375 3023 2431 Einer folgt aus
1819 2389 3022 2468 dem anderen, und der Schluß verbindet sich wieder mit dem An¬
1820 2435 3012 2506 ang. Reißt man aus dieser Kette ein paar Glieder heraus,
1819 2473 3018 2543 o ist das, ganz abgesehen von allen anderen Bedenken, eine Barbarei,
1816 2503 3013 2582 deren sich ein Verein mit literarischen Bestrebungen am wenigsten
1817 2540 2997 2617 chuldig machen dürfte. Wir bezweifeln, daß Arthur Schnitzler zum
1813 2572 3013 2670 Aufführung und besonders zu dieser Art der Aufführung seine M¬
1806 2611 2393 2694 stimmung gegeben hat. D. Red.)
