3336 4416
129 181 730 256 Ane Ncht Rehr
753 227 1913 289 „Nova Reforma“, daß die Bolschewisten in der Um¬
113 228 736 312 ers Die gleichzeitig einlaufende
751 273 1918 337 gebung Truppen in der Stärke von 80,000 Mann
111 290 725 349 unten der Bolschewiken für eine
752 320 1912 379 konzentrieren. Längs der Grenze werden unter Mit¬
108 344 733 416 Deser des Friedensschlusses von
749 361 1914 434 arbeit der Zivilbevölkerung Befestigungen und Schützengräben
122 388 727 462 In Moskau jedoch wird jede
755 409 1913 470 angelegt. Die Bolschewisten berufen immer weitere
115 438 268 517 asstellt.
745 449 1145 531 Jahrgänge ein.
747 567 1919 639 als der Regierungsvertreter weiter erklärte, Ministerpräsident
122 568 725 667 die Pariser Konferenz.
750 620 1922 686 Dr. v. Kahr sei wegen andrer dienstlicher Angelegenheiten
107 644 164 705 #e
164 641 715 716 Protokoll über die Ergebnisse
748 667 1909 740 verhindert, im Hause zu erscheinen. Auf Antrag des
155 688 717 750 Paris ist bisher noch nicht
755 711 1909 770 Abgeordneten Timm wurde unter lebhafter Unruhe auf der
161 741 718 805 arlamentarischen Kreisen ver¬
741 753 1911 820 Rechten beschlossen, die Sitzung auf eine Stunde zu vertagen,
162 788 719 853 hauptsächlich darauf zurück¬
747 805 1911 870 damit die Frattionen der Linken zu diesem Vorkommnis
171 827 721 894 Beschlüsse, der die Wieder¬
753 848 1918 915 Stellung nehmen können. Nach einer sehr stürmischen Debatte
119 870 715 944 Beziehungen Oesterreichs mit
750 900 1912 961 erzwang die sozialdemokratische Fraktion einen Beschluß,
130 921 715 985 ##der auch eine der Grundlagen
743 940 1586 1014 wonach die Sitzung abgebrochen wurde.
133 967 714 1036 zu bilden haben wird, Vor
116 1010 723 1081 eite mit den Regierungen der
817 1039 1845 1116 Einschüchterung oder Militärgewalt.
125 1060 723 1130 Zugoslawiens erforderlich
837 1103 1909 1175 Paris, 11. Februar. (Privattelegramm.) „Petit
127 1113 583 1170 Abschluß gediehen sind.
740 1140 1913 1206 Journal“ erklärt, daß es für die Durchsetzung der Entschädi¬
106 1130 720 1219 rotokolls wird also bis zu dem
749 1202 1903 1255 gungsforderung an Deutschland nur zwei Mittel gebe: Ein¬
120 1205 713 1270 ien, in dem die Versprechungen
739 1243 1908 1309 schüchterung oder Militärgewalt. Die Anwendung
169 1240 452 1324 t sein werden.
733 1287 1909 1359 der letzteren koste viet Geld und ziel; schwere wirtschaftliche
729 1327 1911 1408 und politische Folgen nach sich. Es sei also die Einschüch¬
181 1333 565 1423 ür Oesterreich.
736 1378 1912 1445 terungvorzuziehen, und diese werde gegen Deutsch¬
149 1403 395 1487 t nicht teil.
731 1425 1913 1496 land immer gelingen, solange die französisch=englische Allianz
730 1468 1426 1530 den europäischen Weltfrieden sichere.
111 1447 705 1529 ##as.) Nach der „Stoile Belge
122 1516 716 1584 swärtigen Jasbar in der
125 1562 715 1641 wärtige Angelegenheiten, daß
775 1564 1871 1663 Die Präsidentenwabl in Amerika.
133 1609 710 1679 fkonsortium nicht teil¬
815 1644 1911 1708 Washington, 11. Februar. (Tel.=Komp.) Die offizielle
152 1652 714 1737 Zweck verfolge, Oester¬
739 1695 1902 1765 Wahl Hardings zum Präsidenten und Calvin Colidges
724 1749 1904 1817 zum Vizepräsidenten wird am kommenden Mittwoch stattfinden,
726 1801 1901 1862 und zwar unter Leitung des Vizepräsidenten Marshall.
204 1808 647 1906 gung in Tirol.
727 1842 1912 1906 Marshall wird in dieser Sitzung die förmliche Feststellung
123 1885 482 1957 ung verschoben.
729 1894 1902 1954 machen, daß Harding und Colidges mit 404 Stimmen von
729 1936 1906 1988 37 Staaten gewählt wurden. Im ganzen hat bei der
152 1936 701 2003 us dem Landhause wird mit¬
732 1979 1899 2033 Wahl im November Harding etwas über 16 Millionen Stim¬
127 1987 710 2053 stagsparteien traten gestern zu
734 2029 1901 2102 men erhalten, während der demokratische Kandidat Cooks es
142 2034 715 2104 zur Durchführung der
727 2078 1663 2150 auf mehr als 9 Millionen Stimmen gebracht hat.
135 2078 710 2152 inen Volksabstimmung
154 2128 705 2190 zu nehmen. Zunächst gab der
149 2186 705 2243 chraffl eine genaue Dar¬
731 2161 1898 2253 Zunahme der Arbeitslosigkeit in England.
126 2217 707 2289 konferenz in Wien, auf der
809 2237 1905 2310 London. 11. Februar. (Wolff.) „Daily Expreß“ zufolge
141 2270 702 2338 Vertretern der Länder gegen¬
723 2271 1905 2352 hat die Arbeitslosigkeit im Vereinigten Königreich in
145 2316 713 2387 habe, daß die Regierung den
724 2339 1900 2408 der mit dem 5. d. zu Ende gegangenen Woche ständig
119 2352 700 2424 onalversammlung, eine allge¬
735 2387 1891 2442 zugenommen. Man zählt 1,108,000 Arbeitslose, was gegen¬
130 2410 711 2472 s Anschluß am ersten Sonntag
725 2435 1902 2507 über der vorhergehenden Woche eine Zunahme um 526,802
132 2464 709 2528 hres anzuordnen, aus schwer¬
724 2474 900 2555 bedeutet.
137 2503 521 2568 durchführen können.
136 2539 704 2614 sprache über die besondere
798 2545 1826 2630 Die wirtschaftliche Krife in Spanien.
152 2590 711 2661 das Land Tirol infolge des
815 2624 1843 2675 elona, 10. Februar. (Havas) Die Arbeit mußte
203 2642 697 2714 in voller Würdigung dei
727 2659 1899 2737 mehre Betrieben eingeschränkt werden. Man befürchtet, daß
153 2679 704 2757 Deutsche Reich gerade gegen¬
722 2714 1893 2797 die wirtschaftliche Krise in allen Industrie¬
127 2746 697 2810 senz und vor der Abstimmung
734 2752 1488 2819 gegenden an Schärfe zunimmt.
150 2782 697 2849 schließlich in der Obmänner¬
144 2831 708 2897 zum Ausdruck, daß die auf
812 2842 1799 2927 Die Volkszählung in der Tschecho¬
154 2870 711 2943 ür Tiror festgesetzte
1182 2903 1455 2981 Slowakei.
138 2914 708 2987 schieben sei. Des weiteren
808 2951 1890 3036 Prag, 11. Februar. (Privattelegramm.) Die Re¬
126 2964 716 3038 #ng beauftragt, sich sofort mit
731 3009 1884 3085 gierung hat heute einen Erlaß herausgegeben, demzufolge
125 3011 689 3083 Bundesregierung zur Fest¬
722 3064 1886 3117 alle Ausländer aus der Tschecho=Slowakei auszu¬
128 3054 703 3128 für eine gleichzeitige Abstim¬
727 3116 1894 3179 weisen sind, bezüglich welcher der Verdacht besteht, das
124 3101 692 3173 nidung zu setzen. Das Ergehnis
115 3152 692 3215 fndtag bei seinem Zusammen¬
729 3161 1887 3225 Volkszählungsergebnis zugunsten der Deutschen zu
729 3197 963 3279 beeinflussen.
129 3206 699 3274 selegt und von diesem dann
136 3247 376 3316 sten werden.
1058 3288 1556 3388 Der „Reigen“.
173 3356 601 3461 m Münchner
1007 3357 1617 3453 Die gestrige Aufführung.
802 3441 1887 3506 Mon hat der gestrigen Aufführung des „Reigen“ nicht
155 3434 272 3524 ag.
722 3473 1891 3556 ohne Besorgnis entgegengesehen. Das Publikum war auch
128 3494 701 3586 PPrivattelegramm.) Die
732 3537 1883 3592 infangs etwas nervös. Als jedoch die ersten Bilder ohne jede
137 3559 701 3632 Zeichen des Sturmes, den die
723 3582 1883 3638 Störung vorüberzogen, wurde die Stimmung ruhig. Die Auf¬
137 3616 699 3683 ber der Linken anläßlich der
725 3642 1881 3713 nahme war gestern sogar lebhafter als sonst. Man hat gelacht
144 3657 692 3731 rdie Stellung des bayerischen
718 3671 1042 3756 und applaudiert.
116 3701 700 3774 nisterkonfernz in Berlin vom
125 3761 699 3823 rr v. Lutz als Regierungs¬
836 3762 1785 3856 Der Kronen- und Markkurs.
116 3796 704 3857 nischen wiederholten Unter¬
808 3844 1895 3908 Zürich, 11. Februar. Auszahlung Wien 1.55
114 3845 702 3916 daß die Beratungen in Berlin
723 3875 1890 3946 (gegen 1.55 am Vortag), österr. gestempelte Kronen¬
105 3890 708 3964 en seien. Die Regierung sei
840 3943 994 3989 —.—
722 3938 846 3993 noten
1060 3946 1881 4004 .—), Prag 7.90 (7.75), Berlin 10.27½
106 3937 696 4007 Wandtag darüber Aufschluß zu
120 3981 1869 4054 ng bemächtigte sich der Linken, (10.20), Paris 44.27½ (44.15), Mailand 22.45 (22.45)
1940 219 3106 284 Angelegenheit des „Reigen: Der elende Friede, die
1938 253 3113 333 Hungersnot, die Feindseligkeiten zwischen Land und
1952 297 3107 374 Wien, der Machtkampf zwischen Bürgerlichen und
1957 341 3105 418 Sozialisten, die Drohungen eines kommunistischen Um¬
1946 390 3108 471 sturzes, die Zerschlagung der Koalition, die Oktober¬
1940 443 3107 513 wahlen mit ihrer Umwälzung der parlamentarischen
1935 479 3109 563 Machtverhältnisse — alles ist vorbeigezogen, ohne die
1932 527 3110 616 Volksvertretung aus dem seelischen Gleichgewichte zu
1944 575 3101 653 bringen. Aber die Aufführung einer Szenenreihe, die
1939 629 3096 700 neunundneunzig Hundertstel unsrer Bevölkerung gleich¬
1950 671 3100 735 gültig läßt, schon weil sie durch die Höhe der Eintritts¬
1936 723 3106 797 preise auch von diesem fragwürdigen Glück ausgeschlossen
1942 764 3105 837 sind, hat den Sturm im Wasserglase heraufbeschworen.
1942 811 3098 886 Das ist eine grundschlechte parlamentarische Regie, die
1934 856 3105 928 die Meinung befestigt, daß das Parlament fern von den
1941 903 3100 979 Nöten der Zeit sich in eine Kulissenpolitik einspinnt und
1932 951 3090 1042 ein Eigenleben führt, durch das es sich dem Volks¬
1940 1000 2411 1068 empfinden entfremdet.
2022 1031 3111 1117 Mehr als einmal im Laufe der Zeiten ist #s ge¬
1936 1091 3103 1158 schehen, daß die Leidenschaften sich an der Frage der
1938 1136 3099 1209 Zulassung oder Nichtzulassung eines Bühnenwerkes
1934 1192 3092 1250 zur öffentlichen Aufführung entzündeten. Schnitzlers
1931 1242 3095 1302 „Reigen“ aber bietet nicht den Anlaß zur Aufrollung
1930 1279 3095 1348 der großen Prinzipienfrage über die Grenzen der
1918 1326 3095 1398 Bühnenfreiheit. Man konnte sich vorstellen, daß Grill¬
1925 1371 3096 1455 varzers „Ottokar“ oder „Bruderzwist“, daß Haupt¬
1931 1417 3100 1491 manns „Weber“ oder Schönherrs „Glaube und
1933 1457 3093 1540 Heimat“ den würdigen Anlaß bieten, um das Problem
1920 1506 3104 1578 in seinen Tiefen auszuschöpfen. Dem „Reigen“ ist
1919 1551 3095 1631 dieser Ruhm verwehrt. Der Verfasser selbst hat sehr
1930 1607 3102 1678 wohl gewußt, warum er lange Zeit diese Dialogreihe
1934 1648 3099 1720 nur als Manuskript im Freundeskreise von Hand zu
1932 1695 3103 1776 Hand gehen ließ und an eine öffentliche Aufführung
1936 1746 3101 1814 nicht dachte. Was als Schriftwerk durch Kühnheit,
1934 1786 3094 1854 charfe Beobachtung und dialogischen Witz fesseln
1924 1836 3102 1912 konnte, gewinnt im grellen Rampenlicht ein ganz andres
1940 1880 3085 1957 besicht und wird nur zu leicht ein Zugeständnis an die
1931 1928 3084 2009 lüsternen Instinkte. Den Sozialdemokraten selbst ist
1925 1973 3092 2060 is nicht beigefallen, ihre Reputation mit einer Ver¬
1923 2021 3095 2087 teidigung des Werkes und seiner Aufführung zu ver¬
1919 2070 3085 2151 knüpfen, sie haben ausdrücklich abgelehnt, die ästhetische
1925 2119 3094 2196 oder kulturpolitische Seite der Frage zu entscheiden,
1914 2161 3088 2232 und ihr publizistisches Organ ist schon gestern erkenn¬
1915 2211 3091 2280 bar von dem „Reigen“ abgerückt, indem es erklärte,
1919 2253 3085 2324 daß wahrscheinlich viele Besucher der Aufführung nicht
1919 2309 3084 2380 wegen der künstlerischen Idee kommen und für sie un¬
1927 2350 3091 2419 empfänglich bleiben; auch hat das Blatt erklärt, es
1926 2396 2997 2462 würde der Forderung keineswegs widersprechen,
2998 2410 3086 2473 die
1922 2439 3082 2513 Zulassung zu den Aufführungen von einem bestimmten
1917 2488 3090 2555 Alter abhängig zu machen und sonach junge Menschen
1921 2540 3093 2609 von dem Besuch des „Reigen“ auszuschließen. Also
1924 2582 3096 2669 weder Artur Schnitzler noch der „Reigen“ können sich
1928 2627 3080 2705 berühmen, im Mittelpunkte des heißen Schlacht¬
1925 2675 3087 2742 getümmels zu stehen, vielmehr hat die sozialdemokratische
1924 2723 3093 2802 Partei den Kampf auf ein andres und ernsteres Gebiet
1914 2772 3091 2865 verlegt. Aus dem „Reigen“ ist eine Verfassungs= und
1914 2813 2384 2879 Machtfrage geworden.
2008 2853 3091 2927 Der Unsegen der föderalistischen Zerschlagung des
1912 2900 3086 2985 Staatswesens trat gestern sichtbar zutage. An dieser
1918 2955 3083 3033 Stelle wurde, solange das Verfassungswerk im Werden
1911 3004 3083 3076 und die Kritik noch nicht gegenstandslos war, immer
1918 3052 3087 3130 wieder ausgesprochen, daß es ein Mißgriff ist, einen so
1916 3104 3074 3184 winzigen und überdies durchaus einheitlichen Staat in
1910 3155 3082 3223 acht zwergenhafte Sonderstaaten zu zerschlagen. Die
1909 3194 3078 3267 Warnungen blieben fruchtlos, die föderalistische Bundes¬
1910 3245 3077 3315 verfassung wurde geschaffen, eine achtfache Souveränität
1909 3295 3078 3362 aufgerichtet. Das dicke Ende kommt jetzt nach. Die
1909 3341 3080 3395 Haltung der sozialdemokratischen Partei zur neuen Ver¬
1917 3387 3082 3450 fassung war allerdings zwiespältig. Die Parteigenossen
1910 3436 3077 3496 in jenen Ländern, wo sie eine schwache Minderheit
1921 3482 3070 3549 bilden, iaren zentralistisch gerichtet, um den Rückhalt
1916 3529 3074 3597 an dem sozialistischen Wien nicht zu verlieren;
1916 3573 3081 3646 die Wiener Sozialisten, die sich zunächst ihrer Sache
1924 3624 3082 3682 icher fühlten, hatten gegen die bundesstaatliche Ein¬
1907 3676 3074 3739 richtung wenig einzuwenden, weil sie darin eine Bürg¬
1906 3720 3077 3786 schaft ihrer Machtstellung in Wien erblickten. Und nun,
1908 3770 3070 3821 da der Föderalismus zur staatsrechtlichen Tatsache ge¬
1916 3815 3072 3878 worden ist, fordern sie, daß er auch dort zur Wahrheit
1913 3862 2972 3927 werde, wo es zu ihren Gunsten geschehen könne:
2961 3867 3066 3925 die
1920 3908 3080 3982 Entscheidung über die Zulassung eines Werkes zur
1911 3957 3072 4024 Bühnenaufführung sei Sache der Landesregierung,
1907 4007 3077 4081 und wenn sie im bejahenden Sinne getroffen sei, habe
