3336 4320
929 188 1331 275 box 18/1
245 189 740 283 11. Reigen
1209 1138 1542 1237 Reigen“.
572 1140 1164 1255 Artur Schnißler:
788 1222 1320 1311 Kleines Schauspielhaus.
513 1308 1653 1416 Darf man Stücke verbieten? — Nicht mal, wenn sie schlecht ge¬
478 1363 1656 1450 schrieben sind und schlecht gespielt werden; (was ein Standpunkt sein
473 1447 610 1504 könnte).
524 1429 1657 1543 Hier aber ist ein reizendes Werk. — und es wird annehmbar
473 1532 612 1587 gespielt.
527 1519 1657 1620 Der Erfolg war gut; die Hörerschaft wurde nicht schlechter da¬
471 1579 1593 1671 von. Und die Welt ist, zum Donnerwetter, kein Kindergarten.
512 1599 1649 1710 Schnitzler schrieb das Buch vor vierundzwanzig Jahren. Er hat's
483 1660 1666 1748 damals nur den Freunden geschenkt. Im Deutschen Reich war es
479 1705 1654 1793 nicht druckbar — unter einer Regierung, die für aller Wohl so sehr
473 1768 1199 1851 sorgte, daß es allen heute so gut ergeht.
544 1769 1654 1872 Einen Augenblick Rast und Befinnung! Es wird auf die Dauer
480 1829 1656 1920 zu sad, vor allen wichtigsten Begleitumständen der menschlichen
491 1873 1655 1965 Fortpflanzung sich tot zu stellen; sich dumm zu stellen. Eine lang¬
496 1913 1662 1999 daue ade Hypnose. Die Einteilung „Altertum, „Mittelalter“, „Neu¬
479 1985 1012 2048 zeit“ ist im Grunde verfrüht.
547 2032 1671 2127 Reigen heißt hier Liebesreigen. Und Liebe heißt hier nicht
494 2101 1399 2180 platonische, sondern ... Also: angewandte Liebe.
551 2111 1663 2210 Sie wird angewandt (ohne Gröbliches, Lüsternes, Schmieriges)
498 2169 1670 2259 zwischen zehn Menschenpaaren. Und zwischen allen Gesellschafts¬
502 2249 626 2302 klassen.
556 2239 1675 2338 Stets das Hinübergreisen von einer Schicht zur andren. Folgen¬
497 2297 1667 2378 dermaßen. Dirne, Soldat. Soldat. Stubenmädel. Stubenmädel
511 2343 1678 2423 junger Herr. Junger Herr, junge Frau. Junge Frau, ihr Mann.
506 2378 1671 2467 Ihr Mann, süßes Mädel. Süßes Mädel, Poet. Poet, Schauspielerin.
1218 2421 1679 2491 Der Reigen ist geschlossen.
512 2440 1205 2509 Schauspielerin, Graf. Graf. Dirne
556 2468 1673 2544 Voltaire hat im „Candide“ Aehnliches vorgemacht. Die Reihen¬
509 2509 1676 2595 folge bei ihm ist: Stubenmädel; Franziskaner; alte Gräfin; Ritt¬
515 2551 1638 2628 meister; Marquise; Page; Jesuit; Matrose des Columbus
513 2589 1684 2673 Auch hier ist also von der so oft erstrebten Ueberbrückung der Klafsen¬
505 2650 1286 2717 unterschiede wenigstens Einiges durchgeführt.
561 2674 1688 2757 Die seelische Tragikomik des körperlichen Begebnisses hat ja auch der
498 2719 1673 2798 himmlische Hogarth in zwei Bildern unsterblich festgelegt: „Vorher“
511 2767 1445 2854 und „Nachher“ benannt. Die Welt steht immer noch.
567 2856 1689 2936 Schnitzler ist mehr launig als faunig. Er gibt mit nachdenklichem
514 2902 1460 2980 Lächeln den irdischen Humor der unterirdischen Welt.
569 2940 1694 3019 Nicht Schmutzereien: sondern Lebensaspekten. Auch das Ver¬
508 2983 1688 3064 gängliche des Taumels; das komisch=trübe Schwinden der Trugs.
507 3044 1259 3117 Alles umhaucht von leisem, witzigem Reiz.
1068 3182 1232 3283 C4
623 3225 875 3327 WUA
1775 973 2178 1045 20 Opfer zu drinig¬
1723 1093 2866 1157 Herr Hubert Reusch, der Spielwart. hat es nicht ganz ohne
1683 1126 2865 1205 Glück nachgestaltet. Der Erfolg ließe sich verstärken, wenn man die
1691 1165 2864 1246 Musik streicht — und einen Teil der Darsteller auf die Höhe der Aus¬
1677 1235 2001 1302 stattung bringt ..
1737 1244 2866 1341 (Sie war von Stern; manchmal zu üppig — so im Zimmerl
1694 1325 1897 1383 des Poeten.)
1743 1320 2869 1420 Alles müßte leiser, leichter, ironisch zarter im gesprochenen Wort
1693 1400 2387 1461 sein. Aber alles war, o Polizei, dezent.
1735 1416 2871 1507 Der Gewinn des Abends hieß Poldi Müller. Das ist niemand.
1690 1466 2867 1542 der Leopold heißt. Sondern jemand, der offenbar Leopoldine heißt.
1691 1526 2175 1592 Sie war das süße Mädel.
1739 1570 1993 1628 Ja, sie war es
1741 1580 2879 1676 Von der Schauspielerin, die es mit dem Dichter und dem Grafen
1690 1633 2879 1711 hat. holte Fräulein Dergan (Blanche mit Vornamen) bloß Einiges
1701 1670 2874 1754 heraus. Die Rolle schreit, brüllt nach der Sandrock. — wo die noch
1704 1733 2246 1793 keine grauen Herzoginnen gab.
2454 1735 2889 1817 aber die Gestalt braucht
1755 1762 2453 1843 Fräulein Dergan war liebenswürdig —
1702 1797 2878 1878 noch mnehr Feierliches, Unzusammenhängendes, Erhaben=Hunde¬
1694 1846 2824 1939 schnäuziges, Unbeirrbar-Ruhevolles — daß man vom Stuhl fällt.
1755 1881 2891 1967 Das löstliche Abschiedswort an den Offizier, „Adieu, Stein¬
1703 1935 2558 2006 amanger!“ verkitschte sie durch eine Weglassung.
1751 1961 2882 2045 Wie auch der Schauspieler Kurt Götz Ersatzwirkungen durch frei¬
1702 2019 2882 2090 williges Sichbegießen mit Wasser beitat. Er war nicht recht ein
1698 2078 2147 2138 wienerischer junger Herr.
1764 2088 2895 2174 Seine junge Frau, Fräulein Magda Mohr (neulich Magda
1709 2136 2884 2218 Madeleine) hatte den Namen geändert. Jetzt, wenn sie noch Einiges
1710 2205 2002 2267 ändern möchte.
1766 2216 2887 2303 Herr Etlinger kam als Poet in der Maske Schnitzlers; wodurch
1707 2267 2895 2345 er ihm zu nahe trat. Undankbar gegen einen Autor. Doch
1707 2325 2278 2402 im Phlegma blieb er ganz ulkig.
2269 2359 2328 2419 IV.
1770 2395 2903 2484 Zum Beginn und zum Schluß erschien die Prinzipalin, Frau
1721 2447 2895 2519 Eysoldt. Sie trug mit Recht ihre Klage wider die Polizei vor die
1728 2512 1929 2571 Unwesenden.
1769 2523 2897 2605 Die Aufführung ist bei sechs Wochen Haft verboten worden, — da¬
1720 2576 2900 2657 bei hat die hineingreifende Stelle das Werk nur gelesen, nie gesehn.
1756 2605 2903 2689 Das alles geht vom Kultusministerium aus? Bestimmt nicht von
2571 2655 2852 2721 Alfred Kerr.
1722 2676 1869 2747 Haenisch.
1772 2708 2899 2802 7 Uraufführungen im Reich. Das Rostocker Stadttheater,
2635 2758 2892 2810 „Kain“ am
1727 2769 2627 2832 welches das neueste Werk von Anton Wildgans
1726 2795 2896 2868 12. Januar zur Uraufführung bringen wird hat auch das neueste Werk
1721 2829 2906 2897 von Herbert Eulenburg, „Mückentanz“, als Uraufführung er¬
1722 2858 2896 2942 worben. Das Werk wird in der ersten Hälfte des Februar herauskommen.
1774 2898 2892 2976 Theaterchronik. Die Uraufführung seines neuesten Werkes
1735 2939 2904 3013 „Baroneßchen Sara“ in der Komischen Oper am ersten Weihnachts¬
1741 2967 2906 3041 eiertag, wie auch die Wiederholungen am zweiten und dritten Feiertag
1730 3017 2495 3084 leitet der Komponist Leo Ascher persönlich.
2904 1147 2952 1220 3
