3532 4224
397 78 519 154 11
574 100 904 180 zen
1104 90 1509 174 box 18/2
1753 1980 1787 2027 2
1743 76 1794 149 ).
1752 246 1800 315 er
1746 352 1803 414 1.
1757 448 1810 505 il.
1747 492 1806 557 en
1754 592 1799 642 1•
1751 627 1798 691 #t¬
1759 684 1799 734 5
1756 769 1801 835 ra
1750 913 1797 973 :e
1752 973 1798 1021 n
1748 1019 1793 1075 n¬
1760 1064 1794 1111 n
1759 1116 1796 1167 m
1763 1344 1799 1400 n
1764 1392 1801 1443 4
1758 1495 1794 1547 n
1758 2141 1804 2199 1
1841 56 2970 107 einer besonders Trschen
1845 92 2941 139 weder beim erstenmal noch am Sonntag irgendwie Anston
2940 96 3002 146 g
1850 128 3028 171 nommen. Wenn man aber, wie er, vier Stunden auf dem Korriben
1846 161 3027 222 vor dem Gerichtssaal warten mußte und dann die Szenen, die sich
1843 198 3012 247 dort abgespielt haben, gesehen hat, dann müsse man zu der Ueber
1845 240 3020 288 zeugung kommen, daß die Sittlichkeit gar nicht als Selbstzweck,
1849 282 2814 343 ondern als Mittel zum Zweck der Tendenzmache diente.
1889 315 3019 369 Redakteur Sachers bekundet als Zeuge, daß er nach der An¬
1849 357 3017 410 prache, die Frau Eysoldt vor Beginn der „Reigen“=Aufführungen
1845 399 3013 449 an das Publikum gerichtet, die Ueberzeugung gewonnen habe, daß es
1845 430 3014 486 sich um den Kampf einer künstlerischen Seele handelt
1838 474 3014 530 und daß es sich bei dem Schnitzlerschen „Reigen“ um ein wirklich
1843 505 3012 563 künstlerisches Werk handele, bei dem, seines Erachtens nach, ein
1841 548 2744 604 normales Empfinden nicht behelligt werden könne.
1892 583 3019 646 In ähnlicher Weise äußert sich der Registrator Bannert, der
1835 609 2805 689 in keiner Weise an dem Stück Anstoß genommen hat.
1900 661 3013 723 Die Schauspielerin Beck, die in den ersten Wochen der
1829 690 3022 761 Aufführung die Rolle der „Dirne" gespielt hat, bekundet,
1827 736 3016 796 daß von dem Regisseur Reusch schon bei den Proben besonderer Wert
1842 781 3013 842 darauf zelegt worden sei, daß alles vermieden würde, was zu
1829 819 3013 874 realistisch wirken und mit höchster Dezenz gespielt würde. Einer
1830 848 3009 913 der Angeklagten, der seinerzeit der Partner der Zeugin war und
1838 891 3022 947 den „Soldaten“ gespielt hatte, fragt die Zeugin, ob er jemals, wie
1829 929 3012 984 die Zeugin Frau Hauptmann Müller bekundet hat, ihre Beine
1832 975 3013 1029 „pervers umschlungen“ habe. Die Zeugin Beck erklärt, daß dies nie
1836 1008 3018 1064 der Fall gewesen sei, und daß eine derartige Angabe eine glatte
1837 1041 2226 1099 Unwahrheit sei. —
2242 1049 3015 1103 Auf eine Frage des Rechtsanwalts Dr.
1827 1079 3005 1139 Rosenberger erklärt die Zeugin, daß nach einer nur für
1825 1116 3008 1185 Bühnenkünstler bestimmten Nachmittagsaufführung keinesfalls,
1836 1160 3010 1222 wie behauptet wird, unter den Künstlern die Ansicht be¬
1833 1198 3017 1265 standen habe, ein anständiger Künstler dürfte in einem derartigen
1834 1239 3012 1291 Stück nicht spielen. Es habe im Gegenteil die Meinung bestanden,
1837 1275 3012 1320 daß das Stück, so wie es gespielt werde, hochkünstlerisch sei und keines¬
1829 1309 3018 1367 falls unsittlich wirke. Mit Rücksicht auf die Bekundung eines von
1831 1352 3003 1397 der Staatsanwaltschaft geladenen Zeugen, eines 22jährigen Studenten.
1832 1385 3010 1437 der erklärt hatte, daß der „Soldat“ auf der Bühne eine unsittliche
1828 1422 3019 1477 Bewegung an seinen Kleidern gemacht habe, fragt der Sachverstän¬
1823 1458 3011 1521 dige Dr. Alfred Kerr die Zeugin, ob sie as für möglich halte,
1821 1493 3008 1550 daß ein Schauspieler, der weiß, daß im Parkett ein „Stinkbomben¬
1826 1537 3003 1585 pöbel“ sitze, eine derartige Bewegung machen würde. Die Zeugin
1822 1577 3005 1625 erklärt, daß sie eine solche Bewegung nicht wahrgenommen habe und
1835 1608 2376 1659 sie auch nicht für möglich halte.
1877 1640 3003 1695 Auf Veranlassung des Vorsitzenden äußern sich kämtliche Dar¬
1824 1679 3005 1741 steller der Reihe nach darüber, daß sie sich danach gedrüngt hätten, die
1824 1722 2995 1770 Rollen zu spielen, mit Rücksicht auf ihren hohen künftlerischen Wert.
1819 1754 2997 1818 Von irgend einer Berinflussung oder Anstiftung durch Frau Eysoldt
1820 1795 2587 1849 oder Direktor Sladek könne keine Rede sein.
1868 1830 2997 1896 Stattsanwaltschaftskat v Bradke weist dorauf hin, daß der
1827 1870 2999 1930 Schauspioler Moissi erklärt haben soll: „Wenn man mir eine
1826 1916 2997 1979 Rolle in dem Stück angeboten hätte, so hätte ich dem Direktor die
1821 1954 2412 2014 Rolle vor die Füße geworfen.“
2415 1965 2997 2022 Leider sei Herr Moissi nicht in
1812 1992 2496 2049 Börlin, sonst wäre er geladen worden.
1875 2034 3003 2091 Direktor Sladek erklärt, daß er es ebenfalls bedauere, dast
1820 2064 2941 2131 Moissi hier nicht als Zeuge erscheinen könne, denn sonst würde
2949 2088 2995 2135 er
1804 2107 2929 2174 rim Stantsanwalt erklären, daß et sich in einem großen Irrtum
2950 2126 2997 2164 584
1820 2150 2986 2204 finde und ihm seinen künstlerischen Standpunkt über den „Reigen
1813 2188 2993 2239 klarlegen. Moissi hatte durchaus nicht sittliche Bedenken.
1814 2226 2997 2280 sondern nur künstlerische. Es wurde von ihm angeregt, öb es nicht
1816 2270 2998 2311 möglich sei, die sämtlichen Rollen in dem Stück von denselben Schau¬
1821 2300 3001 2355 spielern darstellen zu lassen und dadurch die Idee des Reigens erst
1821 2340 2998 2388 so richtig zur Anschauung zu bringen. Das war das künstlerische
1811 2378 2995 2431 Problem, das wir da besprochen haben. Keinesfalls hat sich Moissi
1816 2416 2997 2486 über die moralische Einwirkung des Stückes auf das Publikum über¬
1821 2450 2167 2505 haupt ausgesprochen.
1873 2485 2992 2543 Frau Eysold bestätigt dies. Moissi, der nach seiner ganzen
1805 2524 2989 2577 künstlorischen Entwickelung nach Tolstoi und anderen Werken seiner
1807 2566 2987 2615 Tendenz hinneigt, hat durchblicken lassen, daß ihn alle solche Stücke
1809 2604 2995 2650 wie der „Reigen“ und dergleichen bei seiner künstlerischen Entwicke¬
1818 2644 2983 2686 lun nicht interessieren. — Direktor Sladek: Schon in dem Zivil¬
1812 2683 2990 2741 prozeß hat man versucht, die Aeußerungen Moissis so zu verdrehen.
1857 2720 2994 2778 Längere Auseinandersetzungen mit Professor Brunner drehen
1810 2745 2993 2819 sich um dessen Bemerkung, daß hier immer so getan wird, als ob
1803 2802 2993 2851 es sehr schwer gewesen sei, für die Rollen die geeigneten Schau¬
1817 2837 2994 2883 spieler und Schauspielerinnnen zu finden, während nach seiner
1809 2882 2982 2932 Meinung die Rollen doch sehr einfach seien. Gegen diese Ansicht
1809 2918 2993 2963 wenden sich Angeklagte und Verteidiger. — Justizrat Dr. Rosen¬
1806 2953 2981 3001 berger meint, die Ansicht des Sochverständigen Brunner sei völlig
1802 2991 2984 3038 abwegig. Herr Professor Brunner sei zwar als Sachverständiger
1800 3028 2981 3073 geladen, er wolle nicht sagen, daß er ist, aber er sei doch als solcher
1810 3066 2989 3117 geladen. — Professor Brunner protestiert gegen diese Rede¬
1806 3103 2973 3153 wendung, auch der Vorsitzende bittet, solche zu unterlassen. — Justiz
1810 3140 2982 3184 rat Dr. Rosenberger und Rechtsanw. Heine erklären, daß
1812 3176 2990 3222 die Verteidigung nicht davon ablassen wird, zu erörtern, ob ein
1811 3214 2978 3261 Sachverständiger, der von dem Staatsanwalt geladen ist, als solcher
1806 3248 2987 3300 legitimiert ist. — Frau Eysold hält es für ganz ausgeschlossen,
1807 3291 2973 3349 daß Moissi über ein künstlerisches Werk sich in solcher Weise ge¬
1802 3323 2726 3370 äußert haben könne, wie der Staatsanwalt behaupte.
1851 3358 2981 3421 Zu interessanten Zwiegesprächen mit den Sachverständigen Ludwig
1801 3410 2982 3458 Fulda, Alfred Kerr, Holländer, Hirsch, Dr. Osborn u. a. kommt es
1799 3449 2977 3494 bei der Vernehmung der Zeugin Frau Gertrud Gerken=Leit¬
1798 3493 2975 3546 gabel. Die Zeugin bekundet, daß sie zuerst durch Zeitungsartikel
1794 3527 2972 3568 von dem Stück erfahren und dann das Buch gelesen habe. Sie ist
1798 3563 2979 3604 der Meinung, daß auch die dezenteste und künstlerisch vollendetste
1808 3601 2983 3647 Darstellung des Schauspielers den Schmutz und die G meinheit, die
1797 3638 2985 3684 in dem Inhalt des Stückes selbst liege, nicht abzumildern und zu ent¬
1791 3669 2139 3734 kräften geeignet sei.
2166 3753 2611 3838 Das Altimatum
1935 3839 2835 3901 der Berliner städtischen Arbeiter.
1839 3901 2981 3972 Im Rathaus war bis in die zweite Nachmittagsstunde nichts
1798 3961 2973 4010 darüber zu erfahren, ob der Magistrat heute neuerdings mit den
1798 4001 2968 4053 Arbeitern in Verbindung getreten ist. Der Oberbürgermeister wohnte
1945 4044 2976 4103 b Stöntetocoä sief Nr Kämmerer
