3532 4192
410 99 931 198 11. Reigen
1128 117 1535 206 box 18/2
671 913 1241 1037 Klose & Seidel
670 1036 1251 1101 Bureau für Zeitungsausschnitte
625 1079 1301 1153 Sain NO. 43. Georgenkirchplatz ###
1352 1192 1391 1249 *
775 1203 1211 1327 Der Tag
609 1253 795 1342 Zeitung:
612 1329 710 1396 Ort:
866 1345 1273 1461 Berlin—
888 1463 1257 1561 n
544 1550 1058 1646 Dominicus über
753 1642 1418 1756 Schnitzlers „Reigen“.
575 1697 1408 1809 eine kleine Anfrage der Abgeordneten Frau
540 1754 1402 1862 von Zulesza und Gen. an den Preußi¬
530 1794 1398 1902 scherf Landtag hat jetzt der Minister des In¬
528 1855 1404 1956 nern Dominicus, an den Präsidenten des
524 1903 1183 1985 Landtags folgende Antwort gerichtet:
564 1950 1397 2046 „Die Frage, ob die Aufführung von Schnitz¬
524 1987 1394 2078 lers „Reigen“ in sittlicher Be¬
520 2034 1382 2113 ziehung Anstoß erregt, ist von der 6. Zivil¬
532 2070 1381 2157 kammer des Landgerichts III zu Berlin nach vor¬
532 2104 1382 2199 hergegangener Besichtigung von zwei Auffüh¬
520 2145 1384 2235 rungen durch das Gericht verneint worden,
527 2184 1380 2273 nachdem die staatliche Hochschule für Musik als
516 2219 1378 2314 Vermieterin des Theaters versucht hatte, das
507 2261 1371 2350 Verbot der Aufführung im Wege der einstweiligen
503 2294 1377 2391 Verfügung herbeizuführen. Eine Möglichkeit zum
507 2340 1374 2430 erfolgreichen Einschreiten habe ich danach, in
513 2374 1361 2461 Uebereinstimmung mit der Auffassung meines
512 2412 1367 2509 Herrn Amtsvorgängers und des Herrn Ministers
504 2450 1362 2543 für Wissenschaft, Kunst u Volksbildung, nicht
515 2497 860 2555 ür gegeben erachtet.
536 2526 1357 2616 Inzwischen ist ein Beschluß der 6. Strafkammer
498 2563 1352 2660 des Landgerichts III zu Berlin ergangen, durch
497 2608 1355 2690 den die elf angeschuldigten Theaterbesitzer, Spiel¬
498 2645 1255 2726 leiter, Schauspieler und Schauspielerinnen
1256 2690 1342 2739 zwar
488 2687 1343 2771 außer Verfolgung gesetzt werden, in dessen Grün¬
485 2718 1273 2821 den jedoch ausgeführt wird, die Aufführung
1273 2767 1350 2815 des
486 2764 1271 2853 „Reigen“ stelle sich objektiv als Vornahme
1276 2806 1348 2849 un¬
483 2802 1275 2890 züchtiger Handlungen dar; die Einstellung
1274 2845 1337 2892 des
477 2828 1275 2928 Verfahrens sei ledigli cherfolgt, „weil bisher
1288 2884 1346 2928 die
482 2872 1337 2971 subjektiven Merkmale der Kenntnis des unzüch¬
475 2921 1338 3002 tigen Inhalts der Aufführung und damit ohne
471 2956 1335 3051 weiteres auch das Bewußtsein davon, daß sie
481 2992 1332 3089 Aergernis zu erregen geeignet sei“ bei den An¬
468 3040 1335 3122 geschuldigten nicht hinreichend festzustellen ge¬
474 3073 1332 3165 wesen seien. Sollte das daraufhin von seiten der
471 3108 1334 3201 Oberstaatsanwaltschaft beim Landgericht III ein¬
473 3151 1325 3240 geleitete neue Verfahren zu einer rechtskräftigen
464 3185 1321 3281 Verurteilung führen, so wäre damit allerdings
465 3228 897 3294 eine neue Lage gegeben.“
2062 914 2738 1037 Klose & Seidel
2121 1022 2696 1100 Bureau für Zeitungsansschnitte
2056 1075 2743 1162 Berlin NO. 43, Georgenkirchplats #
2163 1183 2569 1297 Sallang.
2025 1274 2169 1348 Zeitun
2160 1286 2233 1376 Er
2217 1315 2457 1401 sfel
2027 1333 2132 1409 Ort:
2019 1400 2217 1496 Datufn:!
2220 1431 2555 1556 007 192
1951 1578 3093 1646 Keuschheitsreigen im Landgericht III. Der preußische Mini¬
1879 1645 3090 1696 ster des Innern hat auf eine kleine Anfrage, die die Abge¬
1886 1679 3091 1726 ordnoten„ Frau v. Kulesza und Genossen an den Landtag richteten,
1889 1714 3089 1784 jetzt (dem Präsidenten des Landtages folgende Ant¬
1882 1751 2120 1809 wort ert:
1955 1783 3080 1840 „Dia=Frage, ob die Aufführung von Schnitzlers „Reigen
1855 1838 3093 1892 sin sittlicher Beziehung Anstoß erregt, ist vön der 6.
1867 1880 3081 1935 Zivilkammer des Landgerichts III zu Berlin nach vorhergegangener
1871 1919 3083 1971 Besichtigung von zwei Aufführungen durch das Gericht verneint
1875 1957 3093 2005 worden, nachdem die staatliche Hochschule für Musik als Vermieterin
1883 1994 3077 2054 des Theaters versucht hatte, das Verbot der Aufführung im Wege
1876 2035 3085 2090 der einstweiligen Verfügung herbeizuführen. Eine Möglichkeit zum
1876 2082 3079 2136 erfolgreichen Einschreiten habe ich danach, in Uebereinstimmung
1883 2120 3076 2166 mit der Auffassung meines Herrn Amtsvorgängers und des Herrn
1876 2162 3087 2219 Ministers für Wissenschaft, Kunst und Volksbildung, nicht für ge¬
1878 2200 3079 2254 geben erachtet. — Inzwischen ist ein Beschluß der 6. Strafkammer
1873 2241 3079 2296 des Landgerichts III zu Berlin ergangen, durch den die elf ange¬
1881 2274 3079 2327 schuldigten Theaterbesitzer, Spielleiter, Schauspieler und Schau¬
1888 2314 3080 2363 spielerinnen zwar außer Verfolgung gesetzt werden, in dessen Grün¬
1872 2360 3079 2415 den jedoch ausgeführt wird, die Aufführung des „Reigen“ stelle sich
1870 2409 3078 2455 objektiv als Vornahme unzüchtiger Handlungen dar;
1869 2437 3079 2488 die Einstellung des Verfahrens sei lediglich erfolgt, „weil bisher die
1879 2477 3080 2530 subjektiven Merkmale der Kenntnis des unzüchtigen Inhalts der
1874 2516 3080 2574 Aufführung und damit ohne weiteres auch das Bewußtsein davon,
1870 2555 3074 2608 daß sie Aergernis zu erregen geeignet sei“, bei den Angeschuldigten
1875 2602 3078 2656 nicht hinreichend festzustellen gewesen seien. Sollte das daraufhin
1872 2643 3077 2692 von seiten der Oberstaatsanwaltschaft beim Landgericht III eingelei¬
1874 2679 3079 2746 tete neue Verfahren zu einer rechtskräftigen Verurteilung führen,
1875 2715 2779 2768 so wäre damit allerdings eine neue Lage gegeben.“
1927 2757 3077 2811 Eine verdammt komplizierte Angelegenheit. Die 6. Zivilkam¬
1870 2787 3067 2853 mer des Landgerichts III verneint die sittliche Anstößigkeit des
1871 2841 3081 2884 „Reigen und die 6. Strafkammer desselben Gerichts entdeckt
1872 2873 3066 2924 in ihm die „Vornahme unzüchtiger Handlungen“, erklärt aber zu¬
1867 2914 3077 2963 gleich, daß bei den Theaterdirektoren, Regisseuren, Schauspielern
1878 2962 3067 3005 und Schauspielerinnen, die den „Reigen“ inszeniert und dargestellt
1875 2993 3070 3051 haben, die „Kenntnis“ des unzüchtigen Inhalts“ des Stückes „nicht
1859 3033 3065 3080 hinreichend festzustellen“ gewesen sei, und auf Grund dieses Be¬
1863 3077 3063 3131 schlusses leitet nun die Oberstaatsanwaltschaft beim Landgericht III
1874 3116 3072 3162 ein Verfahren ein, durch das, nachdem das Stück ein Jahr lang über
1861 3156 2970 3220 alle deutschen Bühnen gegangen ist, eine „neue Lage gegeben
2965 3158 3066 3230 sein
1869 3191 1979 3244 wird.
1911 3208 3060 3286 Wir empfehlen Herrn Schnitzler als Pendant zu seinem ero¬
1861 3270 3057 3334 tischen Schlafkammer=Reigen einen juristischen Zivil= und Straf¬
2078 3308 2375 3360 Leschas
