3344 4224
763 138 1171 241 box 17/1
74 144 596 247 11. Reigen
59 638 664 735 G) Soeben gelangt zur Al
920 639 1269 728 #e Tausend von
150 900 434 1009 Art
513 912 1609 1043 ur Schhizlel
173 1130 442 1238 N101
483 1039 1233 1284 Reigen
87 1363 1640 1464 In 14 Tagen wurden 4000 Exemplare verkauft
170 1513 703 1601 Preis brosch. 3 4 50 J
1047 1525 1339 1593 bar zur Probe
1061 1574 1532 1643 2 Exemplare mit 40%
180 1566 704 1652 Preis elegant geb. 5 ¾
466 1699 1273 1814 Bar mit 33½% und 9/8.
511 1837 1219 1920 Aus den Urteilen der Presse.
98 1901 737 2010 Neue Deutsche Rundschau:
221 1989 1629 2082 Ein wundervolles Buch Man schreit beim Lesen. Es ist
105 2060 955 2145 ein kleiner Dekamerone unserer Tage.
110 2132 563 2217 „Bühne und Welt“:
213 2185 1614 2299 Arthur Schnitzler hat in seinem ,Reigen“ das gewagteste Buch unserer
98 2277 1617 2363 heutigen deutschen Literatur und dennoch eine der keuschesten Dichtungen ge¬
101 2342 978 2410 schaffen, deren ein blutvoller Künstler fähig ist.
102 2416 501 2497 Prager Tagblatt:
223 2478 1630 2566 Schnitziers Buch ist einzig in seiner Art, ja klassisch in seiner Art. Eines
102 2544 1613 2638 ist aber richer: Es ist keine Lektüre für unreife Menschen, es ist ein Buch für
102 2607 1616 2693 sehr Erwachsene. Es gibt Stellen in seinem Buche, wo man lacht, bis Einem
97 2678 1626 2743 die Tränen kommen. Stellen von unbändigster Komik, denn nie ist ein Mensch
100 2735 860 2812 komischer, als im Balzgesang und -Tanz.
90 2797 953 2878 M. G. Conrad schreibt über dieses Buch:
208 2874 1618 2957 Eine Serie erschütternder Blicke ins Kaleidoskop der Alltags-Liebe. Und
92 2948 1609 3020 dass sich das als Reigen vollzieht, über die ganze soziale Rangabstufung hinweg,
89 2998 1629 3061 gibt diesen mit unerhört raffinierter naturalistischer Technik ausgearbeiteten
101 3038 682 3114 Szenen ihren höllischen Humor.
809 3122 922 3184 —
220 3184 1620 3302 Wir können vorläufig nur noch bar liefern. Eine Neuauflage befindet sich
95 3289 425 3364 unter der Presse.
209 3348 1624 3435 Es versäume keine Firma wenigstens zwei Exemplare mit 40% zur Probe
94 3411 330 3495 zu bestellen.
213 3477 1609 3560 Das Buch steht einzig in seiner Art da und macht das ausserordentlichste
78 3519 278 3591 Aufsehen.
271 3646 456 3737 Wien
162 3714 567 3801 IX., Garelligasse 2.
1037 3715 1532 3816 Wiener Verlag.
2346 442 2755 538 Telephon 12891.
1966 528 3136 610 Alex. Weigl’s Unternehmen für Zeitungs-Ausschnitte
2906 597 3083 662 Ausschnitt
2818 625 2861 679 4
3096 645 3179 728 28
2208 615 2778 744 „OBSERWE
1829 730 3181 817 1 öster“ behördl conc. Bureau für Zeitungsberichte u. Personalnaohrie
2119 793 3016 867 Wien, I., Concondiaplatz 4.
1859 854 3178 919 Vertretungen in Berlin, Budapest, Chicago, Genf, London, Newyork, Paris,
2215 910 2892 975 Stockholm. Kristianis. St. Petersburg.
2449 963 3107 1083 Heue Bahnen, Wien
1849 1022 2322 1125 Ausschnitt aus:
1853 1141 2459 1284 vom:  70 05
2095 1441 2876 1514 Arthur Schnitzler, Reigen. Wiener
2037 1486 2174 1555 Verlag.
2101 1520 2876 1604 Die Interpellation im Abgeordnetenhause, die
2050 1591 2877 1653 Erteilung des Bauernfeldpreises an Arthur
2044 1643 2873 1695 Schnitzler betreffend, entbehrt zweifellos nicht der
2052 1695 2879 1753 allergrößten Berechtigung; nur will es mir
2041 1733 2865 1806 scheinen, daß sie im unrichtigen Augenblicke
2046 1791 2867 1858 vorgebracht wurde. Denn während beispielsweise
2042 1837 2879 1907 das litterarische Können und Verdienst des Herrn
2049 1883 2874 1959 Hirschfeld ein betrübend geringes und „der Herr
2033 1932 2876 2003 von Abadessa“, das preisgekrönte Stück des Herrn
2921 1978 2993 2030 15.—
2049 1986 2866 2049 Dörmann, ein so miserables Machwerk ist, daß
1965 1987 2009 2042 5
1854 1994 1942 2052 Für
3061 1968 3177 2051 inelus
2916 2026 2990 2071 28.—
3069 2043 3186 2091 Porto.
2039 2038 2866 2101 mit Recht Bühnenleiter und Kritiker davor zurück¬
2925 2064 3026 2110 50.—
3043 2067 3191 2131 Zahlba
2039 2081 2870 2148 wichen und es begruben, steht es mit Schnitzler
2912 2102 3010 2152 110.—
1958 2077 2011 2157 50
2906 2119 3191 2197 200.— im Vort
2046 2131 2873 2198 denn doch anders. Er ist unleugbar einer der
1934 2152 2011 2204 100
2900 2180 3169 2238 ausschnitte ist
2049 2184 2865 2247 begabtesten deutsch=österreichischen Schriftsteller und
2925 2225 3185 2289 auch steht es
1862 2228 2014 2289 Abonnen
2046 2235 2875 2303 hat bereits vollwertige Proben seines feinsinnigen
2894 2270 3144 2334 er zu ändern.
1854 2281 2008 2338 Abonner
2046 2285 2872 2350 Talentes gegeben. Daß er künstlerisch höher steht,
2043 2334 2878 2395 als P. A., der „Poêt“ des Zentralcafé's, für den
2897 2315 3180 2404 zug enthaltend
2049 2382 2872 2444 Karl Kraus in seiner „Fackel“ so energisch propa¬
2909 2392 3180 2444 ener Merg
1850 2361 2004 2455 Inhales
2916 2427 3195 2481 „Wiener Zeitu
2046 2434 2869 2492 giert und den Bauernfeldpreis verlangt, kann
2911 2467 3182 2530 nd wirthschaft
1860 2484 1999 2533 wodurel
2049 2481 2878 2553 von einem ernsten Menschen nicht angezweifelt
2904 2509 3173 2568 nwird. Diese
1862 2522 2004 2571 Leben
2051 2535 2861 2594 werden. Umso überraschender kommt da die Ver¬
1872 2558 2004 2624 theilung
2046 2576 2875 2652 öffentlichung des „Reigen“, umso peinlicher wirkt
2045 2629 2866 2702 sie — gerade jetzt. In nummerierten Exemplaren,
2048 2667 2866 2749 nur Freunden und Bekannten des Verfassers zu¬
2040 2729 2867 2785 gänglich, erschien dieser Szenenzyklus schon vor
2048 2774 2875 2841 Jahren. Und dabei hätte es bleiben müssen.
2045 2824 2876 2890 Daß er der Allgemeinheit zugänglich gemacht
2047 2874 2882 2950 wurde und ihm so ein „litterarisches Gepräge
2032 2918 2867 2990 gegeben werden soll, muß als schwere Ge¬
2036 2973 2875 3046 schmacklosigkeit auf's Strengste gerügt
2035 3020 2875 3096 werden und Herr Schnitzler hat seinem künst¬
2033 3074 2872 3139 lerischen und moralischen Ruf einen Stoß versetzt,
2038 3123 2872 3189 von dem er sich nie mehr erholen wird und der
2044 3175 2864 3236 ganz und gar geeignet ist, die eingangs erwähnte
2033 3221 2874 3288 Interpellation auch ihm gegenüber als berechtigt
2030 3275 2862 3340 erscheinen zu lassen. „Reigen“ ist nämlich nichts
2044 3320 2875 3384 als eine Schweinerei oder, ist das zu deutsch, eine
2042 3367 2862 3434 Cochonnerie, die bloß der Esprit eines Parisers
2037 3415 2874 3488 oder die Satire eines Künstlers, der moralisch
2038 3458 2869 3534 hoch genug steht, um das Lüsterne des Tema's
2038 3520 2865 3584 sachlich verurteilend zu behandeln, aus der Reihe
2024 3607 2871 3687 des Pornographischen in das Gebiet der Kunst
2027 3658 2866 3726 hätte emporheben können. Ueber das Buch ein¬
2022 3705 2864 3778 gehend zu schreiben, ja es nur inhaltlich zu streifen
2077 3755 2590 3840 hieße ihm Reklame machen.*)
2687 3762 2829 3842 Fr. T.
