3336 4320
85 1851 126 1926 te
203 3177 241 3218 ar
691 1116 793 1178 en¬
460 1232 526 1287 dun
637 1213 790 1300 t seiner
537 1284 780 1352 ene Mensch¬
498 1333 779 1389 n, insbesondere
670 1382 788 1447 en vor
654 1434 782 1496 mmen,
474 1469 788 1547 mit für Tausende
528 1528 780 1588 eser Methode
651 1583 779 1643 htigen)
638 1634 787 1699 chlichen
549 1684 787 1746 ist aber nur
486 1727 786 1794 iesen Eindruck
646 1778 789 1846 seinen
531 1927 788 1988 Ir schwerlose
559 1976 779 2037 r kultivierte
623 2027 786 2088 Mensch
635 2076 783 2143 uß sich
474 2119 775 2189 Sphäre gehoben
550 2176 784 2239 eabsorbiert.
637 2223 772 2283 h einen
639 2275 772 2337 las halb
594 2323 774 2387 nd Sudler.
472 2368 780 2434 ein mag, hat die
590 2421 780 2489 erdezente
635 2469 782 2535 d Geste
652 2527 775 2580 Szenen
523 2567 770 2636 nd in vielen
490 2618 536 2669 to
557 2613 774 2690 zu erregen,
636 2677 776 2736 sagen,
658 2727 779 2781 sogar
472 2763 771 2826 meiner mehr al¬
620 2817 780 2880 komme
654 2867 777 2924 Auf¬
657 2916 772 2972 emit
651 2961 782 3031 aßstab
590 3016 782 3077 in großer
661 3067 779 3130 erden.
656 3206 771 3276 örigen.
970 122 1010 213 7
1101 109 1276 200 18
1572 916 2361 1000 DAS KLEINE SCHAUSPIELHAUS
1260 1062 1447 1146 Urteil
1260 1139 2684 1217 der 6. Zivilkammer des Landgerichts III zu Berlin, Schnitzlers
1254 1196 1712 1284 „Reigen“ betreffend.
1306 1276 2677 1346 In einem Rechtsstreit, ob die Aufführung von Schnitzlers „Reigen“ in
1261 1313 2674 1397 sittlicher Beziehung Anstoß erregt, hat die 6. Zivilkammer des Landgerichts III
1267 1378 2679 1433 in Berlin folgendes inzwischen rechtskräftig gewordene Urteil ergehen lessen:
1291 1425 2677 1498 Schnitzlers Buch besteht aus 10 Bildern. In jedem Bilde treten nur 2 Personen
1256 1482 2666 1538 auf, die je zweimal und jedesmal mit einer neuauftreienden Person die geschlecht¬
1253 1525 2664 1586 liche Vereinigung vollziehen, außerim letzten Bild, wodiese Vereinigung unmittel¬
1250 1578 2668 1630 bar zuvor stattgefunden hat. Sotritt jede Person in zwei aufeinanderfolgenden
1262 1628 2683 1678 Bildern auf, nur die Dirne, den Reigen schi# eBend, stcht im ersten und letzten Bild
1286 1676 2673 1738 Das Buch bietet eine Fülle von Geist und von Feinheit. Kühne, knappe
1252 1716 2680 1779 Sätze zergliedern alle Tiefen der geistigen Verfassung und des Empfindungs¬
1250 1780 2666 1838 lebens. Teils derb, selbst roh, glatt und gemein, teils zart und empfindsam,
1246 1828 2673 1892 teils launig, neckisch, keck prickelnd, lüstern, ausgelassen und verführerisch
1247 1875 2677 1948 in der Ausmalung erfährt der immer sich gleich bleibende Gegenstand zehn
1254 1934 2091 1991 untereinander verschiedenste Abwandlungen.
1283 1981 2676 2044 Dieser Gegenstand ist die im Mittelpunkt jedes Zwiegesprächs stehende
1254 2020 2677 2089 körperliche Vereinigung. Weiterhin befindet sich im vierten, fünften, achten,
1259 2091 2675 2141 neunten, zehnten Bild der weibliche Teil im Bett. Im zweiten, dritten,
1255 2126 2675 2179 sechsten Bild ist ein mehr oder weniger erhebliches Sträuben des weiblichen
1254 2179 2669 2240 Teiles zu überwinden. Im ersten, achten, neunten Bild dagegen drängt der
1259 2225 2661 2282 weibliche Teil, und zwar im neunten Bilde mit ungemein heftiger Leiden¬
1249 2273 2666 2329 schaftlichkeit. Im vierten Bilde wird nach der ersten Vereinigung das Aus¬
1246 2323 2676 2379 bleiben der Geschlechtslust des Mannes ausgiebig erörtert. Dem ehelichen
1247 2377 2666 2434 Geschlechtsverkehr des fünften Bildes geht der Ehebruch des vierten Bildes
1247 2424 2668 2484 anscheinend nur um wenige Stunden vorauf. Dazu wird im fünften Bilde
1251 2477 2672 2537 der Ehebruch an sich ausführlich besprochen. Aus diesen Erwägungen
1250 2524 2657 2584 erweckte das Buch den Eindruck, daß seine Aufführung das sittliche Emp¬
1247 2571 2666 2640 finden erheblich verletzen und dadurch berechtigten Anstoß erregen müsse.
1289 2622 2673 2683 Zwei von dem Gerichte besichtigte Aufführungen erzielten folgenden
1251 2674 2663 2744 Eindruck: Alles was frech, schlüpfrig oder zotig wirken könnte, wird
1254 2729 2663 2791 vermieden. Selbst die Aeußerungen gewöhnlichster Geilheit im ersten Bilde
1254 2779 2663 2842 wurden so abgetönt, daß von einer Reizung der Sinnlichkelt des Zuschauers
1247 2827 2662 2896 keine Rede sein kann. Gleiches gilt von der starken sinnlichen Erregung,
1245 2881 2675 2950 der Ausgelassenheit und der Verführungskunst der Schauspielerin im neunten
1248 2924 2675 2979 Bild. Die überaus schwierige Aufgabe, die Darstellung hier nicht ins
1253 2976 2667 3028 Unschickliche oder ins Tierischtriebhafte entgleiten zu lassen, wird durch
1255 3028 2659 3090 gelungene Zurückhaltung und Zügelung alles Gemeinen vorbildlich gelöst.
1256 3074 2675 3152 Im vierten Bilde geht die Erörterung des Ausbleibens der Geschlechtslust
1255 3123 2658 3176 mit aller Sachlichkeit und Nüchternheit vor sich. Die Erörterung des Ehe¬
1254 3172 2659 3228 bruchs im fünften Bilde erscheint notwendig, um das seelische Erleben der
1255 3217 2657 3291 jungen Frau hinsichtlich des Ehebruchs, ihre Abenteuerlust, ihre Begehrlichkeit
1246 3272 2521 3348 ihre innere Zwiespältigkeit und Unruhe ins rechte Licht zu rücken.
