3392 4256
624 149 780 227 Seite 4
1422 162 1605 232 Dienstag
571 242 1798 296 entlehntem, künstlich gehitztem Erotenreiz zu erbrüten. Wer diesen
579 288 1786 347 Reiz klug nutzt, kann mit Talentaufwand, von dem anderer Stof
590 348 1794 395 noch nicht genießbar würde, einem großen Publikum den Gaumen
579 386 1792 444 litzeln. „Reigen“ ist ein ganz von dieses Reizes sumpfig schillernder
593 434 1791 499 Gnade lebendes Parergon. Nicht stark, den Meisterwerken der
599 484 1792 533 uralten) Gattung nicht einmal von fern zu vergleichen, nur in einer
587 532 1800 603 einzigen, dem Erlebniszufall nachgeschriebenen Szene (deren Personen¬
592 580 1798 638 urbilder der Kundige mit Händen greifen kann) schwer von
594 629 1804 683 der Wucht des allzu Menschlichen, das bis in den luftigen
591 671 1796 728 Bereich des Humors auswippt; als Ganzes das nette Neben¬
594 723 1804 775 werk eknes Geistreichen, der weder den Mut zu allverachtender
588 770 1799 824 Frechheit noch die wilde Grazie, die sonnentrunkene Lyrik
593 821 1808 874 des hoch siver Sittlichkeit und Sitte seiner Zeit aufgebäumten
599 866 1797 925 aristophanischen Dichters hat. Daß dieses Ding wurde
591 915 1801 976 ist kein Unglück; wäre es nie geworden: kein der Pflege
588 969 1793 1024 wertes grünes Spitzchen fehlte im Garten unserer Literatur
601 1014 1808 1073 Eine jenseits von deutscher Zensurmacht hergestellte Ausgabe („für
593 1057 1801 1111 Liebhaber“, „für Kunstfreunde“ oder wie man's, nach berüchtigtem
593 1107 1809 1169 Muster, sonst nennen mochte), hätte dem Verfasser ein hübsches
602 1154 1807 1218 Stück Geld eingebracht. Er hat's verschmäht: offenbar in dem noblen
600 1200 1808 1261 Gefühl, daß so würzig an vespasianische Münze erinnernde Einkunst
600 1249 1802 1309 ihm nicht zieme. Nur Freunden, ernsthaft in Kunstbetrachtung Versenkten
602 1301 1801 1348 wurde zunächst, ohne jede Entgeltsforderung, das Buch ge¬
1387 1345 1801 1411 der österreichischen
596 1349 1377 1407 schickt. Ob nach dem Niederbruch
606 1395 1804 1445 Wirtschaft, in dem Wien, wo das Gulasch (nicht etwa in
596 1439 1806 1492 Luxusschenken) sechzig Kronen kostet, Herrn Schnitzler der
600 1491 1804 1551 Gedanke an „Verwertung“ der alten Nebenarbeit nahte und
596 1531 1816 1585 übetmannte, weiß ich nicht. Nach der Fassadenänderung, die der
601 1586 1803 1642 deutsche Drang, „allen Komfort der Neuzeit“ auch in sein Haus
605 1639 1815 1693 zu raffen, noch manchmal eine Revolution nennt, tauchte
599 1685 1802 1741 auch bei uns der Wunsch auf, die Konjunktur hüllenloser
608 1731 1690 1793 Sexualiendarstellung auszunutzen und den „Reigen“
1689 1729 1809 1789 auf
608 1776 1813 1830 offener Bühne, vor Zahlungsfähigen, tanzen zu lassen.
601 1829 1801 1887 Der mit der Verantwortlichkeit für ein großes Heer An¬
600 1872 1816 1930 gestellter bebürdete, von der Sorge für den über alles Erwarten
599 1926 1811 1988 hinaus verteuerten Riesenbau des Großen Schauspielhauses
600 1967 1807 2032 bedrückte Künstler Max Reinhardt war überredet worden,
608 2016 1816 2072 sich das Aufführungsrecht für seine Kammerspielbühne zu sichern
611 2069 1811 2129 „sonst erlbiebt es morgen ein anderer"); stimmte mir aber sofort
603 2114 1802 2184 zu, als ich seiner Frage, ob die Aufführung mir ratsam scheine,
607 2168 1655 2224 antwortete: „Durch die Ausstellung von Akten, die den
1654 2174 1769 2215 ** „
607 2204 1818 2269 vorbereiten, Geld zu verdienen, kann und muß Reinhardt anderen
605 2254 1809 2305 überlassen. Er hat, trotz mancher Schwierigkeit in der Spielplan¬
601 2311 1809 2365 gestaltung, aus seinem Recht nicht Zins gezogen, die . .. gespräche
605 2352 1809 2411 nicht auf seine Bühne gebracht. Und er wäre, vielleicht, der Einzige
608 2395 1816 2475 gewesen, dessen Thegtergenie ihnen ein szenisches Phantasiegewand
606 2444 1436 2520 von eigenem Kunstwert zu wirken vermöchte.
715 2490 1808 2558 Jetzt huschen sie über eine Bühne, der, nur zu diesem
607 2535 1816 2602 Zweck, ein Personal gemietet wurde und deren kränkelnde
605 2583 1819 2644 Wirtschaft sie „sanieren“ sollen. Ueber die Bühne der staat¬
615 2640 1810 2696 lichen Hochschule für Musik, die diesen Raum für einen
605 2684 1656 2734 Spottpreis, tief unter dem Selbstkostenauswand,
1658 2689 1809 2744 gegen
603 2735 1813 2802 das feierliche Versprechen priesterlich reiner Kunstpflege
612 2771 1810 2837 hingegeben hat und deren jugendlichen, oft noch kindhaften Zög¬
612 2828 1810 2881 lingen erleichterter Einlaß in diese Vorstellungen vom Direktorium
608 2875 1815 2934 verbürgt ist. Auf solche Bühne taugte schon nicht die Lulu
613 2923 1811 2976 Wedekinds (der neben dem seelisch elegantesten Schnitzler
600 2965 1822 3026 doch wie ein Gigant neben einem Gigerl stünde), nicht
1730 3023 1816 3080 Zu¬
609 3020 1693 3088 die in Winkelprostitution Hinabgesunkene, die der
1732 3069 1810 3123 nach
617 3056 1694 3124 chauer drei Männer von der Straße auflobern,
606 3124 1811 3185 einander über die Szene ködern sieht und nebenan mit ihrem
601 3165 1818 3224 welten Leib sättigen (beinah) hört. Dort aber war immerhin noch
601 3266 1817 3326 katholische Herrlichkeiten der Stadt selbst mit, der schauerlich¬
608 3326 1818 3377 phantastische Glockenchor, ein Zug der Beghinen und dazwischen eine
608 3367 1810 3416 Gankleiszene, die das dramatische Scherzo der Oper bildet, mit vielen
601 3416 1804 3473 Figuren, wie eine italienische Commedia dell' arte, toll, sprühend
608 3462 1809 3522 mit zahllosen geistreichen Einzelheiten, fliegenden Ensemble¬
607 3499 1818 3567 stellen und dem Hauptstück eines zättlichen, mit reizender
608 3553 1816 3618 wienetischer Anmut ersundenen. Sechsachtel, in dessen Mitte
606 3613 1810 3663 ein schwarmerischer Baßwalzer liegt. Das Ganze im
605 3657 1821 3710 geisterhatten Kolorit eines Spukbildes. Diese zauberische
604 3703 1812 3758 Szene hat nicht ihresgleichen in der Opernliteratur.
599 3753 1809 3805 Nur die Hand eines geistsprühenden Lustspielkomponisten konnte
605 3800 1809 3854 sie formen. Als Aktabschluß schließt sich ein „geträumtes“ Liebesduett
608 3848 1806 3907 an, in welchem die erotische Stimmung zu stark überspannt und
603 3899 1709 3955 überhitzt ist. Das A-dur dieser Stretta kocht in Weißglut.
717 3926 1800 4006 Zur Traumhandlung gehört im dritten Akt der groß
591 3999 1809 4078 Konesitionsmarsch, der sich im Orchester riesenhaft steigert und ei
2136 148 2582 224 Neues Wiener Journal
1825 240 3026 294 Tragödieuluft, war Symbolik, die Paarung das Sinnbild einer
1827 284 3040 344 Erlebnissumme; und darunter Franks kirchenväterlich keusches
1824 336 3033 395 Schaudern vor all dem Unheil, das der Pandorabüchse entströmt.
1829 389 3036 455 In dem „Reigen“, der auf der Bühne nur die am Stoff Klebenden
1824 429 3028 492 nicht langweilt, ist nichts, soll gac nichts anderes sein als spiele¬
1823 479 3026 535 rische Darstellung des Reizes, der auf die vasomotorischen
1824 531 3025 588 Nerven wirkt. Hier soll nur gezeigt, mit Zuckslämmchen
1824 576 3042 631 illuminiert werden, wie Erregung wird und wieder abschwillt. Ist
1823 630 3038 690 die Kluft nicht sichtbar, die Tiefe des Unterschiedes nicht ruchbar?
1834 669 3035 738 Shakespeares majestätische Weisheit ließ uns Julia Capulet, noch
1826 721 3048 773 matt vom süßen Weh erster Umarmung, in Romeos Arm auf dem
1834 772 3044 832 Lager sehen und hören. Diese Vermählung der Leiber empfinden
1834 819 3041 875 wir als notwendige Frucht der Seelenvermählung, die wir seit
1836 867 3051 924 dem Blitzstrahl im Ballsaal werden sahen. Ist solches ewigen
1832 916 3039 966 Wunders Darstellung gleichartig, gar gleichwertig einer, die zu
1831 964 3049 1028 zeigen bemüht ist, wie ein Männchen ein Weibchen eräugt, das
1832 1018 3053 1073 auf seine Nerven reizend wirkt und das er an sich, an dem er
1845 1063 2500 1121 ich geschlechtlich zu erwirmen sucht?
1934 1104 3052 1174 Auch diese Darstellung, ruft man, sei erlaubt; denn der
1837 1165 3036 1236 Freiheit det Kunst sei nirgends eine Grenze gesetzt. Nirgends,
1828 1208 3050 1266 auch da, wo sie in öffentliches Gewerbe austritt? Euer
1839 1264 3047 1320 „Reigen“ zeugt gegen elch. Weshalb werden die Um¬
1830 1312 3037 1366 armungsakte selbst, in deren Verlauf oft die echtesten mensch¬
1827 1354 3045 1427 tierisch tiefsten Laute aus Mannheit und Weibheit aufheulen,
1829 1404 3048 1466 aufkeuchen, nicht vorgeführt, sondern durch kritische Fetzen
1830 1450 3049 1515 von Musik ersetzt, der hier (unter dem Dach der Hochschule
1840 1499 3041 1556 ür Musik) das Amt des Stimmung machenden Klavierspielers in
1832 1548 3047 1600 einem verrufenen Hause zugewiesen ist? Weil dem Gewerbe öffent¬
1844 1597 2892 1656 icher Kunstausstellung eben doch eine Grenze gezogen ist.
1940 1645 3045 1703 Wo läuft sie? Auf der Linie, die leidenschaftliche Wallung
1831 1691 3041 1752 von Prostitution scheidet. Und Prostitution, scheint mir, ist da,
1840 1742 3047 1802 vo die Gebärde sexualer Begierde von dem Zweck des
1847 1791 3060 1847 Gelderwerbes bestimmt ist. Das Weib, das seinen Schoß
1845 1848 3044 1897 em Stundenmieter öffnet und ihm eine der Höhe des Pacht¬
1837 1881 3052 1948 zinses angemessene Erregtheit oder Paarungslust vortäuscht,
1845 1933 3052 1991 gilt, obwohl es nur über sein Eigenstes verfügt und auf seine
1842 1988 3055 2041 Art durchaus „reell“ handelt, als prostituiert und geschändet.
1833 2029 3051 2094 Und ein Serienspiel, das dieselben Grimassen allabendlich ein paar
1843 2086 3047 2143 hundert Wohlhabenden, zum selben Zweck des Gelderwerbes, vor¬
1852 2119 3055 2198 ührt, soll ich als ein Gebild reiner Kunst in Ehrfurcht an¬
1835 2170 1995 2245 staunen?
1954 2207 3053 2287 Herz und Nieren, Willen und Vorstellung der Direktion
1847 2269 3055 2328 es Kleinen Schauspielhauses zu prüfen, ist nicht meines Amtes;
1838 2319 3056 2367 ich habe Frau Eysoldt stets als ernste Künstlerin geschätzt und
1844 2405 3055 2471 Wollens zu verdächtigen. Möglich, daß sie nicht sehen, was
1837 2454 3056 2518 ist. Was ist? An der Kasse werden bis zu hundert, dem Zwischen¬
1848 2513 3058 2569 händler bis zu vierhundert Mark für den Platz gezahlt; und um
1847 2552 3052 2616 diese Plätze rausi alltäglich die Menge. Welche? Dem aufstrebenden
1845 2604 3055 2661 Künstler, dem Beamten, Richter, Forscher, Gelehrten, dem
1854 2654 3035 2713 chlichten Bürger, gar dem Prolezarier sind noch die „billigen
1840 2703 3058 2755 Plätze unerschwinglich. War ein Werk edler Kunst der deutschen
1846 2749 3060 2802 Bühne zu erobern: warum gab man's nicht dieser Schicht?
1841 2794 3057 2852 Warien reservierte man's denen, die Sprachgebrauch von heute
1843 2841 3047 2901 Schieder, Schleichhändler, Parasiten des Krieges und Umsturzes
1841 2893 3049 2948 nennt? Will ein Ernster im Ernst behaupten, diese
1842 2929 3056 2993 Leute drängten sich an die Kasse, um Kunst zu genießen?
1850 2980 3046 3051 Ist nicht ein Unterschied, ob ich leckere Zotenmalerei
1854 3037 3050 3091 von Rops oder Zichy: um nicht große Namen zu
1835 3084 3046 3143 nennen, von denen der zierliche Fein=Schnitzler erdrückt würde) in
1839 3133 3044 3197 ein öffentliches Museum, unter andersartige Kunstwerke
1848 3174 3043 3241 hänge oder in einem nur gegen ungemein hohe Einlaß¬
1842 3223 3049 3288 gebühr zugänglichen Sälchen den von Stoffgier hingetriebenen
1846 3274 3051 3326 Schleckern zeige? Von hundert Reigensüchtigen wollen (min¬
1840 3321 3048 3379 destens) neunzig ohne Plumpheit, sacht angegeilt werden oder,
1839 3371 3048 3435 wenn das nicht mehr möglich ist, wohlig die Erinnerung
1843 3414 3014 3469 schlürsen, „wie das einmal war". Das sie „Mutti“
1835 3454 3042 3526 Verwegene sogar die Tochter mitnehmen, trüffelt die Lust
1843 3513 3047 3576 Einst zog Berlin in Lokale, an deren Gartengitter, weiß auf
1846 3564 3053 3628 GBrün, stand: „Hier können Familien Kaffee kochen“. Long
1834 3611 3044 3668 ago. Jetzt sind die Otte beliebt, über deren Pforte, in Gold¬
1844 3652 2966 3713 lettern, stehen dürfte: „Hier können Familien Zoten hören“.
1952 3694 3042 3767 Ich möchte nicht zweifeln, daß der Künstler Schnitzler,
1836 3754 2946 3811 wenn er diese Wirklichkeit sähe, wie sie, unbestreitbat,
2950 3757 3047 3813 ist,
1843 3799 3057 3865 lieber hungern als Einkunst aus so unsauberem Quell schöpfen
1846 3847 3045 3903 vürde. Er kann nicht wünschen, daß die Menschen, die
1841 3895 3046 3953 in Deutschland Theaterbesuch noch zu eikausen vermögen,
1839 3947 3041 4003 mit der Nervenpeitsche und mit Kantharidenreiz so lange „trainiert“
1833 3992 3051 4043 werden, bis sie ganz und gar unfähig geworden sind, dem Wort
1843 4038 3050 4094 stiller Seelenkünstler still zu lauschen und dem Drama, das in
1926 4090 2214 4156 Knn
2268 4082 2565 4148 R
