3444 4352
323 93 837 190 11. Reigen
1038 91 1445 191 box 17/3
2020 105 2626 150 Gent, Kopentagen, London, Madli
2005 118 3044 212 New-Vork, Paris, Rom, San Francisco, Stockholm, St. Peters¬
2405 177 2651 235 burg, Toronto.
2312 218 2760 287 (Quellenangabe ohne Gewähr.)
2003 268 2790 352 Ausschnitt aus Neues Pester
2790 272 3046 357 Journal
2239 350 2492 428 16 10. 1912
1998 362 2140 424 vom:
2059 415 2671 490 rgenonemen.
2144 471 3010 540 Ein verbotenes „Theaterstück“. Bei der
1979 523 3003 600 Censurfreiheit, die das Theater in Budapest genießt,
2010 580 3003 635 gehört die polizeiliche Inhibirung eines Stückes zu
2012 623 3007 691 den größten Seltenheiten. Die in den Theatern auf¬
2001 685 3011 737 geführten Werke haben keine wie immer geartete
2003 729 2996 784 politische oder sittliche Zollschranke zu passiren, wenn
2011 771 3004 826 sie in die Oeffentlichkeit treten, und wenn schon in
1998 813 2990 886 der Vergangenheit ab und zu eine behördliche Inter¬
1987 864 2995 938 vention erfolgte, geschah dies immer nachträglich,
2001 926 2995 990 wenn bereits an der Hand verflossener Aufführungen
2003 961 2996 1030 die Nothwendigkeit behördlicher Verfügungen sich
2000 1023 3011 1085 zeigte. Unsere Behörde ist sowohl im Hinblick auf
2005 1065 2995 1132 die politische Tendenz der aufgeführten Stücke als
2003 1114 3001 1171 auf deren sittlichen oder besser gesagt, unsittlichen
2007 1158 3004 1232 Gehalt von weitestgehendem Liberalismus. Unseres
2001 1215 3001 1283 Erinnerns sind Theaterstücke wegen ihrer politischen
2009 1256 3005 1330 Tendenz in den allerseltensten Fällen beanstandet wor¬
2003 1303 2994 1385 den, und auch in sittlicher Beziehung mußten schwer¬
2004 1361 3005 1428 wiegende Bedenken aufgetaucht sein, wenn schon die
1996 1404 2987 1472 Behörde zu einem Einschreiten sich veranlaßt sah. Dieser
2005 1450 2997 1520 Fall lag nun vor, als die Polizei heute die Auf¬
2011 1504 3006 1572 führung eines Stückes in einem sich literarisch nen¬
2011 1561 2996 1632 nenden, in Wahrheit jeooch ziemlich obskuren Theater
1994 1600 2997 1678 der Vorstadt verbot. In der Dembiußkygasse existirk
1997 1649 2991 1722 seit dem vorigen Jahre eine kleine Bühne, die sich den
1999 1700 2989 1769 Namen „Uj Szinpad“ beigelegt hatte. Sie war früher
1994 1745 2989 1822 die Hausbühne der Arbeiterschaft und befindet sich in
1998 1793 2989 1867 dem sogenannten „Sozialistenhaus“ an der Ecke der
1994 1852 2997 1909 Dembiußkygasse und der Arenastraße. Die erste Direk¬
1994 1890 2990 1962 tion ging schon kurz nach der Eröffnung mangels an
1991 1940 2991 2007 Zuspruch zugrunde und in dieser Saison wurde das
1988 1998 2998 2065 Theater von dem ehemaligen Provinzdirektor Albert
1994 2040 2986 2114 Kövessy übernommen, unter dem früheren Titel, der
2002 2089 2971 2151 schon nach einigen Tagen in „Kövessy-Szinhäz
1995 2141 2994 2206 umgeändert wurde. Ende der vorigen Woche gelangte
1994 2191 2993 2267 dort Arthur Schnitzlora „Reigen“ zur Auffüh¬
1994 2237 2987 2307 rung, und Jeder, der diese Novellenflucht des her¬
1999 2299 2997 2362 vorragenden. Dichters kannte, war befremdet über die
1995 2338 2981 2407 Unverfrorenheit, mit der man sich an die Aufführung
1984 2393 2984 2458 dieses Werkes machte, das das sexuelle Grundmotiv durch
1991 2434 2985 2509 eine Kette von Vertretern verschiedener Gesellschafts¬
1989 2481 2990 2561 klassen führt und zu einer Kreislinie schließt. Schnitz¬
1989 2531 2989 2611 ler's „Reigen“ ist ein Buch, das dem literarischen
1993 2578 2979 2663 Gourmet manche Feinheit des Sinnenlebens ver¬
1987 2631 2987 2704 schiedener Gesellschaftstypen vermittelt, aber für die
1994 2686 2981 2751 Neugierigen und Sensationslüsternen doch nur eine
1994 2735 2986 2797 Schrift, von der man sich die angenehmen Schauer
1990 2771 2985 2857 verspricht, die die feinere Pornographie zu erzeugen
1986 2824 2979 2897 als ihren Zweck bekennt. Nur durch den eleganten
1994 2875 2978 2932 und vornehmen Vortrag Schnitzler's konnte dieses
2000 2921 2980 3009 Werk ein literarisches Air bewahren, und die Diskre¬
2007 2990 2990 3047 ion des Dichters ging so weit, als das bei dem.ver¬
2001 3044 2993 3096 änglichen Thema blos möglich war. An eine Ver¬
2006 3084 2986 3149 innlichung dieser feinen Erotik auf dem Theater konnte
2010 3136 2981 3193 er Dichter gar nicht denken und dürfte sich auch über die
2003 3180 2981 3238 Maßen wundern, wenn er erfährt, daß seine Geschichten,
1994 3234 2982 3301 die er in das Dunkel der Nacht, in das diskrete Licht
1997 3280 2980 3350 der Alkoven, der Schlafzimmer und der chambres
2004 3335 2987 3393 particulières hinein gedichtet, nun durch ein, Lite¬
1998 3378 2982 3439 ratur heuchelndes, in Wahrheit aber von geschäftlichen
2003 3425 2989 3481 Absichten geleitetes Unternehmen in das rücksichts¬
1996 3472 2995 3536 lose Licht der Theaterrampe gezerrt wurde. Die
1994 3524 2991 3582 Bühne, die zur rohen That schreiten mußte, wo der
2009 3569 2997 3635 Dichter in seinem Buche es blos bei leisen Andeu¬
1996 3615 2993 3670 tungen bewenden ließ, entkleidete denn auch das
2003 3668 2984 3732 Werk seines literarischen Charakters und machte aus
2006 3713 2980 3778 dem „Reigen“ eine Flucht von gemeinen Tableaux
2007 3773 2989 3835 die das Unstatthafte bis an die äußerste Grenze
2003 3808 2999 3868 übertrieb. Das Stück wurde unter dem Titel „Körbe¬
2002 3865 3003 3924 Körbe“ seit ungefähr einer Woche als die einzige
2002 3914 2990 3981 Piece im Ensuite=Repertoires des Kövessy=Theater
2001 3960 2992 4021 gespielt, mußte jedoch heute in Folge Einschreitens
2005 4019 2993 4074 der Polizei abgesetzt werden. Es ist nicht nach un¬
2014 4059 2993 4120 serem Sinne, wenn die Polizei sich allzu intensiv
