3532 4256
718 177 837 264 Ig
1115 175 1530 268 box 18/2
1269 1038 2695 1126 sich schließt, und zwischen den einzelnen Bildern ertönt eine
1268 1095 2693 1174 Musik von Celesta und Cello oder Geige und Flöte. Die Musik
1267 1137 2693 1234 lehnt sich an keine Kunstform an und ist dazu bestimmt, mit
1267 1185 2693 1271 ihren erotischen Phrasen die Stimmung festzuhalten, die in dem
1262 1243 2679 1338 Augenblick herrscht, in dem der Vorhang den Fortgang der
1270 1284 1819 1363 Handlung verhüllen soll.
1380 1340 2680 1451 Die Wirkung der Aufführung soll nach der erklärten Ab¬
1265 1387 2039 1468 sicht der Antragsgegner gipfeln in
1257 1453 2687 1533 der Erzielung eines sittlichen Ekels vor dem Tiefstand der
1264 1502 2684 1609 Haltung weitester Bevölkerungsschichten auf dem Gebiet
1697 1564 2239 1646 des Geschlechtslebens.
1378 1625 2670 1715 Auf diesen Erfolg ist jede Einzelheit berechnet. Dieser Er¬
1259 1664 2663 1765 folg wird bei jedem reifen, gebildeten Zuschauer auch er¬
1250 1727 2678 1817 zielt. Vor allem beruht diese Wirkung auf der ernsten Hingabe
1263 1771 2677 1848 der Theaterleiter an ihre Aufgabe und auf ihrer überlegenen
1254 1819 2674 1915 Kenntnis der Wirkung der szenischen Darstellung. Auch mag die
1251 1864 2666 1959 Benützung des von Max Reinhardt verfaßten Regiebuches ihnen wert¬
1251 1921 2665 2024 volle Dienste geleistet haben, so bedeutet diese Aufführung eine
1260 1965 1630 2032 sittliche Tat.
1368 2017 2663 2116 Es besteht zwar die Gefahr, daß der „Reigen“ auf un¬
1249 2064 2667 2155 reife oder unzureichend gebildete oder schlecht
1248 2131 2668 2207 erzogene oder sittlich verdorbene Menschen einen
1246 2166 2670 2268 Einfluß dahin ausübt, daß sie sich auf die hier gegeißelte Auf¬
1247 2221 2596 2324 fassung von der Bedeutung des Geschlechtslebens einstellen.
1594 2291 2308 2384 Doch kann jedes Kunstwerk,
1239 2361 2661 2449 welches eine Andeutung des Geschlechtlichen auch nur zuläßt,
1244 2414 2647 2493 auf diese mißbräuchliche Weise aufgenommen werden. Ferner
1251 2457 2655 2547 wird die Meinung vertreten, die Erörterung solcher Dinge auf
1231 2515 2654 2596 der Bühne sei an sich in sittlicher Hinsicht anstößig. Diese
1230 2547 2646 2646 Meinung ist unzutreffend. Vielmehr kann es für die Auf¬
1234 2603 2654 2690 haltung des sittlichen Verfalls nur förderlich sein, diese Dinge
1237 2660 2656 2747 so zurückhaltend und sachlich und zugleich so deutlich und
1234 2699 2649 2793 rücksichtlos aufzudecken und zur Erörterung zu
1228 2757 2653 2840 stellen, wie es hier geschieht. Soweit ein Schaden für junge
1233 2793 2643 2876 Menschen zu befürchten steht, mag der. Zutritt ihnen ver¬
1223 2844 2652 2928 boten werden. Aus diesen Gründen hat das Gericht die
1234 2893 2645 2983 Ueberzeugung gewonnen, daß durch die Aufführung von
1231 2943 2637 3036 Schnitzlers „Reigen“ in sittlicher Beziehung bei dem
1218 3006 2646 3078 geistig und moralisch gesunden Menschen kein
1222 3046 1800 3118 Anstoß erregt wird.
