3436 4384
289 175 817 273 11. Reigen
995 179 1414 271 box 17/2
1268 646 1448 757 Cheater.
1340 724 1825 795 & Münchner Theater.
1345 758 1979 841 Der Akademisch=dramatische Verein
1290 815 1973 899 führte in den Kaimsälen nach der
1295 864 1973 950 Wiedergabe eines doch noch gar zu
1288 914 1976 992 unzulänglichen Anfängerstücks von
1298 959 1985 1049 Karl Goldmann einige von den
1300 1023 1986 1098 „Dialogen“ aus Arthur Schnitz¬
1294 1072 1989 1145 lers „Reigen“ auf. Durch die öffent¬
1294 1109 1988 1198 liche Denunziation an den Staats¬
1298 1159 1992 1244 anwalt, die ein entrüsteter Hitzkopf be¬
1310 1210 1996 1288 sorgt hatte, war, wie immer in solchen
1316 1259 1994 1340 Fällen, eine unfreiwillige Reklame für
1309 1308 1996 1387 das Werklein in Szene gesetzt worden:
1313 1357 1996 1441 so stellte sich denn auch ein zahlreiches
1318 1405 1993 1488 Publikum ein, dem es ein begreifliches
1313 1461 2003 1537 Vergnügen machen mußte, seine „Frei¬
1313 1504 1996 1588 geistigkeit“ durch lauten Beifall darzu¬
1325 1555 2002 1629 tun. Es ist das bei der Massenverbreitung
1318 1605 2009 1678 dieses Freisinns gegenwärtig allerdings
1322 1647 2003 1736 ein ziemlich billiges Vergnügen; jeden¬
1329 1703 2013 1780 falls gehört unter den Umständen, von
1339 1741 2019 1827 denen die Entrüstungsversammlungen
1329 1789 2020 1882 der Goethebunde noch vo ein paar
1338 1838 2026 1923 Jahren Zeugnis ablegten, mhr Mut
1349 1888 2024 1981 dazu, sich durch die Tat zu gegenteiligen
1344 1939 2026 2030 Ansichten zu bekennen. Ich wenigstens
1350 1996 2031 2084 glaube dem „Denunzianten“ dieses Zu¬
1341 2038 2035 2125 geständnis machen zu müssen, wenn
1346 2079 2036 2164 auch sein Mut zu großem Teil mit auf
1346 2133 2040 2220 einer gewissen geistig sittlichen Be¬
1360 2187 2038 2267 schränktheit beruhn mag. Meines Er¬
1355 2231 2041 2312 achtens ist die ganze Sache, um die
1362 2291 2049 2361 es sich dreht, des Aufhebens in dieser
1359 2339 2031 2427 Weise überhaupt nicht wert. Die Dia
1348 2444 2030 2501 loge Schnitzlers beleuchten das Ver¬
1347 2486 2030 2556 halten einer Reihe von „Repräsen¬
1347 2534 2036 2600 tanten der Menschheit“ inbezug auf
1348 2591 2039 2643 die „Geschlechtsfrage“ und zwar zum
1348 2629 2034 2692 größten Teil ihr Verhalten in den ver¬
1350 2692 2031 2748 schiedenen Stadien der Geschlechtser¬
1352 2735 2034 2795 regung; sie weisen zum Teil mit
1349 2780 2031 2839 „pikant“ spielendem Humore, zum Teil
1360 2836 2034 2888 mit schärferer Satire auf charakteristi¬
1360 2874 2037 2942 sche Besonderheiten und typische Vor¬
1356 2916 2035 2983 fälle dabei wie auf die vielen Lügen,
1360 2974 2043 3032 Verstellungskünste, Phrasen hin, mit
1354 3021 2030 3079 denen das Geschlechtsleben sein eigent¬
1351 3064 2042 3135 liches Wesen zu verhüllen liebt. Dieses
1354 3110 2036 3177 eigentliche Wesen wird von Schnitzler
1350 3170 2031 3223 freilich einseitig als ein durchaus raf¬
1355 3216 2036 3280 finiert oder roh, zum mindesten aus¬
1360 3276 2039 3325 schließlich sinnliches gefaßt, doch kann
1366 3315 2043 3380 ich ihm daraus bei der ausgesprochen
1366 3366 2030 3426 satirischen, also von vornherein „tenden¬
1354 3412 2037 3481 ziös“ spöttischen Richtung des Stückes
1366 3458 2030 3517 nicht gerade einen schwereren Vorwur
1357 3512 2036 3567 machen, auch stört mich ein gelegentliches
1357 3560 2045 3625 und zuweilen selbst schablonenhaftes
1369 3609 2045 3675 Karikieren bei Schnitzler weniger als
1369 3651 2038 3713 die allzu intime und ausführliche Be¬
1370 3702 2039 3763 handlung des ganzen Themas: das
1362 3762 2043 3817 heißt denn doch, wenn man die
1375 3798 2045 3869 „Frage“ nicht weiter faßt, als Schnitz¬
1367 3853 2036 3907 ler tut, meinem Empfinden nach
1363 3897 2048 3957 der Bedeutung des Gegenstandes für
1365 3947 2039 4006 alle, die nicht besondere Liebhaber auf
1365 4001 2038 4066 diesem Gebiete sind, zu viel Ehre an¬
1372 4041 2048 4105 tun; auch tritt dadurch die geistige
1363 4097 2042 4165 Auffassung manchmal bis auf allzu
1359 4151 2044 4196 geringe Reste vor der „vertraulichen“
2076 2403 2766 2484 keinen Umständen aber eignen sich, was
2084 2491 2759 2536 auch Gumppenberg in den Münchner
2076 2532 2762 2579 Neuesten Nachrichten betonte, diese Dia¬
2082 2573 2771 2644 loge dazu, mit dem vielen „Unbeschreib¬
2086 2628 2762 2687 lichen“ das die Buchausgabe unter
2083 2669 2760 2737 Gedankenstrichen begräbt, auf der Bühne
2089 2727 2767 2791 ins Leben gerufen zu werden. Be¬
2083 2772 2774 2831 denkt man ferner, daß von den zehn
2086 2828 2757 2882 Dialogen nur drei aufgeführt wurden,
2089 2872 2766 2928 die unmöglich, wie die hiesige Kritik
2082 2915 2763 2985 gleichfalls mit Recht hervorhob, die
2090 2973 2769 3026 geistige Tendenz des Autors in voller
2082 3027 2778 3080 Schärfe hervortreten lassen konnten,
2088 3065 2772 3133 so erscheint einem das Vorgehen des
2084 3116 2774 3170 Akademisch=dramatischen Vereins vom
2082 3163 2771 3229 ästhetischen Standpunkt aus vollends
2090 3213 2323 3281 unbegreiflich.
2150 3257 2767 3322 Freilich denkt man daran, was uns
2098 3304 2766 3377 unsre Bühnen in den letzten Wochen
2093 3357 2779 3418 an Premièren sonst zu verdauen ge¬
2096 3407 2769 3464 geben haben, so könnte man die Auf¬
2090 3448 2771 3519 führung des „Reigens“ beinahe doch
2098 3496 2772 3563 noch als künstlerische „Tat“ empfinden.
2099 3549 2777 3609 Mag's noch allenfalls mit der ab¬
2088 3602 2774 3664 slauenden Saison hingehn, daß uns
2095 3651 2768 3714 das Münchner Schauspielhaus als
2098 3690 2777 3755 Gastspielstücke die sentimental ange¬
2090 3746 2779 3801 richtete Volksküchenbrühe einer Dame
2090 3801 2769 3855 aus Wien und den „Gemeinen“
2090 3844 2778 3907 Felix Saltens vorgesetzt hat, der
2101 3896 2781 3947 im wesentlichen mit denselben Wür¬
2090 3938 2774 4007 zen hantiert, wenn er auch mehr
2096 4000 2779 4056 künstlerischen Geschmack und mehr
2099 4032 2778 4093 Talent zu äußerlicher Milieudarstel¬
2090 4092 2774 4148 lung verrät! Wie aber kommt unser
2700 4141 2784 4194 wie
2098 4130 2661 4199 „vornehmes“ Residenztheater,
