3532 4352
315 213 820 309 11. Reigen
1007 199 1419 280 box 18/3
891 1162 1748 1262 Arthur Schnitzler: „Reigen“.
964 1230 1674 1298 Schauburg (Viktoriatheater).
884 1277 1839 1354 Wenn man vor ein paar Monaten der „Reigen“=
821 1315 1834 1392 fführung in Krietern nur mißtrauisch nahte und sich
831 1364 1838 1426 nachher seine heftige Gereiztheit über eine böse Kompro¬
820 1393 1842 1464 mittierung des Dichters Schnitzler nicht gerade sanft von
833 1429 1839 1502 der Seele schrieb, so ist von der Aufführung in der Schau¬
822 1471 1832 1536 burg durchaus als von einer künstlerischen Tatsache zu
824 1508 1837 1576 sprechen. Das gastierende Ensemble von zumeist Ber¬
827 1543 1838 1613 liner Darstellern zeigt überall Niveau, die Regie des
822 1578 1836 1647 Herrn Hubert Reusch ist nicht nur um löbliche Dis¬
837 1623 1847 1684 kretion, sondern auch um Atmosphäre der Szeue, um
834 1655 1844 1728 Klangfarbe der Dialoge, um Geschlossenheit der künstle¬
827 1689 1849 1762 rischen Wirkung mit Erfolg bemüht, die Bühne päsentiert
840 1732 1839 1799 sich reiz= und geschmackvoll, der Rahmen ist von be¬
838 1767 1847 1835 sonderer (freilich im einzelnen irrender) Festlichkeit. So
835 1805 1844 1874 hemmt nichts den delikaten Zauber dieses witzigen Ringel¬
842 1849 1850 1916 spiels um die mancherlei Melancholien, Drolerien, Töl¬
831 1881 1846 1949 peleien des Liebeserlebnisses, welches unter verräterisch
834 1920 1855 1992 schillernden Worthülsen einem lächelnd verstehenden und
841 1957 1850 2023 unerbittlich desillusionierenden Blick den armseligen
839 1992 1854 2063 menschlichen Kern preisgibt. Hemmt den Zauber nichts
843 2032 1852 2097 als die Tatsache, daß diese Szenen ursprünglich gar nicht
845 2068 1855 2137 für die Bühne gedacht waren. Manche leisere Besinnlich¬
838 2104 1852 2176 keit verpusste, und die huschende Leichtigkeit und Be¬
836 2147 1859 2209 hendigkeit der Dialoge wird an der Kompaktheit der
852 2181 1852 2250 Bühne immer ein bißchen Schaden nehmen. Erstaunlich
840 2219 1862 2291 bleibt dennoch, wie diese zehn Variationen desselben
842 2261 1861 2337 Themas szenisches Leben gewinnen und auch als Bühnen¬
848 2298 1864 2373 gestalt fesseln, wie dieser witzige Liebes=Kreislauf ohne
853 2337 1856 2407 eigentliche dramatische Spannkraft doch dramatische Be¬
853 2376 1865 2448 wegtheit hat, wie die lose Folge zusammengefaßt und vor¬
851 2407 1861 2482 wärts treibend akzentuiert ist. Der „Reigen“ zählt zu
850 2446 1860 2519 Schnitzlers Bestem. Und es gehört schon einige Um= und
844 2495 1636 2558 Abwegigkeit dazu, hier „Anstoß“ zu nehmen.
924 2525 1869 2609 Ein reizender Theaterabend von liebenswürdiger
848 2574 1865 2641 und nachdenklicher Heiterkeit. Besonders Gutes kam von
1143 2616 1863 2673 Die schöne Sybill Smolowa gibt die
852 2635 1143 2690 den Frauen.
852 2655 1873 2723 junge Frau mit entzückend naiv=verspielter Raffiniert¬
848 2687 1873 2756 heit und neugieriger Koketterie in Stimme und Gesicht,
1767 2728 1877 2776 Poldi
1720 2732 1761 2767 6
865 2736 1719 2798 im Hin und Her entdeckungsfreudiger Unrast.
849 2771 1875 2836 Müller als süßes Mädel ist von waschechtestem Wiener¬
854 2811 1880 2872 tum, das sich zu humorvoller und frischer darstellerischer
856 2844 1879 2915 Bewegtheit löst. Sehr amüsant und schmissig, ohne nahe¬
864 2882 1875 2955 liegende Vergröberungen legt Jutta Versen das ge¬
859 2925 1881 2996 mütvolle Pathos der Schauspielerin hin und die Damen
861 2958 1908 3058 Olga Zuchs und Trude Norgard siedeln Dirne und
1755 3070 1862 3170 60
1860 1117 2872 1191 Stubenmädchen in den zuständigen Sphären glaubhaft an.
1874 1162 2870 1241 Auf der männlichen Seite ist Herr Gustav Heppner
1876 1199 2880 1274 zuerst zu nennen, dessen Graf von verblüssender Dichtig¬
1869 1233 2877 1317 keit der Typisierung und famoser stiller Witzigkeit ist
1879 1277 2883 1356 (wenn auch sein Profil nicht gerade nach einem Grasen
1874 1307 2880 1385 ausschaut). Herr Mikulski ist als Dichter in der Er¬
1878 1342 2876 1428 scheinung etwas deplaziert, bringt aber durch dar¬
1892 1383 2879 1471 tellerische Rontine darüber hinweg. Herr Tautz, sehr
1883 1427 2889 1503 lustig als nur ratenweise lustiger Ehemann, die Herren
1885 1472 2626 1554 Tilo und Horn beschließen den Reigen.
1956 1494 2893 1586 Die Begleitmusik des vielseitigen Forster=Lar¬
1892 1545 2884 1620 cinaga tut an stimmungsvoller Melancholie ein wenig
1883 1576 2891 1655 des Guten zu viel, schafft aber eine sympathisch
1885 1617 2897 1695 distanzierende Untermalung der Vorgänge. Das Publi¬
1894 1655 2892 1733 kum gab sich den mancherlei Reizen des Abends wider¬
2711 1699 2866 1756 p. T—a.
1881 1722 2154 1788 spruchslos hin.
2259 1755 2515 1824 Tanzabend.
2348 1789 2898 1857 Fräulein Ellen Larêne,
1958 1809 2337 1883 Tanzabend? Nein,
1895 1837 2889 1913 dieses gänzliche Verkennen von den elementarsten Grund¬
1899 1877 2898 1957 gesetzen der Kunst Terpsichorens, das Sie einem sehr ge¬
1897 1919 2902 1992 duldigen Publikum boten, hat mit Tanz nicht das geringste
1894 1952 2900 2034 zu tun. Der Name Larêne ist so schön, man kann eine
1893 1987 2892 2069 „Königin“ des Tanzes vermuten oder (ebenfalls klanglick
1904 2027 2878 2100 natürlich!) eine Künstlerin, die diese Kunst im „Zügel
1900 2062 2895 2148 hält, aber nichts davon erfüllte sich. Welche Unbeholfen¬
1903 2097 2907 2177 heit, dieser „Walzer“ von Gounod, welches gänzliche Miß¬
2776 2136 2906 2182 Griegs
2737 2166 2767 2197 *
1906 2152 2731 2213 verstehen von Stimmungsprofilierung in
1901 2176 2899 2250 „Morgenstimmung"! Und auch hier diese Unmöglichkeit
1907 2211 2902 2287 der Linienführung. Wie kann man ein derartig weich
1907 2257 2900 2321 fließendes Gewand von so hauchzarter Farbe mit einer
1914 2287 2900 2366 o unerhört stilwidrigen „Amphore“ aus seiner Eigen¬
1909 2325 2905 2399 bewegung herausreißen? Das Gleiche gilt von dem
1909 2373 2908 2439 Pierrotkostüm, dessen bunte Bänder — ausgerechnet an
2360 2404 2906 2465 — die Form zur Geschmack¬
1902 2425 2358 2476 den Schenfeln und Füßen
1900 2445 2916 2512 losigkeit verzerrten. Zu diesen verfehlten Außendingen
1907 2477 2917 2550 kommt eine Unschulung in choreographischen Dingen, die
1917 2513 2919 2588 n ihrer Naivität rührend ist. Fräulein Larène war wohl
1910 2555 2916 2624 über die geographische Lage Breslaus unorientiert, sonst
1914 2592 2915 2664 könnte man nicht den Mut oder Uebermut verstehen, daß
1910 2631 2917 2702 sie es wagt, an der Stelle zu tanzen, die — um einen
1911 2669 2917 2738 Namen zu nennen — eine Mary Wigman geweiht hat.
1914 2706 2911 2777 Zwischen diesen Darbietungen klavierteilte ein Fräulein
1908 2747 2922 2811 Olga Mav die durch ihr Spiel sichtlich erheiterte Zu¬
1915 2778 2923 2858 börerschaft. Was dieser Tastenunerfahrenen an tech¬
1922 2817 2920 2888 nischen Fähigkeiten abgeht, ersetzt sie durch einen die Ge¬
1910 2855 2923 2924 duld aufs höchste reizenden Mangel an Auffassung. Das
1922 2901 2922 2969 Breslauer Publikum hat ein Recht, sich derartige Unter¬
1910 2930 2928 3006 nehmungen aufs energischste zu verbitten. Dr. R. C. M.
