3444 4320
1002 138 1412 230 box 17/5
302 139 816 247 11. Reigen
392 861 1505 917 den „Kammerspielen“ zu dem ihrigen machte, die Peinli
407 908 1499 976 keit der Situation für den Zuschauer nicht ganz aufzuheb
403 962 1517 1022 vermag. Das sich umarmende Paar mag immerhin im tiefft
402 1003 1518 1071 Dunkel verschwinden und zwei Sekunden später harmlt
399 1052 1523 1109 plandernd wieder zum Lichte zurückkehren, es bleibt do¬
399 1103 1523 1151 ein beklemmender Augenblick, um so beklemmender, als
398 1147 1522 1208 sich mit peinlicher und undramatischer Regelmäßigkeit vo¬
402 1198 1526 1248 Szene zu Szene wiederholt. Es ist aber ein nicht nur be
396 1234 1539 1291 klemmender, sondern auch dramatisch öder Moment, der
398 1288 1535 1351 dieser Dunkelheitsrefrain auslöst, weil man sich der Ohnmacht
399 1337 1539 1385 der Bühne dabei jedesmal deutlich bewußt wird. Die Ver¬
402 1382 1538 1438 dunkelung wirkt wie eine Verlogenheit, und diese Verlogen¬
389 1429 1541 1492 heit stört und beeinträchtigt naturgemäß die künstlerische
403 1475 1543 1544 Wirkung eines Werkes, dessen beste Eigenschaft seine kühne
393 1521 759 1599 Wahrhaftigkeit ist.
492 1570 1535 1641 Ueber die Darstellung ist ausführlich bereits berichtet
393 1603 1539 1676 worden. Sie gipfelt in zwei Frauenrollen, die insoferne
388 1661 1539 1734 hervorgehoben zu werden verdienen, als sich in ihnen der Ein¬
390 1719 1529 1783 #luß von Berlin und Wien auf unser Kunstleben in eigen¬
398 1767 1539 1827 tümlicher Weise verschränkt. Die eine dieser sympathischen
393 1815 1530 1868 Leistungen ist diejenige des Fräuleins Keller als süßes
399 1858 1537 1910 Mädel. Fräulein Keller, deren herbe, man möchte sagen:
388 1908 1538 1961 hantige Lieblichkeit eben von einem Berliner Gastspiel nach
390 1955 1538 2002 Hause findet, ist in Berlin fester, bestimmter, auch bewußter
389 1995 1537 2051 eworden, und wir genießen in ihrer Leistung die ersten
403 2047 1533 2101 Atemzüge eines zum vollen Selbstbewußtsemn eben erst er¬
394 2095 1524 2155 wachten jungen Talents. Traute Carlsen im Gegenteil
392 2138 1538 2194 hat uns in ihrer etwas frostigen Berliner Anmut nie recht
394 2184 1525 2240 warm gemacht, so reizvoll wir auch ihre Kühle fanden; dies¬
382 2241 1536 2300 mal ist sie an der so wienerischen Rolle der jungen Frau
400 2279 1522 2336 gleichsam aufgetaut und hat, zum erstenmal, den Ton ge¬
397 2327 1525 2386 funden, der sie zu dem Wiener Publikum in ein nicht bloß
385 2371 1529 2430 artiges Respektverhältnis setzt. Aber auch die übrige, wohl
390 2415 1524 2466 vorbereitete und glänzend gelaunte Vorstellung ist, als Vor¬
381 2456 1531 2526 stellung zumindest, auf die Habenseite des Wiener Theaters
384 2522 1523 2573 zu buchen. Freilich das Moralische? Es versteht sich in
381 2543 1518 2619 diesem Falle keineswegs von selbst, und wenn sich auch zu¬
389 2604 1527 2656 sammenfassend sagen läßt, daß die Welt durch die Aufführung
387 2641 1526 2709 des „Reigen“ nicht schlechter werden wird, so werden doch
386 2694 1532 2748 viele Verehrer des Dichters sein geistreiches Werk dorthin
389 2744 1522 2801 zurückwünschen, woher es stammt und wohin es gehört:
389 2783 633 2853 nd Bach.
1338 2785 1521 2865 R4
2376 296 3036 424 Hbekzrrs wanTBfArT
2634 387 2776 476 WIEN
2836 557 2991 611 Seite 9
2159 560 2519 622 2. Februar 1921
2044 635 2691 695 Das Priarne=Wohltätigkeitsspiel
2051 674 3038 741 brachte eine Bru toeinnahme von 153.000 K. Der Rein¬
2045 714 3031 781 gewinn beträgt nach Aben; der Steuer und der Spesen
2043 756 3033 820 123.000 K, welte zu gleichen Teilen dem Invalidensonds
2041 806 2766 887 und dem Pekarnafonds zugewie en werden.
2083 872 3028 926 Das „Wacker=Kränzchen“ findet am Faschingsonntag,
2044 901 3029 961 den 6. Februar, in Weig's Dreherpark (Altdeutscher Saal)
2043 955 3033 1002 statt. Musik dr Wiener Touristenkapelle Fiala. Lebens¬
2056 985 3028 1036 mitteitombola, Gistzelk2c. Karten zum Pre s von 20 Kron n
2058 1018 3037 1078 sind bei allen Mitgliedern, an der Schanklasse Weigl
2053 1058 2913 1135 sowie in den Cafés Tivol und Schober erhältlich.
2080 1104 3043 1173 Herr Dosedel vom S. C. Slovan wurde an Stelle
2054 1151 3043 1216 des ausgeschiedenen Herrn S. Deutsch in den Vorstand
2051 1207 2534 1278 des N. Oe. F. V. kooptiert.
2095 1235 3043 1312 Die Vienna spielt kommenden Sonntag in Hütteldorf
2026 1294 2339 1364 gegen den Waf.
2086 1328 3039 1410 Der Sportklub Wacker hält am Sonntag, den
2052 1379 3040 1448 6. Februar, vormittags 9 Uhr, in Weigls Drehervark
2052 1420 3038 1485 (Grüner Saal) seine ordentliche Generalversammlung ab,
2052 1460 3041 1520 bei der die neuen Mitgliedslarten ausgegben werden sowie
2053 1508 2993 1562 die Kartenabreihnung für das Klubtränzchen stattfindet.
2090 1544 3042 1616 W. R. K. „Sturmvogel“ Am Mittwoch (Feiertag),
2057 1593 3044 1658 den 2. Februar, findet präzis 4 Uhr nachm. im Klubheim
2055 1637 3051 1698 „Hotel Fuchs“, XV., Mariahilferstraße 138, die General¬
2062 1670 3054 1734 versammlung mit Tagesordnung laut § 7 der Statuten
2065 1706 3051 1772 statt. Sollte die Generalversammlung zu dieser Stunde
2057 1748 3056 1810 nicht beichlußfähig sein, wird eine Stunde später eine
2059 1790 3043 1858 zweite eröffnet, welche bei jeder Anzahl Mitglieder beschluß¬
2056 1840 2218 1904 fähig ist.
2098 1863 3047 1948 Christlicher Arbeiter=Tonristenverein (Bezirks¬
2067 1921 3055 1983 gruppe Fünfhaus). Am Samstag, den 5. Februar, im
2059 1963 3052 2020 Saal der Restauration Windprechtinger, 15. Bezirk,
2068 1994 3049 2061 Mar ahilergürtel 27, Familienabend unter Mit¬
2064 2040 3057 2096 wirtung der Komiler Tschech und Baierl und anderer
2068 2073 3054 2136 Knnstkräfte. Beginn ½7 Uhr abends. Karten im Vor¬
2061 2116 2642 2177 verkauf 8 K, an der Kassa 15 K.
2331 2267 2813 2379 Theater
2441 2427 2683 2509 „Reigen.
2197 2478 2921 2576 Zehn Dialoge von Artur Schnitzler,
2289 2563 2829 2636 (Zur heutigen Erstaufführung.)
2105 2621 3067 2678 Diejenigen, die sich über Müllers „Flamme“ angenehm
2073 2674 3060 2732 entrüstet haben, werden heute abend in den Kammerspielen
2071 2708 3064 2793 mit Vergnügen feststellen, daß die Nuditäten dieses Stückes
2885 2753 3060 2814 die Artur
2077 2764 2888 2830 gegenüber den „letzten Menschlichkeiten",
2078 2809 3059 2874 Schnitzler oder vielmehr Direktor Bernau im „Reigen“
2084 2844 3076 2921 auf die Bühne bringt, nur noch als Kinderkomödie ge¬
2078 2899 3070 2967 wertet werden können. Die Gespräche, die im „Reigen“ von
2085 2960 3072 3016 einem Soldaten mit einer Dirne und einem Dienstmädchen,
2084 2998 3072 3063 vom jungen Herrn mit dem Stubenmädchen, von dem
2084 3039 3074 3120 jungen Mann mit der „anständigen Frau“, von dem
2085 3089 3072 3158 älteren Herrn und dem Dichter mit dem „süßen Mädel“
2090 3140 3080 3217 vom Dichter mit der Schauspielerin und vom Offizier mit
2090 3192 3081 3257 der Schauspielerin und mit einer „Solchenen“ geführt
2084 3233 3085 3314 werden, bewegen sich stets um eine Stuation, die schamvoll
2096 3282 3083 3361 durch eine Lichtpause markiert wird, weil die Zensur vielleicht
2089 3332 3078 3404 doch eiwas dagegen hätte, wenn die „Wunder der Zeugung“
2091 3382 3084 3459 ganz offen demonstriert würden. Diese menschlichen Not¬
2090 3436 3081 3498 wendigkeiten, von denen sonst wohlerzogene Leute nicht
2089 3477 3079 3547 sprachen, gehören jetzt zum Inventar eines Theaterbetriebes,
2083 3538 3082 3600 wenn er sich lusrativ gestalten soll. Denn die Wohlerzogen¬
2091 3585 3084 3650 het muß leider zu jenen Dingen gezählt werden, die beim
2088 3625 3085 3704 Umsturz verräumt worden sind und nicht mehr gesunden
2092 3692 2355 3753 werden können.
2123 3717 3076 3803 Diesen Motiven ist denn auch die Zusammenklitterung der
2098 3780 3078 3855 zehn Dialoge zu einem Stück zuzuschreiben. In Buchform
2102 3824 3076 3906 haben sie ihre Schuld'gkeit längst getan und dem Antor
2098 3867 3076 3950 namhafte Tantiemen eingebracht. Nun soll der versiegende
2098 3926 3076 3989 Geldstrom durch andere Röhren wieder hergeleitet werden.
2138 3968 3090 4053 Es kann auch kein Zweifel darüber herrschen, daß sich
2092 4031 3078 4098 das neue Publikum, das auch im Theater nicht die von
2181 4074 3084 4145 „Budapestern“ her gewohnten Laszivitäten missen
2103 4104 2184 4146 den
2597 4125 2984 4174 KEn
