3444 4416
312 220 412 323 11
1004 205 1443 297 box 17/6
487 229 832 340 Reigen
1500 853 3269 948 Bruck a. d. M., Mittwoch, den 16. Februar 1921.
717 877 1222 985 45. Jahrgang.
2369 1112 2631 1227 4
1950 1299 2768 1423 I
1380 1305 1590 1422 ∆
1689 1320 1770 1424 *
1483 1456 3298 1596 Politische Zeitschrift für Stadt und Land
1641 1584 3150 1685 mit Anterhaltungsbeilage jeden Samstag.
2847 1720 3370 1799 Erscheint jeden Mitt
1515 1705 1903 1806 T renenen. n uene
1209 1747 1534 1792 Genzjährig 192 Kionen
1978 1733 2829 1806 Schristleitung, Verwaltung u. Versandstelle
808 1759 1860 1843 Bezugspreis: Haltsätrig 96 Kieren Monanlich 16 Kronen
2841 1776 3358 1857 Einschaltpreise des Anzeigente
3067 1811 3350 1859 Unter „Eingesendet“
1340 1808 1759 1882 Einzeine Numner 2 Kronen.
792 1817 1179 1889 (im vorars zu entrichten)
1970 1796 2816 1890 Bruck a. M. , Gutenberghof“
3060 1842 3357 1916 Eingeleitete Bezugso#
1035 1844 1684 1912 Für das Ausland entsprechenber Portoaufschlag.
2782 1914 3373 1969 Graz: Annonzen= und Zeitung
755 1922 3368 2031 Ausgabe, sowie Anzeige Annahmesiellen für das Obersteirerblutt: ginsberg: Tabat=Hanpiveriel
1460 1996 3355 2062 frhberen. — Pa#ozell: M. Zumpfe. — Mürzzuschlag: Bei Herrn Ludwig Weißmay¬
757 2020 1335 2081 Eisenerz: Zu#hendlurgP
737 2074 3366 2116 Frerz J#stl.z-Kopfenseber#regier, Eimichanlandlerin. — Mitterdorf i. M.: Franneders Nachf. H. Lang. — Postspal
2965 2147 3365 2240 künftig bei mutwill
1865 2171 2936 2245 lassen, ja nicht einmal im gebruckten Buch, denn dort
2974 2220 3377 2289 Interessen einer brs
1858 2218 2929 2291 müssen sie aus — Gedankenstrichen erraten werden.
2971 2267 3370 2336 werden, den Ausst
1058 2241 1763 2352 östetkeicsscher Reigen.
814 2250 1043 2352 Drutsth
1854 2277 2929 2340 Da Wien bekanmlich rot ist und der „gotlbegnadete
2971 2302 3374 2387 vollkommen einzust
1862 2330 2937 2387 Dichter“ Schnitzler ein Jude, darf das Stück Tag
840 2336 1824 2411 Im Parlamente in Wien herrschte in den letzten
2972 2372 3359 2435 als denken, es m
1869 2388 2934 2447 für Tag gespielt werden, die Sozialdemokraten (oder
744 2385 1825 2451 Tagen der Vorwoch große Aufregung. Nicht eiwa
2966 2416 3363 2486 daß sich die Aerzte
1861 2426 2932 2486 vielmehe ehre beschnntenen und unbeschnittenen Führer)
741 2438 1835 2504 wegen des 42“ Millarden= (wer rechnet noch mit
2980 2467 3376 2540 schluß genötigt sah
1868 2473 2933 2544 nehmen aus Nassengründen die Unsittlichkeit als Ver¬
749 2493 1836 2550 Millionen?) Abggnges, den der Finanzminister ebenso
2982 2518 3343 2582 der Aerzte. Nur
1871 2522 2936 2586 grügen reicher Schieber und Prasser in b hördlichen
746 2538 1827 2623 schwungvoll aff der Tisch legte, wie je ein Händler
2977 2570 3335 2631 dem Geldunwerte
1878 2573 2940 2643 Schutz, trotzdem die Theaterzensur noch immer besteht,
743 2589 1827 2649 in Tirol und zu Oherösterreich seine Tausender nach
2972 2584 3376 2684 er heifen, uneigenn
1878 2623 2940 2685 ja sogar auf Grund kaiserlicher Verordnungen vom
741 2641 1825 2712 Kilo berechnete. Inein, solche Kleinigkeiten sind in
2972 2668 3372 2729 ihn nicht telephon
1873 2671 2947 2738 Jahre 1850 gehandhabt wird. Zur Regelung der
746 2675 1834 2746 unserer echt demokctischen Republik kein Geund zur
2983 2712 3369 2781 Postlern, die weg
1861 2714 2942 2794 Zenfur hatten nämlich die Berufspolitiker binnen zwei
760 2738 1825 2793 Aufregung. Es handelt sich um viel, viel wichtigeres:
2985 2765 3374 2827 streikt der Fernspi
1867 2769 2942 2834 Jahren Republik ebensowenig Zeit wie zur Regelung
757 2784 1834 2852 Die modernen Größstadi=Theaterdirekoren wissen sich
2967 2811 3380 2881 (z. B. der Landarz
1872 2826 2937 2884 des Eherechtes, der Feuerbestattung, des Preßgesetzes
746 2829 1834 2895 nämlich der Zeit und ihrem Publikum anzupassen.
2971 2859 3384 2929 braucht ein warmes
1875 2869 2937 2929 usw. usw. Man hatte ja viel wichtigeres zu tun, als
752 2885 1830 2947 Dieses verlangt viel Schweinernes, und das stark ge¬
2972 2905 3375 2966 an den Atmungson
1863 2918 2944 2984 wirklich zeitgemäße Fragen zu lösen. So entbrannte
746 2926 1833 2998 pfeffert. Da die Leute aber ihre Lüsternheit hinter der
2981 2962 3368 3024 Wartezimmer friere
1873 2966 2935 3032 nun, als das Bundesministerium des Innern als
757 2989 1828 3042 Maske des Bildungshungers verbergen wollen, hängt
2976 3004 3376 3075 gründen kein Hetzm
1863 3007 2938 3078 oberste J. stanz doch dem Reigen=Skandal ein Ende
752 3030 1839 3089 der Theaterdirektor seiner „pilemten“ Kost rin literarisches
2986 3053 3353 3124 sches Licht — es
1866 3062 2941 3125 machen wollte und ein Verbot aussprach, ein Kom¬
752 3088 1843 3138 Mäntelchen om. Wie wollen nicht sogen, daß Wede¬
2970 3098 3357 3175 Dabei beschränken
1866 3109 2937 3181 petenzstreit zwischen dem Wiener Bürgermeister als
753 3128 1830 3190 kind, Schnitzter und wie die Vertieter einer Literaiur¬
2987 3142 3367 3216 „offensichtlich ohne
1866 3160 2950 3222 Landeshauptmann von Wien Land und dem Minister
750 3170 1834 3243 zeit der Emtartung, des Abstieges alle heißen, Zoten
2979 3205 3376 3276 beigeführte, mutwir
1879 3210 2950 3271 des Innern. Wir brauchen nun nicht mehr gespannt
758 3233 1829 3305 um ihrer selbst willen schrieben, nicht einmal, duß sie
2986 3256 3389 3331 an eine letzte Not###
1878 3266 2949 3327 sein, ob und wie wir den Milliardenabgang überstehen
756 3266 1837 3339 Zoten schreiben wollten. Aber daß man diese Ver¬
2980 3300 3357 3371 findet darin schon
1871 3310 2933 3373 oder die ausländische Kredithilse erleben, sondern
754 3328 1831 3397 treter des modernen Schrifitums mit solcher Vorliebe
2980 3335 3370 3417 bestärkt er bloß die
1875 3356 2940 3427 mussen es auf die Entscheidung des Verwaltungs¬
761 3378 1836 3433 aufführt, geschieht um der Zote willen, die darin zu
2979 3397 3366 3464 „Angeblich politisch
1865 3407 2933 3474 gerichtshrles sein, ob der Minister oder der Landes¬
761 3422 1842 3486 finden ist. Sagt der eine achselzuckend: Dem Reinen
2988 3452 3366 3518 urteilslosen Massen“
1868 3456 2949 3536 hauptmann öffentliche Unanständigkeiten dulden oder
761 3473 1838 3538 ist alles rein, erwibert der andere tressend: Dem Un¬
2988 3493 3366 3568 weder beschränkten
1871 3512 2209 3588 verbieten dlesen.
754 3525 1838 3577 reinen ist alles unrein! Und nun höre mon: In einem
2980 3547 3331 3614 aufreizen lossen“.
1969 3532 2947 3618 Der „Reigen“ gehi bis dahin weiter. Nicht bloß
754 3570 1841 3629 bloß 500 Personen fassenden Theaterchen haben es
3077 3595 3382 3668 Diese Erfahru
1873 3606 2941 3671 der in Wien, dei uns ohne die Skandale in den
752 3614 1842 3676 literarisch wertvolle und auch wirksam gebaute Stücke
2974 3632 3378 3712 wir ja bei ander
1873 3656 2940 3723 Volksvertretungen eigentlich heizlich gleichgiltig sein
756 3665 1837 3733 nur auf wenige Aufführungen gebracht. Nun ist der
2981 3682 3384 3764 wieder einmal in Ol
1872 3695 2943 3771 könnte, aber der österreichische. In ihm ist die Rette
754 3714 1841 3777 angeblich literarische „Reigen“ Schnitziers auf Wochen
2978 3743 3378 3809 die sattsam bekan
2349 3748 2950 3811 .— Streik — Terror und
1874 3753 2368 3824 „Freiheit, die ich mein
763 3765 1838 3833 hinaus ausverkauft, bei zwei bis drei Aufführungen
2979 3794 3379 3859 kennen gelernt habe
1880 3797 2945 3865 damit ist der Reigen geschlossen. Wir hatten in der
754 3814 1842 3880 täglich. Das kann nicht eine Jolge des literarischen
2981 3836 3381 3905 demokraten sich n
1875 3849 2940 3905 vergangenen Woche bloß einen kleinen, wilden im
765 3861 1846 3926 Werkes, das kann nur die Folge davon sein, daß in
2977 3882 3400 3956 Jetzt, da wir sie ##h
1872 3892 2947 3954 Grazer Heizhause, aber dafür eine mannhafte Ent¬
757 3904 1845 3986 jedem Akt durch Verfinsterung der Bühne Vorgänge
2970 3939 3371 4008 gelten. Sonderbare
1884 3943 2942 4012 schließung der steirischen Aerzieschaft zu verzeichnen,
759 3958 1847 4044 angedentet werden, die sich nicht öffentlich wiedergeben
