3392 4256
302 93 795 199 11. Reigen
1002 82 1367 191 box 18
1040 848 2015 973 Zukunft, Berlin. 29 JHfiilAR 132
1656 976 2026 1059 Erfrorener Frühling
2427 978 2512 1042 139
1191 1037 2515 1132 ner fremder Sünde, vergleicht. Die Preußenwahl bringt nach
1189 1145 2505 1209 Menschenvoraussicht dem Königthum, mindestens aber dem
1195 1188 2504 1256 nach Rachekrieg dürstenden Nationalismus eine unzerrüttbare
1190 1249 2504 1323 Mehrheit. Unsere Geistigen umwölkt solche Sorge nicht. Prä¬
1197 1316 2503 1378 sident oder Minister der Republik: wäre ja schön. Doch die
1191 1373 2509 1440 höheren Klassen des Rothen Adlers haben auch ihre Reize.
1197 1421 2404 1515 Denn: „wie man auch zu Bismarck stehen mag...
1605 1494 2116 1586 Eine sittliche That
1298 1556 2504 1651 In dem von der Staatlichen Hochschule für Musik er¬
1196 1632 2501 1701 betenen, am achten Januar hier veröffentlichten Gutachtenhatt:
1192 1688 2503 1758 ich die Ueberzeugung ausgesprochen, durch die szenische Vor¬
1195 1760 2514 1822 führung der „Reigen“ betitelten Koitusgespräche und durch
1197 1821 2511 1886 diesem ähnlichen „Lustbarkeitbetrieb“ werde die Freude an
1208 1865 2506 1939 edler, freier, froh über alle Ränder von Sitte und Brauch auf¬
1204 1935 2510 1998 schäumender Sinnenregung erwürgt. Der selben Meinung ist
1208 1980 2518 2050 die Sechste Civilkammer des berliner Landgerichtes III. Denn
1202 2041 2508 2119 sie hat, wider den Antrag des Hochschulleiters Professor Franz
1202 2119 2503 2182 Schreker, den Wunsch der Frau Berneis-Eysoldt und des Herrn
1206 2173 2510 2230 Sladek, ihrem Kleinen Schauspielhaus die Vorführung der
1207 2226 2511 2296 Dialoge zu gestatten, mit einer Urtheilsbegründung erfüllt,
1204 2290 2469 2358 deren Logos und Logik nicht in Dunkel verduften darf.
1304 2336 2501 2412 „Die Hochschule für Musik hat den Antragsgegnern ihren
1205 2398 2496 2476 Theatersaal, jetzt Kleines Schauspielhaus genannt, für schau¬
1211 2468 2502 2522 spielerische Zwecke vermiethet. Der Vereinbarung gemäß „dür¬
1199 2502 2500 2575 fen nur solche Stücke aufgeführt werden, die in sittlicher, re¬
1201 2551 2499 2638 ligièser, politischer oder künsilerischer Hinsicht keinen Anstoß
1204 2627 2497 2684 erregen“. Auf Grund dieser Bestimmung ist durch einst¬
1206 2665 2506 2736 weilige Verfügung die Aufführung des Stückes „Reigen“ von
1203 2738 2509 2798 Arthur Schnitzler verboten. Dennoch haben die Antragsgegner
1206 2770 2490 2854 dieses Stück seither täglich oder fast täglich gegeben. Sie be¬
1207 2831 2273 2914 antragen Aufljebung dieser einstweiligen Verfügung.
1304 2868 2510 2953 Schnitzlers Buch besicht aus zeln Bildern. In jedem Bilde
1202 2939 2505 3000 treten nur zwei Personen auf, die je zweimal und jedesmal
1206 2987 2500 3054 mit einer neu auftretenden Person die geschlechtliche Vereini¬
1202 3047 2510 3112 gung vollziehen, außer im letzten Bild, wo diese Vereinigung
1215 3092 2508 3162 unmittelbar zuvor Statt gefunden hat. So tritt jede Person in
1202 3151 2503 3215 zwei aufeinanderfolgenden Bildern auf; nur die Dirne, den
1205 3202 2501 3269 Reigen schließend, steht im ersten und letzten Bild. Das Buch
1207 3254 2508 3317 bietet eine Fülle von Geist und von Feinheit. Kühne, knappe
1210 3313 2503 3406 Sätze zergliedern alle Tiefen der geistigen Verfassung und des
