3532 4224
383 147 487 231 11
532 163 902 256 Reigen
1077 148 1511 241 box 18/3
877 719 2967 797 konnte die Allierten dazu verleiten, eine strenge uktion2e!! Dahn. Die benische arbeiterschaft hal
923 808 1825 878 Um Gut's zu tun, braucht's keiner Ueberlegung;
1934 827 2956 894 spricht und daher mit Recht in weiten Kreisen der Bevölle¬
917 845 1669 913 Der Zweifel ist's, der Gutes böse macht,
1934 872 2954 927 rung Anstoß erregt. Um größeres Unheil zu ver¬
911 886 1732 961 Bedanke nicht! — gewähre, wie du's fühlst.
1934 910 2958 986 hüten, mußten deshalb die weiteren Aufführungen auf
916 927 1024 979 □5
1670 929 1872 999 Goethe.
1931 953 2961 1024 Grund Art. 102 Ausführungsgesetz StPO. verboten werden.
1926 991 2508 1052 Polizeidirektion: gez. Pöhner.“
2495 1005 2960 1061 " — Aus den gleichen
1934 1035 2954 1111 Gründen ist im vorigen Jahre Wedekinds „Schloß Wetter¬
962 1013 1782 1113 Kunst und Wissenschaft.
1934 1077 2355 1130 stein“ verboten worden.
889 1097 1906 1161 [Schluß mit Schnitzlers Reigen]] Im Münchener
1999 1113 2950 1176 ab [Volkstheater.] „Das Recht auf Liebe“ von
875 1141 1905 1201 Echausprerhauomt### am Sntstag abend zu dem
1933 1157 2948 1228 Hans Sturm und Hans Bachwitz nennt sich „Plau¬
882 1187 1897 1242 ##ä#st gerwarteten) Theaterskandal gekommen. Man
1940 1203 2955 1262 derei“. Ein Titel, für den drei Akte etwas lang sind und
889 1224 1894 1288 jab zu zehntenmal, Schnitzlers Reigen. Im drit¬
1932 1241 2939 1306 die Befähung unserer Bühnenautoren im allgemeinen und
903 1270 1912 1313 en DRag erhob sich eine Dame und protestierte: „So eine
1926 1281 2951 1345 im besonderen viel zu kurz geraten ist. Für den ersten Alt
897 1306 1907 1367 Schweuserei! Das bietet man uns Deutschen!" Der größere
1927 1325 2939 1388 reicht sie hier indes hin, um so mehr, als die Mitspielenden
897 1345 1904 1407 Lerl  Gäste stellte sich auf die Seite der Opposition. Man
1933 1367 2940 1423 den Ton gewandt trafen, Schück als ausrangierter, nur
879 1386 1902 1450 hörte aufe: Schluß, Vorhang! Ein Teil des Parket' nahm
1923 1405 2937 1466 noch in Familienangelegenheiten praktizierender Diplomat
892 1429 1900 1487 für die Vorstellung Partei, und es folgte eine mehr als leb¬
1931 1448 2948 1507 sogar recht elegant. Die Gesellschaftsszene, ein Privatissimum
892 1468 1905 1526 haste Auseinandersetzung zwischen dem Parkett und dem
1926 1489 2938 1544 über weibliche und männliche Eheprivilegien, recte Eheirrun¬
887 1509 1899 1563 säng. Ein faules Ei flog auf die Bühne, ein anderes platzte
1920 1529 2943 1595 gen und =wirrungen, sämtlich in Taschenformat mit Gold¬
887 1552 1904 1613 ns Parkett, Stinkbomben wurden zur Explosion gebracht.
1926 1572 2943 1628 schnitt, wurde gut und amüsant gebracht. Koutenskys
888 1589 1898 1654 Es gab ein wüstes Schimpfen. Die Aufführung konnte nicht
1931 1610 2939 1676 siebengescheiter Extraordinarius für Eherecht gab das Pro¬
888 1632 1896 1701 fortgesetzt werden; um 8¼ Ihr wurde die Vorstellung abge¬
1934 1652 2949 1708 fessorale, worüber er die Kunst, zu lieben, verlernt hat, mit
875 1675 1898 1736 brochen. Schutzleute räumten das Haus. — Gestern wurde
1925 1692 2946 1758 feinschattiertem Humor. Lundt den Herrenrechtler nach
879 1715 1889 1791 Molnars Faschinz gespielt. Schnitzlers Reigen wurde näm¬
1927 1741 2937 1797 der Mode mit liebenswürdiger Selbstverständlichkeit. Manch
888 1755 1898 1819 lich inzwischen von der Polizei verboten. Die Begründung
1925 1778 2943 1842 gutpointiertes Witzwort fällt im flinken Redegeplänkel zwi¬
878 1803 1890 1859 nutet: Die weitere Aufführung von Schnitzlers Reigen wird
1928 1821 2935 1874 schen den beiden und ihren mehr oder minder gekränkten
887 1847 1884 1903 erboten. „Gründe: Am 5. Febr. 1921 kam es bei der zehn¬
1916 1859 2938 1918 Eheliebsten. Diese. Frl. Lindecke und Frau Lundt,
887 1885 1897 1947 en Aufführung von Schnitzlers Reigen im Schauspielhaus
1917 1901 2929 1957 rächen sich mit Grazie, die indes mehr auf Rechnung ihres
883 1929 1893 1986 zu einem großen Skandal. Es wurde geschrien, gejohlt, ge¬
1919 1942 2947 2003 eigenen Schicks als der Erfindung der Autoren kommt.
873 1966 1890 2019 ofiffen, Stinkbomben geworfen, so daß die gesamte
1918 1984 2938 2044 Denn diese läßt sie völlig ich Stich bei dem Stelldichein
876 2006 1891 2057 Hauptwache eingreifen und die Vorstellung polizeilich ge¬
1913 2024 2938 2084 der Rheinschenke, wo die Damen just so viel vom Verbotenen
879 2049 1886 2102 schlossen werden mußte. Die Gefahr einer Panik war
1920 2071 2929 2121 naschen wollen, um ihre Männer herbeizulocken. Aber sie
868 2092 1888 2156 nicht ausgeschlossen. Vor der Kasse gad es dann noch erregte
1917 2107 2937 2156 langweilen nur sich und das Publikum in der Verlegenheits¬
874 2127 1889 2194 Auseinandersetzungen mit Besuchern, die ihr Eintrittsgeld
1916 2147 2928 2201 szene mit zwei Galans ältester Possenfraktur, die auch der
864 2172 1895 2234 zurückverlangten, bis schließlich das Theater geräumt werden
1918 2188 2941 2260 Lustigkeitsaufwand Karlweis und die Sentimentalität
860 2217 1882 2271 konnte. Obwohl die erster neun Aufführungen des Reigen
1915 2230 2935 2302 Hofmanns nicht modern oder lebendig zu machen ver¬
871 2259 1889 2324 ruhig verliefen, ist erfahrungsgemäß nach der ersten Stö¬
1919 2274 2815 2331 mochte. Gut wirkte Raab als behaglicher Wirt.
2852 2282 2935 2333 Der
866 2299 1891 2361 rung mit Sicherheit zu erwarten, daß auch die weiteren
1906 2314 2939 2367 Schlußakt winnt durch Episodisches, wie Frl. Blachians
863 2339 1883 2393 Aufführungen tumultuarisch verlaufen werden. Die Polizei¬
1911 2361 2928 2414 und Aichbichlers Dienstbotentypen, etwas Farbe und
862 2380 1882 2441 direktion ist ohne Vernachlässigung wichtiger Aufgaben nicht
1908 2400 2931 2445 wird wie das Ganze unter Thieles Regie von der Dar¬
868 2423 1880 2478 in der Lage, der geschäftstüchtigen Leitung des Schauspiel¬
1905 2438 2923 2488 stellung nach Möglichkeit gehoben, versandet aber zuletzt in
854 2461 1887 2522 hauses dauernd ein so großes Polizeiaufgebot zur Verfü¬
1911 2481 2921 2530 eitel Gartenlaubenglückseligkeit, die „das Recht auf Liebe“
849 2505 1877 2569 gung zu stellen, um die ruhige Aufführung eines Stückes
1907 2523 2927 2572 einzig den Kindern einräumt, wenn sie nur da sind, ob von
860 2550 1892 2613 zu gewährleisten, das jedem zasunden Volksempfinden Hohn
1902 2562 2927 2635 rechts oder links, einzeln oder zu Hauf. Wie beglückt ist
899 2575 1277 2638 S eene Aee.
1618 2585 1745 2642 1.—
1909 2593 2017 2648 ———
2516 2597 2566 2645 8
2219 2604 2508 2649 —
2303 2669 2368 2721 05
1786 3017 2269 3091 beichstagbargebrenere-De
1800 3125 2817 3186 also die Frau Professorin, daß ihr Eherechtslehrer gleich
1800 3164 2830 3219 „fix und fertig“ ein siebenjähriges Zwillingspärchen ihr zu
1792 3207 2827 3269 präsentieren in der Lage ist! Ja, ja, das deutsche Gemüt,
1801 3241 2279 3308 im Lustspiel schon garl. ...
