3336 4416
981 101 1404 181 box 17/5
288 98 806 195 11. Reigen
1399 709 1735 800 * Wien=Freitaa
643 729 915 806 — Ny 397
767 861 1669 976 Nachtragliches zum
798 945 1645 1069 „Reigen“=Standal.
639 1049 1766 1118 Bundesrat Dr. Kienböck und AR. Dr. Seipel
636 1112 1768 1174 über das Verhalten der Marzisten. — Die
645 1156 1771 1248 Austerlitz=Lippowitz=Presse unterm „Reigen“=
1106 1214 1323 1284 Banner.
736 1258 1770 1340 In einer am Mittwoch abend, asso ungefähr zur
631 1331 1762 1399 Zeit der Demonstration gegen die Schieber= und Ge¬
643 1375 1770 1432 nossenunterhaltung im Rotenturmstraßentheater, abge¬
641 1427 1772 1484 haltenen zahlreich besuchten Versammlung im Alten Rat¬
638 1473 1776 1534 hause in der Wipplingerstraße, kam der erste Redner.
641 1523 1768 1590 Bundesrat Dr. Kienböck, auf den „Reigen“=Skandal
631 1577 1111 1647 zu sprechen und sagte:
732 1623 1778 1708 Im Bun#esrat, dem für die Verständigung der
1723 1693 1769 1755 ist
1681 1707 1728 1751 110
639 1692 1682 1751 Länder untereinander große Bedeutung zukommt,
645 1743 1760 1807 bisher noch kein böses Wort über Wien, am allerwenig
652 1789 1770 1859 sten über das christliche Wien, gehört worden. Um so
640 1838 1777 1894 mehr ist daher das Verhalten des Bürgermeisters Reu¬
645 1899 1778 1951 mann als Landeshauptmann zu verurteilen. der wegen
644 1937 1767 1995 der „Reigen“=Aufführungen einen Verfassungs¬
648 1979 1775 2039 konflikt vom Zaune brach und damit in frivoler
639 2029 1776 2088 Weise ein sehr bedenkliches Beispiel gab. Daß die Auf¬
654 2087 1771 2139 führung des „Reigen“ zum Anlaß eines solchen Kon¬
657 2127 1781 2186 fliktes wurde, gibt überhaupt zu denken. Hat denn
642 2185 1779 2239 die Sozialdemokratie ein Interesse
649 2221 1782 2284 baran, in Fragen der öffentlichen Sitt¬
645 2266 1784 2336 lichkeit einen solchen Standpunkt einzu¬
655 2314 1782 2374 nehmen? Ich habe das Gefühl, daß die Sozialdemo¬
1483 2364 1771 2428 zu dem¬
650 2362 1482 2424 kratie sich merkwürdigerweise stets
646 2411 1770 2477 jenigen hingezogen fühlt, das zer¬
657 2457 1777 2529 setzend wirkt. Dieses Verhalten muß den schärfsten
645 2525 1776 2573 Tadel herausfordern. Diejenigen, die den Sittlichkeits¬
647 2556 1780 2619 wert der Arbeiterschaft hochstellen, müssen gerade für sie
648 2611 1769 2669 die sittliche Erstarkung wünschen. Im Interesse der Ent¬
645 2648 1781 2712 wicklung der Arbeiterschaft ist die Frage der Reinhal¬
646 2700 1779 2767 tung des öffentlichen Lebens eine Frage
647 2751 1783 2811 allerersten Ranges. Man sollte also eigentlich von der
649 2805 1770 2858 Sozialdemokratie erwarten, daß sie geschlossen gegen
652 2857 1775 2907 alles auftritt, was die öffentliche Sittlichkeit herabsetzt.
663 2893 1780 2959 Die christlichsoziale Partei würde in dieser Veziehung
658 2944 1777 3010 sicherlich keinen Widerstand leisten, sondern mit Freu¬
654 2991 1772 3047 den ein solches, allerdings bisher bei den Sozialdemo¬
653 3040 1777 3105 kraten noch nie beobachtetes Verhalten als höchst ver¬
649 3086 1191 3163 dienstlich voll anerkennen.
758 3160 1777 3215 Auch der nächste Redner, Abg. Dr. Seipel, kam
656 3208 1782 3260 auf den „Reigen =Skandal zu sprechen und richtete an
658 3251 1782 3311 die Sozialdemokraten die öffentliche Frage, ob sie denn
647 3301 1787 3359 nichts Besseres wüßten, als immer wieder Skandale von
654 3351 1785 3408 der Art der letzten Sturmszene im Parlamente zu ent¬
654 3395 1783 3454 fesseln. Die kostbare Zeit in der obersten gesetzgebenden
656 3450 1780 3507 Körperschaft müsse für andere Dinge reierviert bleiben.
649 3492 1786 3544 In Anbtracht der Haltung einiger weniger Blätter be¬
659 3530 1781 3593 dürfe es übrigens noch der ausdrücklichen Feststellung,
653 3588 1781 3639 daß nicht die Parteien des Nationalrates als solche, son¬
650 3678 1789 3737 die sattsam bekannten Szenen im Parlamente hervor¬
651 3729 798 3803 riefen.
2183 715 2709 792 Wiener Slimmen
1893 820 2929 891 Die „Arbeiter=Zeitung“ beschimpfte in ihrer gestrigen
1807 877 2935 928 Nachmittagsausgabe die Demonstranten gegen den
1818 922 2929 994 Reigen“ als „bezahlte Apachen“ als „wahre Platten¬
1797 956 2927 1029 brüder“ als Diebe und Plünderer und im Bilde als
1805 1026 2925 1096 Kasseneinbrecher. Das ist halt so der Austerlitzjargon,
1806 1063 2928 1117 der Ton des Organes der gewesenen Staatssekretäre
1809 1116 2930 1171 Bauer, Renner, Ellenbogen, Deutsch usw. Auch das
1813 1161 2937 1217 heutige Morgenblat der „A.=Z.“ vermag sich über das
2187 1204 2940 1285 allabendlichen Schieberunterhaltung
1810 1214 2114 1274 Verbot der
1813 1253 2934 1338 in der Rotenturmstraße noch nicht zu beru¬
2789 1302 2932 1369 langem
2325 1303 2789 1370 was es seit
1809 1311 2256 1376 higen und macht,
1806 1343 2945 1413 bei jedem Anlasse zu sein pflegt, den Oberhirten der
1812 1402 2939 1459 Wiener Erzdiözese zur Zielscheibe von Jargonlaus¬
1808 1444 2938 1504 bübereien („Apachen des Kardinals“!) Das sozialdemokrati¬
1823 1497 2935 1554 che Zentralorgan hofft wohl, sich und der „Reigen“=
1805 1540 2932 1615 Kundschaft die Sympathien der Straße zu erwerben,
1816 1596 2932 1661 wenn es zur Rache für die Einstellung der Schieber¬
1823 1636 2946 1699 uinterhaltung sich im Zungenherausstrecken und in den
1819 1689 2942 1746 Grimassen der Kreuzwegjuden gegenüber dem Christentum
1822 1746 2942 1792 und dem Träger der kirchlichen Autorität produziert.
1820 1779 2943 1846 Es gibt damit zu verstehen, daß es Schwärmerei für
1814 1832 2948 1898 die „Reigen“=Moral insanity mit Christen= und Kirchen¬
1816 1877 2936 1940 haß gepaart weiß. Und da dürfte es ja recht haben.
1820 1931 2943 1989 Das Blatt droht am Schluße seiner Sammlung von
1825 1979 2935 2042 verbalem Unflat mit der Sprengungnicht¬
1817 2021 2943 2094 sozialdemokratischer Versamlungen
1815 2084 2941 2134 und Störung von Predigten in der
1822 2119 2945 2179 Kirche. Die „A.=Z“=Juden werden damit, das
1820 2163 2944 2225 kann ihnen jetzt schon gesagt werden, nicht viel
1822 2211 2941 2283 Glück haben. Für die perverse Gleichstellung
1815 2265 2935 2322 der Judenschweinerei des „Reigen“ mit politischen Ver¬
1823 2304 2942 2378 sammlungen oder gar mit kirchlichen Veranstaltungen
1822 2358 2942 2421 werden die Hetzer der A.=Z.“ in der Bevölkerung wenig
1819 2403 2946 2479 Verständnis finden und auch der marxistische Teil der
1812 2455 2942 2521 Arbeiterschaft dürfte die ihm zugedachte Rolle, Schutz¬
1819 2513 2936 2564 und Rachegarde der Schieberwelt zu sein, entschieden
1819 2558 2001 2616 ablehnen.
1913 2600 2937 2685 Zugleich mit dem sozialdemokratischen Zentralorgan
1815 2670 2936 2726 empört sich über das „Reigen“=Verbot auch das „Neue
1814 2716 2928 2774 Wiener Journal“, und zwar nicht etwa in jenem Teile
1815 2776 2946 2823 den die Masseusen und Damen verwandter Berufe mit
1815 2810 2948 2879 Beschlag zu belegen pflegen, sondern auf der damit dann
1814 2854 2945 2923 und wann ehrbar korrespondierenden Leitartikeiseite:
1815 2924 2945 2975 „Mag er (der „Reigen) züchtig oder unzüchtig, Kin¬
1823 2957 2947 3017 dern oder Erwachsenen gefährlich sein, mag man ihn
1829 3004 2946 3071 pielen oder nicht, das ist herzlichst gleichgül¬
1829 3051 2938 3110 ig“ verkündet das Blatt, das noch immer die einzige
1815 3098 2938 3165 Lektüre und Belehrungsquelle vieler Tausende Fami¬
1823 3143 2950 3206 lien ist. „Der Zahntechnikerlehrling und der Schuhmacher¬
1820 3190 2944 3263 lehrlug hätten sich nicht in ihrem sittlichen Gefübl durch
1827 3252 2894 3301 Theateraufführungen beleidigt zu fühlen. —####
1833 3287 2949 3356 Es dürfen, versteht sich, nur Theaterunternehmungen,
1833 3339 2953 3405 ie sich in eine Art Freudenhaus verwandeln, auf die
1832 3385 2941 3449 niedern Instinkte und auf — den Geldbeutel von Zahn¬
1825 3434 2951 3497 technikerlehrlingen spekulieren. Das, ja das ist erlaubt,
1823 3480 2952 3538 aber daß die Kundschaft Kritik übt und nicht die Wurzen
1821 3530 2945 3589 abgeben will, das ist unstatthaft. Von wegen der deut¬
1840 3575 2926 3631 chen Literatur natürlich, die mit Schnitzlers „Reigen
1838 3617 2946 3693 teht und fällt, und der Freiheit des „Geistigen“!
1830 3672 2946 3726 Man sieht, das „Wehe euch, ihr Schriftgelehrten und
1809 3719 2960 3781 Pharisäer“ hat in den neunzehn Jahrhunderten, vor
3060 703 3341 797 18. Februar
2970 817 3302 897 denen es den V
2975 879 3303 937 donnert worden
2981 916 3312 983 das Blatt schlie
2979 971 3342 1035 Stinkbomben un
2977 1018 3317 1079 Gruppierung rich
2984 1065 3321 1130 die Geistigkeit des
2972 1112 3319 1185 bombenwürfe der
