<?xml version="1.0" encoding="UTF-8" standalone="yes"?>
<PcGts xmlns="http://schema.primaresearch.org/PAGE/gts/pagecontent/2013-07-15" xmlns:xsi="http://www.w3.org/2001/XMLSchema-instance" xsi:schemaLocation="http://schema.primaresearch.org/PAGE/gts/pagecontent/2013-07-15 http://schema.primaresearch.org/PAGE/gts/pagecontent/2013-07-15/pagecontent.xsd">
    <Metadata>
        <Creator>prov=University of Rostock/Institute of Mathematics/CITlab/Gundram Leifert/gundram.leifert@uni-rostock.de:name=ONB_Newseye_GT_M1+(htr_id=10810)::::v=2.4.3
prov=University of Rostock/Institute of Mathematics/CITlab/Tobias Gruening/tobias.gruening@uni-rostock.de:name=de.uros.citlab.module.baseline2polygon.B2PSeamMultiOriented:v=2.4.3
prov=University of Rostock/Institute of Mathematics/CITlab/Tobias Gruening/tobias.gruening@uni-rostock.de:name=/net_tf/LA73_249_0mod360.pb:de.uros.citlab.segmentation.CITlab_LA_ML:v=2.4.3
Transkribus</Creator>
        <Created>2019-10-07T11:41:00.785+02:00</Created>
        <LastChange>2019-12-04T23:25:20.535+01:00</LastChange>
        <TranskribusMetadata docId="223982" pageId="9505064" pageNr="826" tsid="20419051" status="IN_PROGRESS" userId="40391" imgUrl="https://files.transkribus.eu/Get?id=DNPDCFWAYNUHTORGPNYIXIEE&amp;fileType=view" xmlUrl="https://files.transkribus.eu/Get?id=RBBDEABFOEYSNYFPBPSWJSNY" imageId="6195278"/>
    </Metadata>
    <Page imageFilename="223982_0826.jpeg" imageWidth="3336" imageHeight="4320">
        <ReadingOrder>
            <OrderedGroup id="ro_1711448695436" caption="Regions reading order">
                <RegionRefIndexed index="0" regionRef="r1"/>
                <RegionRefIndexed index="1" regionRef="r2"/>
            </OrderedGroup>
        </ReadingOrder>
        <TextRegion orientation="0.0" id="r1" custom="readingOrder {index:0;}">
            <Coords points="248,64 248,243 742,243 742,64"/>
            <TextLine id="r1l1" custom="readingOrder {index:0;}">
                <Coords points="237,182 322,208 480,198 515,216 612,197 711,226 751,212 756,116 645,132 441,108 357,148 309,107 241,102"/>
                <Baseline points="248,164 274,168 300,170 326,173 352,175 378,178 404,180 430,181 456,182 482,183 508,184 534,185 560,186 586,187 612,187 638,188 664,189 690,191 716,191 742,193"/>
                <TextEquiv>
                    <Unicode>11. Reigen</Unicode>
                </TextEquiv>
            </TextLine>
            <TextEquiv>
                <Unicode>11. Reigen</Unicode>
            </TextEquiv>
        </TextRegion>
        <TextRegion orientation="0.0" id="r2" custom="readingOrder {index:1;}">
            <Coords points="938,152 938,3406 2703,3406 2703,152"/>
            <TextLine id="r2l1" custom="readingOrder {index:0;}">
                <Coords points="927,214 1061,195 1085,209 1175,205 1222,222 1345,203 1346,133 1306,120 1294,130 1272,119 1166,123 1116,144 1074,129 988,138 929,116"/>
                <Baseline points="938,177 964,178 990,179 1017,179 1043,180 1070,182 1096,182 1122,183 1149,184 1175,184 1202,185 1228,185 1254,185 1281,185 1307,184 1334,183"/>
                <TextEquiv>
                    <Unicode>box 18/1</Unicode>
                </TextEquiv>
            </TextLine>
            <TextLine id="r2l2" custom="readingOrder {index:1;}">
                <Coords points="1180,982 2576,981 2596,911 1180,923"/>
                <Baseline points="1190,974 1259,973 1329,973 1399,972 1469,972 1539,971 1609,971 1678,971 1748,971 1818,971 1888,971 1958,971 2028,971 2098,970 2167,970 2237,970 2307,970 2377,969 2447,968 2517,968 2587,966"/>
                <TextEquiv>
                    <Unicode>das gescheite Mannweib und die geniale Schauspielerin Gertrud Eysoldt</Unicode>
                </TextEquiv>
            </TextLine>
            <TextLine id="r2l3" custom="readingOrder {index:2;}">
                <Coords points="1184,1033 2474,1033 2594,1027 2594,977 1183,983"/>
                <Baseline points="1194,1022 1263,1021 1332,1021 1402,1021 1471,1021 1541,1021 1610,1021 1680,1020 1749,1020 1819,1020 1888,1020 1957,1020 2027,1020 2096,1020 2166,1019 2235,1019 2305,1019 2374,1018 2444,1018 2513,1017 2583,1017"/>
                <TextEquiv>
                    <Unicode>steht) unternimmt wagemutig das Experiment, die viel und oft verfehmte</Unicode>
                </TextEquiv>
            </TextLine>
            <TextLine id="r2l4" custom="readingOrder {index:3;}">
                <Coords points="1185,1080 2573,1082 2595,1028 1185,1030"/>
                <Baseline points="1195,1070 1264,1070 1334,1070 1403,1070 1473,1069 1542,1069 1612,1069 1681,1069 1751,1069 1820,1069 1890,1069 1959,1069 2029,1069 2098,1069 2168,1069 2237,1069 2307,1068 2376,1067 2446,1067 2515,1066 2585,1065"/>
                <TextEquiv>
                    <Unicode>Theaterdichtung (es ist eine Theaterdichtung — malgré tout) auf der</Unicode>
                </TextEquiv>
            </TextLine>
            <TextLine id="r2l5" custom="readingOrder {index:4;}">
                <Coords points="1168,1127 2601,1124 2600,1068 1168,1081"/>
                <Baseline points="1179,1119 1249,1119 1320,1119 1390,1119 1461,1119 1531,1119 1602,1118 1672,1118 1743,1118 1813,1118 1884,1118 1955,1118 2025,1118 2096,1118 2166,1117 2237,1117 2307,1116 2378,1116 2448,1115 2519,1114 2590,1113"/>
                <TextEquiv>
                    <Unicode>Bühne mit Takt und Geschmack zu interpretieren. Flugs ist der Spektakel</Unicode>
                </TextEquiv>
            </TextLine>
            <TextLine id="r2l6" custom="readingOrder {index:5;}">
                <Coords points="1182,1176 2548,1184 2602,1124 1181,1132"/>
                <Baseline points="1192,1170 1265,1169 1339,1168 1412,1168 1486,1167 1560,1167 1633,1167 1707,1168 1781,1168 1854,1168 1928,1168 2001,1168 2075,1168 2149,1168 2222,1168 2296,1167 2370,1166 2443,1165 2517,1164 2591,1162"/>
                <TextEquiv>
                    <Unicode>da. Der Spektakel und das Spektakel. So recht eine „Hetz“, wie der</Unicode>
                </TextEquiv>
            </TextLine>
            <TextLine id="r2l7" custom="readingOrder {index:6;}">
                <Coords points="1173,1236 1934,1229 1934,1183 1898,1177 1173,1174"/>
                <Baseline points="1183,1218 1220,1217 1257,1217 1294,1217 1331,1217 1368,1217 1405,1216 1442,1216 1479,1216 1516,1216 1553,1216 1590,1216 1627,1216 1664,1216 1701,1216 1738,1216 1775,1216 1812,1216 1849,1216 1886,1216 1924,1216"/>
                <TextEquiv>
                    <Unicode>Wiener in ähnlichen Fällen schmunzelt.</Unicode>
                </TextEquiv>
            </TextLine>
            <TextLine id="r2l8" custom="readingOrder {index:7;}">
                <Coords points="1272,1277 2593,1267 2592,1225 2510,1209 1272,1227"/>
                <Baseline points="1283,1265 1348,1265 1413,1265 1478,1265 1543,1265 1608,1265 1673,1265 1738,1265 1803,1265 1868,1265 1933,1265 1998,1265 2063,1265 2128,1265 2193,1265 2258,1264 2323,1263 2388,1263 2453,1262 2518,1260 2583,1259"/>
                <TextEquiv>
                    <Unicode>Einstweilige Verfügung, vom Gericht ausgebracht, Darstellungsverbot</Unicode>
                </TextEquiv>
            </TextLine>
            <TextLine id="r2l9" custom="readingOrder {index:8;}">
                <Coords points="1174,1331 2598,1332 2598,1278 2532,1268 1174,1277"/>
                <Baseline points="1184,1314 1254,1314 1324,1314 1394,1314 1465,1314 1535,1314 1605,1314 1675,1315 1746,1315 1816,1315 1886,1315 1956,1314 2027,1314 2097,1314 2167,1314 2237,1313 2308,1312 2378,1312 2448,1311 2518,1310 2589,1309"/>
                <TextEquiv>
                    <Unicode>drei Stunden vor der Aufführung. Alarmierende und irreführende Zei¬</Unicode>
                </TextEquiv>
            </TextLine>
            <TextLine id="r2l10" custom="readingOrder {index:9;}">
                <Coords points="1184,1373 2554,1374 2588,1325 1184,1327"/>
                <Baseline points="1194,1364 1263,1364 1332,1363 1401,1363 1471,1363 1540,1363 1609,1363 1678,1363 1748,1363 1817,1363 1886,1363 1955,1363 2025,1363 2094,1362 2163,1362 2232,1362 2302,1361 2371,1361 2440,1360 2509,1360 2579,1359"/>
                <TextEquiv>
                    <Unicode>tungsnotizen; ein alarmiertes und irregeführtes Publikum. Stürmchen in</Unicode>
                </TextEquiv>
            </TextLine>
            <TextLine id="r2l11" custom="readingOrder {index:10;}">
                <Coords points="1173,1421 2401,1433 2515,1425 2541,1371 1173,1375"/>
                <Baseline points="1183,1413 1250,1413 1317,1412 1385,1412 1452,1412 1520,1412 1587,1412 1654,1412 1722,1412 1789,1412 1857,1412 1924,1412 1991,1412 2059,1412 2126,1411 2194,1411 2261,1410 2328,1410 2396,1409 2463,1408 2531,1407"/>
                <TextEquiv>
                    <Unicode>Liliputgläsern — abgestandenen Wassers! Der Hauswirt des Theaters</Unicode>
                </TextEquiv>
            </TextLine>
            <TextLine id="r2l12" custom="readingOrder {index:11;}">
                <Coords points="1862,1470 1988,1489 2028,1469 2352,1483 2380,1463 2602,1464 2601,1406 2402,1433 2348,1413 1862,1424"/>
                <Baseline points="1872,1459 1908,1460 1944,1460 1980,1461 2016,1461 2052,1461 2088,1461 2124,1460 2160,1460 2196,1460 2232,1460 2268,1459 2304,1459 2340,1459 2376,1458 2412,1458 2448,1458 2484,1458 2520,1458 2556,1458 2592,1458"/>
                <TextEquiv>
                    <Unicode>besinnt sich plötzlich eines Paragraphen</Unicode>
                </TextEquiv>
            </TextLine>
            <TextLine id="r2l13" custom="readingOrder {index:12;}">
                <Coords points="1177,1469 1293,1487 1344,1463 1720,1481 1760,1449 1820,1469 1820,1431 1722,1417 1586,1434 1542,1420 1518,1440 1454,1412 1352,1437 1296,1425 1259,1447 1177,1421"/>
                <Baseline points="1187,1462 1218,1463 1249,1463 1280,1463 1311,1463 1342,1463 1373,1463 1405,1463 1436,1463 1467,1462 1498,1462 1529,1462 1560,1461 1591,1461 1623,1461 1654,1461 1685,1461 1716,1461 1747,1461 1778,1461 1810,1462"/>
                <TextEquiv>
                    <Unicode>die „Hochschule für Musik“ —</Unicode>
                </TextEquiv>
            </TextLine>
            <TextLine id="r2l14" custom="readingOrder {index:13;}">
                <Coords points="1172,1518 2528,1523 2584,1515 2584,1463 1172,1470"/>
                <Baseline points="1182,1512 1251,1512 1321,1511 1390,1511 1460,1510 1530,1510 1599,1510 1669,1510 1739,1510 1808,1510 1878,1510 1948,1510 2017,1510 2087,1510 2157,1509 2226,1509 2296,1508 2366,1508 2435,1507 2505,1506 2575,1505"/>
                <TextEquiv>
                    <Unicode>in seinem Mietsvertrage, wonach sein Mieter, nämlich das „Kleine Schauspiel¬</Unicode>
                </TextEquiv>
            </TextLine>
            <TextLine id="r2l15" custom="readingOrder {index:14;}">
                <Coords points="1182,1574 2585,1578 2585,1520 1182,1520"/>
                <Baseline points="1192,1562 1261,1561 1330,1561 1399,1561 1468,1560 1537,1560 1606,1560 1676,1560 1745,1560 1814,1559 1883,1559 1952,1559 2021,1559 2090,1559 2160,1558 2229,1558 2298,1558 2367,1557 2436,1557 2505,1556 2575,1555"/>
                <TextEquiv>
                    <Unicode>haus“, keine „politisch, religiös oder sittlich anstößigen“ Stücke zur Aufführung</Unicode>
                </TextEquiv>
            </TextLine>
            <TextLine id="r2l16" custom="readingOrder {index:15;}">
                <Coords points="1178,1619 2528,1625 2602,1610 2602,1570 1178,1573"/>
                <Baseline points="1188,1610 1258,1610 1328,1610 1398,1610 1468,1610 1538,1610 1608,1609 1679,1609 1749,1609 1819,1609 1889,1609 1959,1608 2029,1608 2099,1608 2170,1607 2240,1607 2310,1606 2380,1606 2450,1605 2520,1604 2591,1603"/>
                <TextEquiv>
                    <Unicode>bringen darf. — Besinnt sich dieses Paragraphen etwas jäh, nachdem er zwei</Unicode>
                </TextEquiv>
            </TextLine>
            <TextLine id="r2l17" custom="readingOrder {index:16;}">
                <Coords points="1185,1680 2588,1658 2568,1612 1185,1621"/>
                <Baseline points="1195,1658 1264,1658 1333,1658 1402,1657 1471,1657 1540,1657 1609,1657 1678,1657 1747,1658 1816,1658 1886,1658 1955,1657 2024,1657 2093,1657 2162,1657 2231,1656 2300,1656 2369,1655 2438,1654 2507,1653 2577,1652"/>
                <TextEquiv>
                    <Unicode>Jahre hindurch in seinen heiligen Hallen die unheilige „Büchse der Pandora“</Unicode>
                </TextEquiv>
            </TextLine>
            <TextLine id="r2l18" custom="readingOrder {index:17;}">
                <Coords points="1177,1722 2519,1721 2587,1715 2587,1659 1176,1682"/>
                <Baseline points="1186,1709 1255,1708 1325,1708 1394,1707 1464,1707 1533,1707 1603,1706 1672,1706 1742,1706 1811,1706 1881,1706 1951,1706 2020,1706 2090,1705 2159,1705 2229,1705 2298,1705 2368,1704 2437,1704 2507,1703 2577,1702"/>
                <TextEquiv>
                    <Unicode>aufführen ließ, ohne dadurch das Anstandsgefühl des sogenannten „Normal¬</Unicode>
                </TextEquiv>
            </TextLine>
            <TextLine id="r2l19" custom="readingOrder {index:18;}">
                <Coords points="1182,1768 2438,1773 2598,1762 2598,1717 1181,1717"/>
                <Baseline points="1192,1756 1261,1756 1331,1756 1401,1756 1471,1756 1540,1756 1610,1755 1680,1755 1750,1755 1819,1755 1889,1755 1959,1755 2029,1755 2098,1755 2168,1754 2238,1754 2308,1754 2377,1753 2447,1753 2517,1752 2587,1751"/>
                <TextEquiv>
                    <Unicode>menschen“ anscheinend zu verletzen. Immerhin: jetzt, unmittelbar, ehe die</Unicode>
                </TextEquiv>
            </TextLine>
            <TextLine id="r2l20" custom="readingOrder {index:19;}">
                <Coords points="1186,1823 2576,1825 2596,1763 1186,1777"/>
                <Baseline points="1197,1807 1266,1806 1336,1806 1405,1806 1475,1805 1544,1805 1614,1805 1683,1805 1753,1804 1822,1804 1892,1804 1961,1803 2031,1803 2100,1803 2170,1803 2239,1802 2309,1802 2378,1802 2448,1801 2517,1801 2587,1801"/>
                <TextEquiv>
                    <Unicode>zärtlichen Rhythmen des „Reigen“ aufflattern sollen, wird dröhnend die</Unicode>
                </TextEquiv>
            </TextLine>
            <TextLine id="r2l21" custom="readingOrder {index:20;}">
                <Coords points="1177,1868 2587,1870 2601,1818 1177,1827"/>
                <Baseline points="1187,1858 1257,1857 1327,1856 1397,1855 1467,1854 1537,1854 1607,1853 1678,1853 1748,1853 1818,1852 1888,1852 1958,1852 2028,1852 2098,1852 2169,1852 2239,1852 2309,1851 2379,1851 2449,1851 2519,1850 2590,1850"/>
                <TextEquiv>
                    <Unicode>„sittliche Forderung“ erhoben. And — die Szene wird zum Tribunal. Der</Unicode>
                </TextEquiv>
            </TextLine>
            <TextLine id="r2l22" custom="readingOrder {index:21;}">
                <Coords points="1183,1910 2514,1916 2601,1910 2601,1866 1183,1872"/>
                <Baseline points="1193,1905 1262,1905 1332,1904 1402,1904 1472,1904 1542,1903 1612,1903 1682,1903 1752,1902 1822,1902 1892,1902 1961,1901 2031,1901 2101,1901 2171,1900 2241,1900 2311,1900 2381,1900 2451,1899 2521,1899 2591,1899"/>
                <TextEquiv>
                    <Unicode>arme, schamhafte Bürger des nachkriegerischen, nachrevolutionären Berlin,</Unicode>
                </TextEquiv>
            </TextLine>
            <TextLine id="r2l23" custom="readingOrder {index:22;}">
                <Coords points="1178,1959 2603,1959 2574,1905 1178,1917"/>
                <Baseline points="1189,1953 1259,1953 1329,1953 1399,1953 1469,1952 1540,1952 1610,1952 1680,1952 1750,1952 1820,1951 1891,1951 1961,1951 2031,1951 2101,1950 2171,1950 2242,1950 2312,1949 2382,1949 2452,1948 2522,1948 2593,1947"/>
                <TextEquiv>
                    <Unicode>dessen Tugend durch die Epidemie der Aufklärungsfilme, durch zahllose</Unicode>
                </TextEquiv>
            </TextLine>
            <TextLine id="r2l24" custom="readingOrder {index:23;}">
                <Coords points="1186,2013 2573,2008 2594,1956 1186,1961"/>
                <Baseline points="1196,2003 1265,2002 1334,2002 1404,2001 1473,2001 1543,2001 1612,2001 1682,2001 1751,2001 1821,2001 1890,2001 1959,2001 2029,2001 2098,2000 2168,2000 2237,2000 2307,1999 2376,1998 2446,1997 2515,1996 2585,1995"/>
                <TextEquiv>
                    <Unicode>Aufführungen von „Schloß Wetterstein“, „Erdgeist“ (mit Lulu Orska) und</Unicode>
                </TextEquiv>
            </TextLine>
            <TextLine id="r2l25" custom="readingOrder {index:24;}">
                <Coords points="1184,2060 2597,2061 2572,2001 1184,2018"/>
                <Baseline points="1194,2052 1263,2051 1333,2051 1402,2051 1472,2050 1542,2050 1611,2050 1681,2049 1751,2049 1820,2049 1890,2049 1960,2048 2029,2048 2099,2048 2169,2047 2238,2047 2308,2047 2378,2046 2447,2046 2517,2045 2587,2044"/>
                <TextEquiv>
                    <Unicode>ähnlichen, sexuell belehrenden Werken, ferner durch die Darbietungen Celly</Unicode>
                </TextEquiv>
            </TextLine>
            <TextLine id="r2l26" custom="readingOrder {index:25;}">
                <Coords points="1184,2113 2591,2104 2590,2056 2502,2050 1184,2061"/>
                <Baseline points="1194,2100 1263,2100 1332,2099 1402,2099 1471,2099 1540,2098 1610,2098 1679,2098 1748,2098 1818,2098 1887,2098 1956,2098 2026,2098 2095,2097 2164,2097 2234,2097 2303,2096 2372,2096 2442,2095 2511,2094 2581,2093"/>
                <TextEquiv>
                    <Unicode>de Rheidts und ihrer mannigfachen Epigoninnen, durch Tanzdielen und</Unicode>
                </TextEquiv>
            </TextLine>
            <TextLine id="r2l27" custom="readingOrder {index:26;}">
                <Coords points="1182,2157 2599,2152 2566,2100 1182,2113"/>
                <Baseline points="1193,2149 1262,2149 1332,2148 1402,2148 1472,2147 1542,2147 1611,2147 1681,2146 1751,2146 1821,2146 1891,2146 1960,2146 2030,2145 2100,2145 2170,2145 2240,2145 2309,2145 2379,2144 2449,2144 2519,2144 2589,2143"/>
                <TextEquiv>
                    <Unicode>Nacktballette nachdrücklich geläutert worden ist, dieser arme, schamhafte</Unicode>
                </TextEquiv>
            </TextLine>
            <TextLine id="r2l28" custom="readingOrder {index:27;}">
                <Coords points="1190,2210 2596,2192 2596,2156 2384,2145 1190,2156"/>
                <Baseline points="1199,2198 1268,2198 1337,2197 1407,2197 1476,2196 1545,2196 1615,2196 1684,2195 1753,2195 1823,2195 1892,2195 1961,2194 2031,2194 2100,2194 2169,2194 2239,2193 2308,2193 2377,2193 2447,2192 2516,2192 2586,2192"/>
                <TextEquiv>
                    <Unicode>Bürger muß vor einer endgültigen Verderbnis durch — wirkliche Kunst ge¬</Unicode>
                </TextEquiv>
            </TextLine>
            <TextLine id="r2l29" custom="readingOrder {index:28;}">
                <Coords points="1188,2261 2552,2263 2612,2206 1187,2209"/>
                <Baseline points="1197,2247 1267,2247 1337,2247 1407,2246 1477,2246 1548,2245 1618,2245 1688,2245 1758,2244 1828,2244 1899,2243 1969,2243 2039,2243 2109,2242 2179,2242 2250,2242 2320,2242 2390,2241 2460,2241 2530,2241 2601,2241"/>
                <TextEquiv>
                    <Unicode>schützt werden. Der Kinderglauben an den Storch muß ihm wiedergegeben</Unicode>
                </TextEquiv>
            </TextLine>
            <TextLine id="r2l30" custom="readingOrder {index:29;}">
                <Coords points="1181,2305 2595,2318 2595,2248 1180,2263"/>
                <Baseline points="1190,2297 1259,2296 1329,2296 1399,2295 1469,2295 1538,2294 1608,2294 1678,2293 1748,2293 1817,2293 1887,2293 1957,2292 2027,2292 2096,2292 2166,2291 2236,2291 2306,2291 2375,2290 2445,2290 2515,2289 2585,2289"/>
                <TextEquiv>
                    <Unicode>werden. Darum: Rechtsanwälte von Nang, Nichter und Behörden auf</Unicode>
                </TextEquiv>
            </TextLine>
            <TextLine id="r2l31" custom="readingOrder {index:30;}">
                <Coords points="1179,2362 2431,2356 2473,2350 2473,2298 1179,2308"/>
                <Baseline points="1188,2346 1251,2345 1315,2345 1379,2345 1443,2344 1506,2344 1570,2343 1634,2343 1698,2342 1761,2342 1825,2341 1889,2341 1953,2341 2016,2340 2080,2340 2144,2339 2208,2339 2271,2339 2335,2339 2399,2339 2463,2339"/>
                <TextEquiv>
                    <Unicode>den Plan! — Die Sittlichkeit muß geschützt werden vor der Kunst!</Unicode>
                </TextEquiv>
            </TextLine>
            <TextLine id="r2l32" custom="readingOrder {index:31;}">
                <Coords points="1280,2403 2610,2403 2610,2349 1280,2357"/>
                <Baseline points="1289,2393 1354,2393 1420,2393 1485,2392 1551,2392 1617,2392 1682,2392 1748,2391 1813,2391 1879,2390 1945,2390 2010,2389 2076,2389 2141,2389 2207,2388 2272,2388 2338,2388 2404,2388 2469,2388 2535,2388 2601,2388"/>
                <TextEquiv>
                    <Unicode>Mancher dachte: „olle Kamellen!“, oft schon erlebt, erlauscht, erlogen!</Unicode>
                </TextEquiv>
            </TextLine>
            <TextLine id="r2l33" custom="readingOrder {index:32;}">
                <Coords points="1240,2453 2606,2449 2570,2391 1240,2397"/>
                <Baseline points="1250,2442 1317,2442 1384,2441 1452,2441 1519,2441 1586,2440 1654,2440 1721,2440 1788,2440 1856,2439 1923,2439 1990,2439 2058,2438 2125,2438 2192,2438 2260,2437 2327,2437 2394,2437 2462,2436 2529,2436 2597,2435"/>
                <TextEquiv>
                    <Unicode>Manch' anderer dachte: Deutschland dürfe im absteigenden Jahre 1920</Unicode>
                </TextEquiv>
            </TextLine>
            <TextLine id="r2l34" custom="readingOrder {index:33;}">
                <Coords points="1180,2498 2611,2513 2610,2449 2500,2435 1180,2459"/>
                <Baseline points="1191,2493 1261,2492 1332,2491 1402,2490 1473,2490 1543,2489 1614,2489 1684,2489 1755,2488 1825,2488 1896,2488 1966,2488 2037,2488 2107,2487 2178,2487 2248,2487 2319,2486 2389,2485 2460,2485 2530,2484 2601,2482"/>
                <TextEquiv>
                    <Unicode>andere, gewichtigere Sorgen haben als die schutzbedürftige Moral weiblicher</Unicode>
                </TextEquiv>
            </TextLine>
            <TextLine id="r2l35" custom="readingOrder {index:34;}">
                <Coords points="1182,2548 2576,2550 2602,2508 1181,2500"/>
                <Baseline points="1191,2541 1261,2540 1331,2539 1401,2539 1471,2538 1541,2538 1611,2538 1681,2537 1751,2537 1821,2537 1891,2537 1961,2536 2031,2536 2101,2536 2171,2536 2241,2536 2311,2535 2381,2535 2451,2534 2521,2534 2591,2533"/>
                <TextEquiv>
                    <Unicode>und männlicher Backfische. Gleichviel: als man den kleinen, intimen Musen¬</Unicode>
                </TextEquiv>
            </TextLine>
            <TextLine id="r2l36" custom="readingOrder {index:35;}">
                <Coords points="1182,2600 2613,2589 2596,2543 1182,2554"/>
                <Baseline points="1192,2590 1262,2589 1333,2588 1403,2587 1474,2587 1544,2586 1615,2586 1685,2586 1756,2586 1826,2586 1897,2586 1968,2585 2038,2585 2109,2585 2179,2585 2250,2585 2320,2584 2391,2584 2461,2584 2532,2583 2603,2582"/>
                <TextEquiv>
                    <Unicode>tempel in der Hardenbergstraße betrat, fand man eine dynamitgeladene</Unicode>
                </TextEquiv>
            </TextLine>
            <TextLine id="r2l37" custom="readingOrder {index:36;}">
                <Coords points="1195,2651 2547,2651 2613,2643 2613,2591 1195,2599"/>
                <Baseline points="1205,2639 1274,2638 1344,2637 1414,2637 1484,2636 1554,2636 1624,2635 1694,2635 1764,2634 1834,2634 1904,2634 1973,2634 2043,2634 2113,2633 2183,2633 2253,2633 2323,2633 2393,2632 2463,2632 2533,2632 2603,2631"/>
                <TextEquiv>
                    <Unicode>Atmosphäre vor. Man entrüstete sich fürbaß — hüben und drüben! Zur</Unicode>
                </TextEquiv>
            </TextLine>
            <TextLine id="r2l38" custom="readingOrder {index:37;}">
                <Coords points="1195,2695 2533,2715 2603,2649 1194,2651"/>
                <Baseline points="1204,2688 1273,2687 1342,2686 1412,2685 1481,2685 1551,2685 1620,2684 1689,2684 1759,2684 1828,2683 1898,2683 1967,2683 2036,2683 2106,2683 2175,2682 2245,2682 2314,2682 2383,2681 2453,2681 2522,2681 2592,2680"/>
                <TextEquiv>
                    <Unicode>Rechten und zur Linken. Ein Skandälchen — vielleicht sogar ein kulturell¬</Unicode>
                </TextEquiv>
            </TextLine>
            <TextLine id="r2l39" custom="readingOrder {index:38;}">
                <Coords points="1188,2756 2107,2739 2107,2709 2047,2691 1188,2704"/>
                <Baseline points="1197,2738 1242,2737 1287,2736 1332,2735 1377,2735 1422,2734 1467,2734 1512,2733 1557,2733 1602,2733 1647,2732 1692,2732 1737,2732 1782,2732 1827,2732 1872,2732 1917,2732 1962,2732 2007,2732 2052,2732 2097,2732"/>
                <TextEquiv>
                    <Unicode>politischer Monstre=Skandal — lag in der Luft.</Unicode>
                </TextEquiv>
            </TextLine>
            <TextLine id="r2l40" custom="readingOrder {index:39;}">
                <Coords points="1277,2796 2335,2806 2617,2789 2617,2733 1276,2746"/>
                <Baseline points="1286,2787 1352,2785 1418,2783 1484,2782 1550,2781 1616,2781 1682,2780 1748,2780 1814,2780 1880,2780 1946,2780 2012,2780 2078,2781 2144,2781 2210,2781 2276,2780 2342,2780 2408,2780 2474,2779 2540,2778 2607,2777"/>
                <TextEquiv>
                    <Unicode>Und dann kam alles — wie immer — ganz anders. Frau Direktorin</Unicode>
                </TextEquiv>
            </TextLine>
            <TextLine id="r2l41" custom="readingOrder {index:40;}">
                <Coords points="1189,2849 2617,2847 2587,2783 1189,2775"/>
                <Baseline points="1199,2834 1269,2833 1339,2833 1410,2832 1480,2832 1551,2831 1621,2831 1692,2830 1762,2830 1833,2830 1903,2830 1973,2829 2044,2829 2114,2829 2185,2829 2255,2828 2326,2828 2396,2828 2467,2828 2537,2827 2608,2827"/>
                <TextEquiv>
                    <Unicode>Eysoldt — mit den in Tragik erstarrten Zügen einer Meduse — drückte sich</Unicode>
                </TextEquiv>
            </TextLine>
            <TextLine id="r2l42" custom="readingOrder {index:41;}">
                <Coords points="1182,2899 2548,2881 2548,2845 2364,2824 1182,2841"/>
                <Baseline points="1192,2884 1259,2883 1326,2882 1394,2882 1461,2881 1528,2880 1596,2880 1663,2879 1730,2879 1798,2879 1865,2878 1932,2878 2000,2878 2067,2878 2134,2877 2202,2877 2269,2877 2336,2876 2404,2876 2471,2875 2539,2874"/>
                <TextEquiv>
                    <Unicode>eine kleidsame Märtyrerkrone auf das — von sechs Wochen Haft bedrohte</Unicode>
                </TextEquiv>
            </TextLine>
            <TextLine id="r2l43" custom="readingOrder {index:42;}">
                <Coords points="1185,2944 2610,2935 2591,2880 1185,2900"/>
                <Baseline points="1196,2935 1266,2934 1336,2933 1406,2932 1476,2931 1546,2931 1616,2930 1687,2930 1757,2930 1827,2929 1897,2929 1967,2929 2037,2929 2107,2928 2178,2928 2248,2928 2318,2927 2388,2927 2458,2926 2528,2926 2599,2925"/>
                <TextEquiv>
                    <Unicode>Haupt. Zuschauer und Zuhörer jubelten, ohne zu wissen, warum, wieso und</Unicode>
                </TextEquiv>
            </TextLine>
            <TextLine id="r2l44" custom="readingOrder {index:43;}">
                <Coords points="2394,3073 2436,3076 2524,3065 2624,3075 2623,3021 2605,3021 2587,3036 2539,3016 2511,3025 2437,3012 2423,3020 2409,3014 2393,3019"/>
                <Baseline points="2404,3062 2430,3063 2456,3063 2482,3063 2509,3062 2535,3062 2561,3061 2587,3060 2614,3060"/>
                <TextEquiv>
                    <Unicode>Aklien-</Unicode>
                </TextEquiv>
            </TextLine>
            <TextLine id="r2l45" custom="readingOrder {index:44;}">
                <Coords points="1095,3124 2713,3127 2687,3041 2607,3079 2228,3024 1095,3032"/>
                <Baseline points="1106,3099 1185,3098 1265,3098 1345,3097 1425,3097 1505,3096 1585,3096 1664,3095 1744,3095 1824,3095 1904,3095 1984,3095 2064,3095 2144,3095 2223,3096 2303,3097 2383,3097 2463,3099 2543,3100 2623,3102 2703,3103"/>
                <TextEquiv>
                    <Unicode>Brauerei Königstadt gesellschaft</Unicode>
                </TextEquiv>
            </TextLine>
            <TextLine id="r2l46" custom="readingOrder {index:45;}">
                <Coords points="2191,3192 2205,3192 2211,3186 2247,3191 2259,3183 2279,3191 2321,3176 2341,3181 2340,3131 2312,3140 2262,3133 2240,3141 2218,3126 2214,3130 2208,3124 2190,3124"/>
                <Baseline points="2201,3173 2227,3174 2253,3173 2279,3173 2305,3172 2331,3171"/>
                <TextEquiv>
                    <Unicode>lorden</Unicode>
                </TextEquiv>
            </TextLine>
            <TextLine id="r2l47" custom="readingOrder {index:46;}">
                <Coords points="1329,3206 1453,3183 1637,3182 1681,3204 1705,3187 1739,3205 1779,3186 1799,3196 1850,3178 1850,3114 1772,3143 1710,3123 1666,3144 1522,3146 1466,3113 1329,3143"/>
                <Baseline points="1339,3180 1364,3180 1389,3179 1414,3179 1439,3179 1464,3179 1489,3178 1514,3178 1539,3178 1564,3178 1590,3177 1615,3177 1640,3177 1665,3177 1690,3176 1715,3176 1740,3175 1765,3175 1790,3174 1815,3173 1841,3172"/>
                <TextEquiv>
                    <Unicode>Schönhauser Allee 10</Unicode>
                </TextEquiv>
            </TextLine>
            <TextLine id="r2l48" custom="readingOrder {index:47;}">
                <Coords points="1094,3281 2692,3290 2692,3212 2552,3199 2011,3198 1929,3242 1094,3202"/>
                <Baseline points="1104,3272 1187,3273 1270,3273 1353,3273 1436,3273 1519,3273 1602,3272 1685,3272 1768,3272 1851,3271 1935,3270 2018,3270 2101,3269 2184,3268 2267,3267 2350,3267 2433,3266 2516,3266 2599,3265 2683,3265"/>
                <TextEquiv>
                    <Unicode>Hervorragende Qualitäisbiere</Unicode>
                </TextEquiv>
            </TextLine>
            <TextLine id="r2l49" custom="readingOrder {index:48;}">
                <Coords points="1186,3398 1196,3397 1205,3405 1211,3405 1218,3396 1228,3398 1240,3391 1250,3391 1248,3347 1236,3347 1232,3352 1220,3354 1218,3352 1214,3357 1208,3357 1200,3351 1198,3353 1196,3351 1184,3352"/>
                <Baseline points="1196,3394 1240,3392"/>
                <TextEquiv>
                    <Unicode>16</Unicode>
                </TextEquiv>
            </TextLine>
            <TextEquiv>
                <Unicode>box 18/1
das gescheite Mannweib und die geniale Schauspielerin Gertrud Eysoldt
steht) unternimmt wagemutig das Experiment, die viel und oft verfehmte
Theaterdichtung (es ist eine Theaterdichtung — malgré tout) auf der
Bühne mit Takt und Geschmack zu interpretieren. Flugs ist der Spektakel
da. Der Spektakel und das Spektakel. So recht eine „Hetz“, wie der
Wiener in ähnlichen Fällen schmunzelt.
Einstweilige Verfügung, vom Gericht ausgebracht, Darstellungsverbot
drei Stunden vor der Aufführung. Alarmierende und irreführende Zei¬
tungsnotizen; ein alarmiertes und irregeführtes Publikum. Stürmchen in
Liliputgläsern — abgestandenen Wassers! Der Hauswirt des Theaters
besinnt sich plötzlich eines Paragraphen
die „Hochschule für Musik“ —
in seinem Mietsvertrage, wonach sein Mieter, nämlich das „Kleine Schauspiel¬
haus“, keine „politisch, religiös oder sittlich anstößigen“ Stücke zur Aufführung
bringen darf. — Besinnt sich dieses Paragraphen etwas jäh, nachdem er zwei
Jahre hindurch in seinen heiligen Hallen die unheilige „Büchse der Pandora“
aufführen ließ, ohne dadurch das Anstandsgefühl des sogenannten „Normal¬
menschen“ anscheinend zu verletzen. Immerhin: jetzt, unmittelbar, ehe die
zärtlichen Rhythmen des „Reigen“ aufflattern sollen, wird dröhnend die
„sittliche Forderung“ erhoben. And — die Szene wird zum Tribunal. Der
arme, schamhafte Bürger des nachkriegerischen, nachrevolutionären Berlin,
dessen Tugend durch die Epidemie der Aufklärungsfilme, durch zahllose
Aufführungen von „Schloß Wetterstein“, „Erdgeist“ (mit Lulu Orska) und
ähnlichen, sexuell belehrenden Werken, ferner durch die Darbietungen Celly
de Rheidts und ihrer mannigfachen Epigoninnen, durch Tanzdielen und
Nacktballette nachdrücklich geläutert worden ist, dieser arme, schamhafte
Bürger muß vor einer endgültigen Verderbnis durch — wirkliche Kunst ge¬
schützt werden. Der Kinderglauben an den Storch muß ihm wiedergegeben
werden. Darum: Rechtsanwälte von Nang, Nichter und Behörden auf
den Plan! — Die Sittlichkeit muß geschützt werden vor der Kunst!
Mancher dachte: „olle Kamellen!“, oft schon erlebt, erlauscht, erlogen!
Manch' anderer dachte: Deutschland dürfe im absteigenden Jahre 1920
andere, gewichtigere Sorgen haben als die schutzbedürftige Moral weiblicher
und männlicher Backfische. Gleichviel: als man den kleinen, intimen Musen¬
tempel in der Hardenbergstraße betrat, fand man eine dynamitgeladene
Atmosphäre vor. Man entrüstete sich fürbaß — hüben und drüben! Zur
Rechten und zur Linken. Ein Skandälchen — vielleicht sogar ein kulturell¬
politischer Monstre=Skandal — lag in der Luft.
Und dann kam alles — wie immer — ganz anders. Frau Direktorin
Eysoldt — mit den in Tragik erstarrten Zügen einer Meduse — drückte sich
eine kleidsame Märtyrerkrone auf das — von sechs Wochen Haft bedrohte
Haupt. Zuschauer und Zuhörer jubelten, ohne zu wissen, warum, wieso und
Aklien-
Brauerei Königstadt gesellschaft
lorden
Schönhauser Allee 10
Hervorragende Qualitäisbiere
16</Unicode>
            </TextEquiv>
        </TextRegion>
    </Page>
</PcGts>
