3444 4352
285 135 803 228 11. Reigen
972 2469 1039 2525 Für
983 2609 1031 2649 77
977 2759 1061 2815 Abon
967 2922 1048 2969 blä
980 2959 1062 3009 wodu
968 3040 1056 3102 theil
986 136 1406 220 box 17/2
1094 1021 2269 1094 alex. Weigl’s Unternehmen für Zeitungs-Ausschnitte
2032 1084 2222 1153 Ausschnitt
1348 1114 2025 1226 „OBSERYER“
2093 1142 2346 1234 Nr. 75
965 1225 2382 1301 I. österr. behördl. conc. Bureau für Zeitungsberichte u. Personalnachrichten
1232 1277 2123 1362 Wien, I., Concordiaplatz 4.
1044 1339 2382 1422 nBerlin, Budapest, Chicago, Genf, London, Newyork, Paris, Rom,
1339 1397 2012 1450 Stockholm, Kristiania, St. Petersburg.
978 1461 2201 1626 Ausschmtt aus: Teplalt encenr
968 1654 1587 1772 vom: 7 2
1058 1875 1357 1958 Rundschau
1107 1965 2302 2036 — Neue Bahnen. (Wien Nr. 11.) Man traut seinen Augen kaum,
1072 2033 2314 2076 wenn man im neuesten Heft dieser scheinbar modernen Zeitschrift,
1067 2064 2303 2116 die teilweise unter der Aegide von Michael Georg Conrad steht, einen
1065 2100 2312 2144 Artikel „Sehr geehrter Herr Staatsanwalt!“ liest, worin der Staats¬
1075 2143 2311 2185 anwalt sans phrase aufgefordert wird, den „Reigen“ eines
1074 2180 2309 2232 sicheren (!!) Herrn Schnitzler zu konfiszieren, da aus diesem
1078 2219 2303 2270 „elenoen Machwerk“ nichts als „die Lust am Schmutze spricht, und
1079 2261 2209 2310 zwar in gedanklich ärmster und formal wertlosester Weise“
1075 2298 2315 2344 Verfasser des Aufsatzes hat den Mut, seinen Namen unter diese De¬
1066 2340 2318 2389 nunziation zu setzen, er heißt: Fr. Törnsee. Die Aufnahme eines der¬
1070 2382 2303 2426 artigen Artikels bedeutet eine arge Entgleisung der Redaktion der
1069 2419 2316 2472 „Neuen Bahnen“ denn mag das Werk Arthur Schnitzlers, der vor¬
1081 2453 2305 2501 läufig für viele Leute von Geschmack ein Künstler ist und in seinen
1080 2494 2316 2536 schlimmsten Büchern noch immer einen besseren Stil schreibt als Herr
1072 2535 2318 2573 Törnsee, auch den oder jenen lex Heinze=Enthusiasten ärgern, eine
1074 2572 2312 2623 literarische Zeitung hat auf alle Fälle keine Veranlassung, den Staats¬
1066 2612 2354 2672 anwalt auf Literaturerzeugnisse zu hetzen, denn damit schießt sie einen Is.
1080 2651 2313 2698 Pfeil ab, der über kurz oder lang auf sie selber zurückprallt. Den
1068 2688 2300 2735 äußeren Anstoß zu seiner Denunziation hat Herrn Törnsee die staats¬
2317 2725 2370 2779 en
1081 2767 2299 2825 anwaltschaftliche Beschlagnahme eines Romans „Gräfin Julie“ ge¬
1079 2814 2301 2863 geben, den ein öbskurer Herr A. Weißl geschrieben hat. Dieser Herr
1067 2853 2302 2904 Weißl scheint zu Herrn Törnsee in nahen Beziehungen zu stehen, und
2295 2834 2359 2903 lie
2312 2892 2359 2928 n¬
1076 2891 2304 2933 nach Art kleiner Knaben, die es nicht vertragen können, daß der
1076 2925 2318 2983 andere ein Vergnügen hat, das ihnen selber gestört wurde, haben sie
1073 2966 2364 3017 einen so unrühmlichen Feldzug pro pudore unternommen. Leidershe
1078 3003 2356 3064 übersahen sie dabei, daß sie bei diesem Waffengang am meisten sichsit¬
1078 3044 2309 3094 selber verwundet haben, denn den „sicheren“ Herrn Törnsee wird
1074 3088 2306 3144 man sich merken, aber nicht zu seinem Vorteil. Uebrigens was sagt
1062 3126 2207 3186 der Gründer der „Gesellschaft“, Michael Georg Conrad, dazu?
