3336 4320
224 113 743 237 11. Reigen
938 123 1353 227 box 18/1
1098 631 2126 840 G
1267 889 1842 991 Reigen ...
1305 968 1810 1060 Von Doris Wittner.
942 1023 2258 1120 Vor nahezu einem Vierteljahrhundert schrieb Arthur Schnitzler,
845 1085 2258 1172 Österreichs nachdenksamster Ironiker, zehn funkelnde, blankgeschliffene Dia¬
840 1130 2264 1225 loge, die das unerschöpfliche Thema von der ars amandi in zehn launigen
847 1182 2267 1277 Variationen abwandelten und denen Schnitzler den zusammenfassenden Titel
849 1230 1207 1300 „Reigen“ schenkte.
935 1277 2266 1357 Wohlverstanden: es ist der — cytherische Reigen, der geschlungen
847 1320 2262 1420 und ineinander verflochten wird von allen Ständen und Klassen, von hoch
835 1389 2262 1454 und niedrig, arm und reich, jung und alt; und der mit seinem leuchtenden
835 1428 2255 1511 Ring letzten Endes alle menschlichen Komödien und Tragödien umschließt.
832 1467 2265 1562 Es kam Schnitzler darauf an, zu zeigen, daß hinter den meisten Duppenspielen
839 1526 2260 1617 der Menschheit als gebieterischer und überlegener Drahtzieher Eros steht,
845 1578 2259 1664 und vielleicht lag ihm mehr noch an dem Beweis, daß der Menschen Wahn
836 1625 2250 1715 und Wähnen dort, wo sie am süßesten sind und am zeitlosesten scheinen, doch
830 1667 1815 1743 immer in — Täuschung und Enttäuschung münden.
923 1720 2255 1798 Schnitzler ist in seinen dramatischen Dialogen graziös, aber — uner¬
836 1757 1255 1836 schrocken, zart, aber
1251 1786 2250 1846 — verwegen. And er verstößt wider des Bürgers
845 1822 2250 1920 selbstgerechte und selbstgefällige Aberlieferung in den himmlischen und ge¬
829 1871 1365 1934 heimen Dingen der Moral.
931 1923 2247 2007 „Ihr habt das Recht, gesittet Pfui zu sagen. Man darf das nicht vor
824 1968 2117 2048 keuschen Ohren nennen, was keusche Herzen nicht entbehren können.“
919 2018 2112 2096 Eine fürweise und hochwohllöbliche Obrigkeit schützte dereinst
2145 2044 2253 2102 vor
822 2060 1333 2128 einem Vierteljahrhundert¬
1390 2078 2239 2150 den österreichischen wie den deutschen Staats¬
831 2112 2247 2191 bürger davor, das Antlitz der Wahrheit — im Spiegel Schnitzlerscher Dich¬
828 2164 2071 2243 tung — unverhüllt zu erblicken. Die vita sexualis, aus der alles
2138 2185 2233 2247 sogar
826 2209 2240 2289 deutsches und österreichisches — Leben sprießt, gehörte in Gedanken und
823 2255 2243 2343 Meinung offizieller und offiziöser Behörden zu der Menschheit verbotenen
821 2308 2244 2398 Gegenständen. Man konnte insgeheim womöglich nach Krafft=Ebing leben;
816 2365 2229 2438 wenn man sich nur öffentlich mehr oder weniger zum Märchen vom Storch
823 2402 2232 2489 bekannte und die vorschriftsmäßigen Scheuklappen mit der vorschrifts¬
820 2456 2246 2542 mäßigen Eleganz trug. Nimmermehr durfte das Necht, „gesittet Pfui zu
827 2501 2227 2589 sagen“, verwirkt werden. Schnitzler, dessen Werk von einem hohen Gerichts¬
821 2555 2234 2634 hof als „objektiv unzüchtig“ erkannt worden, unterlag selbst der Suggestion des
813 2609 2242 2675 gesellschaftlichen „cant“ so sehr, daß er seine eigene Schöpfung als nicht für
813 2652 2231 2735 die Bühne gedacht und geeignet erklärte. Fünfundzwanzig Jahre hindurch!
909 2697 2229 2779 In diesem Zeitraum sind die Reiche, deren Exponenten jene geistfremden,
811 2752 2229 2835 wahrheitsfeindlichen Amtsvertreter waren, gestürzt und kläglich in sich zer¬
816 2794 2224 2879 fallen. Der rote Rausch des Amsturzes ist — nach dem Katzenjammer mili¬
816 2849 2226 2922 tärischer Niederlagen — über sie hingebraust. Statt Reaktion spricht man
808 2892 2224 2981 heut: Revolution. And statt fürder in Demut die Handschellen der Knechts¬
816 2945 2227 3026 seligkeit zu tragen, schreit man heut in allen Gassen und Gossen die Freiheit
810 3001 1661 3057 aus. Freiheit — auch in litteris et artibus!
902 3038 2220 3111 Berlin, das nie den Ehrgeiz besaß, die „rote Heilandsstadt der Frei¬
811 3079 2229 3173 heit" zu werden oder vor der Welt vorzustellen; eben diesem Berlin blieb es
811 3143 2215 3228 vorbehalten, totgeglaubte Gesinnungen und Gesittungen wenigstens vor¬
799 3193 1363 3245 übergehend zu galvanisieren.
894 3243 2224 3337 Eine künstlerisch wohlakkreditierte Theaterdirektion (an deren Spitze
2166 3329 2228 3397 15
