3484 4352
991 201 1417 272 box 18/3
406 213 811 299 Reigen
705 645 1238 725 iaen, 1
591 663 1494 755 uemare, Mürde er ihn ohrfeigen. Dabel hatn der
481 722 1490 788 so schwer Angegriffene weiter nichts getan, als von seinem
488 764 1491 825 Recht als Abgeordneter Gebrauch zu machen. Wie lange
490 800 1487 864 soll es noch dauern, daß die Kommunisten, die dem Parla¬
485 843 1491 899 ment den Tod geschworen haben und ganz offen zugeben.
487 875 1499 941 daß sie das parlamentarische Regime vernichten wollen, die
480 914 1487 979 vom Vertrauen des Volkes getragene Mehrheit sabotieren?
493 952 1500 1015 Es dürfte an der Zeit sein, daß der Präsident endlich die
484 990 1496 1059 ihm durch die Neuregelung der Geschäftsordnung gegebenen
488 1029 1498 1088 erweiterten Disziplinbefugnisse auch kräftig nützt. Geht
493 1060 1489 1127 das Treiben so weiter, so werden wir um erneute Ver¬
487 1100 1503 1171 schärfung bezw. um einen weiteren Ausbau der Diszivli¬
487 1138 1506 1203 nargewalt und der Exekutive nicht herumkommen. Das
495 1177 1503 1248 Haus überwies schließlich die Anträge auf Errichtung
490 1220 1503 1280 einer Bannmeile und auf Revision der Bestimmungen
491 1256 1510 1320 über den Waffengebrauch der Polizei der Ausschußberatung
502 1296 1501 1355 und setzte sodann seine kirchenpolitische Debatte
494 1330 1501 1394 im Rahmen der Weiterberatung der Bestätigungsgesetze
500 1370 1509 1434 über neue kirchliche Bestimmungen, die das Kirchenregi¬
504 1408 1511 1466 ment im. Bezirk Wiesbaden, der Provinz Hannover und
506 1441 1499 1509 Frankfurt a. M. infolge der Umwälzung der Staatsver¬
503 1497 925 1566 fassung neu reueln. fort.
582 1502 1513 1583 Die drei Gesetze wurden gegen die Stimmen der sozi¬
1447 1562 1513 1607 zur
500 1555 1446 1622 alistischen Parteien angenommen. Der Entwurf
505 1591 1523 1658 Ueberleitung des Rechtszustandes im oberschlesischen
500 1631 1521 1701 Abstimmungsgebiet, der das Ministerium ermäch¬
506 1675 1521 1734 tigt, im Verwaltungswege nach dem Uebergang für die
499 1700 1522 1779 deutschen#eile die nötigen Anordnungen zu erlassen,
508 1743 1522 1822 wurdgn erster und zwiter Lesung angenommen. Der
583 1863 1438 1982 Arthur Schnißler: „Reigen“.
658 1950 1363 2026 Schauburg (Viktoriatheater).
575 1989 1515 2067 Wenn man vor ein paar Monaten der „Reigen"=
511 2032 1520 2107 fführung in Krietern nur mißtrauisch nahte und sich
507 2077 1517 2141 nachher seine heftige Gereiztheit über eine böse Kompro¬
518 2113 1527 2176 mittierung des Dichters Schnitzler nicht gerade sanft von
517 2143 1529 2213 der Seele schrieb, so ist von der Aufführung in der Schau¬
519 2185 1531 2262 burg durchaus als von einer künstlerischen Tatsache zu
525 2222 1528 2288 sprechen. Das gastierende Ensemble von zumeist Ber¬
513 2258 1528 2326 liner Darstellern zeigt überall Niveau, die Regie des
512 2302 1528 2359 Herrn Hubert Reusch ist nicht nur um löbliche Dis¬
511 2337 1529 2401 kretion, sondern auch um Atmosphäre der Szene, um
520 2371 1534 2440 Klangfarbe der Dialoge, um Geschlossenheit der künstle¬
520 2411 1528 2473 rischen Wirkung mit Erfolg bemüht, die Bühne päsentiert
520 2449 1523 2510 sich reiz= und geschmackvoll, der Rahmen ist von be¬
525 2483 1524 2546 sonderer (freilich im einzelnen irrender) Festlichkeit. So
522 2521 1532 2585 hemmt nichts den delikaten Zauber dieses witzigen Ringel¬
518 2556 1530 2627 spiels um die mancherlei Melancholien, Drolerien, Töl¬
516 2594 1537 2661 peleien des Liebeserlebnisses, welches unter verräterisch
519 2635 1531 2702 schillernden Worthülsen einem lächelnd verstehenden und
524 2668 1529 2738 unerbittlich desillusionierenden Blick den armseligen
525 2709 1532 2775 menschlichen Kern preisgibt. Hemmt den Zauber nichts
531 2747 1532 2808 als die Tatsache, daß diese Szenen ursprünglich gar nicht
522 2784 1532 2849 für die Bühne gedacht waren. Manche leisere Besinnlich¬
524 2828 1536 2886 keit verpuffte, und die huschende Leichtigkeit und Be¬
525 2860 1539 2921 hendigkeit der Dialoge wird an der Kompaktheit der
521 2900 1539 2961 Bühne immer ein bißchen Schaden nehmen. Erstaunlich
521 2940 1537 3000 bleibt dennoch, wie diese zehn Variationen desselben
519 2976 1536 3044 Themas szenisches Leben gewinnen und auch als Bühnen¬
530 3015 1533 3085 gestalt fesseln, wie dieser witzige Liebes=Kreislauf ohne
526 3057 1531 3118 eigentliche dramatische Spannkraft doch dramatische Be¬
523 3092 1537 3158 wegtheit hat, wie die lose Folge zusammengefaßt und vor¬
527 3132 1545 3194 wärts treibend akzentuiert ist. Der „Reigen“ zählt zu
530 3169 1544 3229 Schnitzlers Bestem. Und es gehört schon einige Um= und
529 3208 1324 3276 Abwegigkeit dazu, hier „Anstoß“ zu nehmen.
601 3240 1545 3322 Ein reizender Theaterabend von liebenswürdiger
531 3292 1550 3356 und nachbenklicher Heiterkeit. Besonders Gutes kam von
810 3329 1545 3382 Die schöne Sybill Smolowa gibt die
536 3350 815 3402 den Frauen.
537 3371 1544 3424 tunge Frau mit entzückend naiv=verspielter Raffiniert¬
534 3406 1537 3480 heit und neugteriger Koketterie in Stimme und Gesicht
1458 3444 1546 3495 Poldi
533 3444 1398 3507 im Hin und Her entdeckungsfreudiger Unrast.
526 3477 1553 3551 Müller als süßes Mädel ist von waschechtestem Wiener¬
535 3520 1542 3584 tum, das sich zu humorvoller und frischer darstellerischer
532 3567 1550 3622 Bewegtheit löst. Sehr amüsant und schmissig, ohne nahe¬
544 3598 1551 3663 liegende Vergröberungen legt Jutta Versen das ge¬
539 3645 1544 3701 mütvolle Pathos der Schauspielerin hin und die Damen
543 3675 1558 3761 Dlea Zuchs und Trude Norgard siedeln Dirne und
1976 617 2156 683 uien Zer
1847 642 1940 676 A.
1742 643 1794 677 K 1l
1586 641 1668 682 —
1825 619 2519 705 Zugrundelegung kaufmänntscher worftcts
2566 629 3295 702 gender Richtlinien wahrzunehmen: Bei
1589 674 1794 713 rung Aater
1589 678 2541 735 vunkte unterzogen und hierzu besondere Persönlichkeiten
2567 680 3299 734 haben sie sich von dem Bestreben leiten
2314 709 2532 760 der erforder
1591 717 2309 774 bestellt werden, welche die Durchführung
2575 716 3331 781 Pflichtbewußtsein und die Arbeitsfreudig
1589 750 2151 800 lichen Maßnahmen gewährleisten.
2575 763 3306 811 amten durch Pflege des Einvernehmens
2308 754 2544 822 ausschließlich
1595 776 2289 839 Während Berlin in seinen Anträgen
2581 796 3314 854 und des Vertrauens zwischen ihnen und
1530 815 2544 872 wirtschaftspolitische Fragen behandelt, hat Leipzig eine
2570 832 3338 896 vorgesetzten zu heben und an der Erhalt
1536 846 2535 912 Anzahl Anträge eingebracht, die sich mit steuervoli¬
2574 877 3338 927 verlässigen, pflichttreuen Beamtentums mit
1530 885 2545 943 tischen Fragen befassen, insbesondere mit der Ein¬
2574 914 3342 973 § 31 lautet: Die Befugnisse der wirtsch
1525 913 2537 985 führung eines inländischen Zwangskurses und der Aus¬
2263 950 2545 1003 Selbst der Laie
2571 946 3306 1007 einigungen der Beamten zur Vertretung
1536 962 2208 1018 gabe von Hartaeld mit Friedenskurs.
1536 987 2552 1048 wird aber auf den ersten Blick erkennen, daß die gewalt¬
2576 996 3343 1055 ihrer Mitglieder werden durch dieses Gesetz
1543 1024 2550 1087 same Zurückführung zur „Goldwährung ohne eine große,
1533 1054 2540 1122 sagen wir „Befreiungsanleihe“ sowie ohne ein große uns
2736 1073 3336 1151 Handelsfragen in Gen
1528 1087 2544 1154 gewährte Atempause in den Reparationszahlungen nicht
1537 1127 2543 1187 durchzuführen ist. Wie das deutsche Wirtschaftsleben auf
2785 1132 3345 1206 Telegraphische Meldun
1533 1167 2549 1223 den Kurssturz des Dollars von nahezu 300 auf den Frie¬
2653 1180 3352 1249 Genua, 6. Mai. Die dritte Kommissic
1537 1196 2545 1261 denskurs reagieren wird um das vorauszusehen, müßte
2743 1228 3285 1279 und Handelsfragen
2583 1229 2753 1282 schafts¬
1537 1235 2545 1291 man die Phantasie eines Thomas Morus oder Campanella
2582 1260 3333 1311 gestrigen Nachmittagssitzung alle von der
1540 1266 2557 1330 haben. Wie dem auch sei, das deutsche Wirtschaftsleben hat
2577 1291 3346 1353 kommission vorgelegten Beschlüsse angenon
1535 1302 2545 1363 allen Anlaß, der kommenden Tagung mit dem größten
2589 1331 3349 1388 Staaten haben die Vorbehalte, die sie schon
1536 1358 2002 1422 Interesse entgegenzusehen.
2577 1371 3332 1421 kommission gemacht haben, wiederholt. B
2581 1410 3354 1460 ist hierbei ein Vorbehalt Deutschland
1544 1402 2546 1497 Das russische Wirtschaftsprogramm.
2585 1444 3321 1501 lands dagegen, daß der Völkerbund
2584 1475 3348 1531 Enqueten beauftragt werden soll. Zur Fre
1762 1480 2353 1548 Telegraphische Meldung.
2585 1513 3352 1569 begünstigung wurde ausdrücklich festgestellt
1612 1511 2559 1585 Genua, 6. Mai. „Lavoro“ meldet, der russische Dele¬
2593 1553 3316 1604 sprechenden Beschlüsse der Kommissionen
1550 1560 2560 1628 gierte Rakowski hat dem Präsidenten der Finanz¬
2585 1595 3346 1649 Zusammenschlüssen, insbesondere Zollunion
1535 1603 2562 1671 kommission eine lange Denkschrift überreicht, in der
2593 1632 3353 1686 greifen sollen. Die Beschlüsse der Konferenz
1550 1638 2561 1702 er die der Unterkommission für Kreditfragen über
2586 1665 3343 1716 mehr in der nächsten Woche bei einer Vollsi
1553 1678 2556 1738 die wirtschaftliche und finanzielle Lage Rußlands gegebene
2580 1707 3361 1774 ferenz zur endgültigen Entschließung vor
1547 1717 2559 1786 Darstellung ergänzt. Die Denkschrift verzeichne vor allem
2920 1818 3274 1894 Vortragsabend.
1550 1836 2569 1911 Stubenmädchen in den zuständigen Sphären glaubhaft an.
2650 1866 3329 1930 Die Breslauer Theatergemeinde des
1550 1884 2564 1954 Auf der männlichen Seite ist Herr Gustav Heppner
2591 1922 3344 1976 bundes gewann Dr. Friedrich Castelle
1549 1921 2559 1991 zuerst zu nennen, dessen Graf von verblüffender Dichtig¬
2596 1959 3341 2009 Vortragsabenden, an denen er deutsch
1554 1959 2562 2026 keit der Typisierung und famoser stiller Witzigkeit ist
2594 1998 3351 2049 balladen zu Gehör bringt. Am Donners
1553 1993 2561 2071 (wenn auch sein Profil nicht gerade nach einem Grafen
2590 2035 3354 2092 ihn im Mozart=Saal der Hermannloge. Frau
1561 2041 2568 2103 ausschaut). Herr Mikulski ist als Dichter in der Er¬
2591 2073 3361 2133 meist Zeitkunst, sie kündet Leben und Be
1565 2076 2569 2143 scheinung etwas deplaziert, bringt aber durch dar¬
2596 2108 3340 2165 Weltempfinden. Die Vortragsfolge brachte
1564 2117 2560 2180 stellerische Routine darüber hinweg. Herr Tautz, sehr
2598 2147 3353 2210 Agnes Miegel, Lulu v. Strauß und Torne
1552 2153 2571 2218 lustig als nur ratenweise lustiger Ehemann, die Herren
2604 2188 3331 2248 v. Handel=Mazetti. Der Vortragende gab
1553 2202 2300 2278 Tilo und Horn beschließen den Reigen.
2595 2225 3361 2280 leitung Aufschluß über Frauendichtung und
1627 2219 2571 2297 Die Begleitmusik des vielseitigen Forster=Lar¬
2603 2265 3361 2325 Hörerschaft den Dichterinnen des Abends z
1559 2267 2574 2333 rinaga tut an stimmungsvoller Melancholie ein wenig
2599 2309 3352 2358 wenn er schon ein Künder weiblicher Kun
1554 2311 2572 2372 des Guten zu viel, schafft aber eine sympathisch
2600 2340 3367 2400 dankenswert. Er brachte Miegels feine, int
1561 2345 2562 2412 distanzierende Untermalung der Vorgänge. Das Publi¬
2599 2376 3378 2437 von der reichen, vegetativen Art J. P. Jacol
1563 2381 2569 2448 kum gab sich den mancherlei Reizen des Abends wider¬
2601 2419 3361 2473 volkstümliche Wirkung der v. Strauß und
2380 2427 2547 2482 p. T—1.
1565 2442 1821 2512 spruchslos hin.
2599 2458 3368 2513 Balladen, ebenso fein und abgetönt, wie die
1932 2468 2194 2550 Tanzabend.
2608 2493 3361 2553 findung der Sprache Handel=Mazettis zu G
1630 2518 2570 2596 Tanzabend? Nein, Fräulein Ellen Larenc,
2604 2533 3362 2591 besitzt eine Stimme, die eine Fülle an Ausdr
1570 2574 2577 2636 dieses gänzliche Verkennen von den elementarsten Grund¬
2599 2574 3376 2630 hat, in der das Mitempfinden empfindung
1565 2607 2573 2670 gesetzen der Kunst Terpsichorens, das Sie einem sehr ge¬
2605 2620 3358 2674 klingt. Seine Sprache ist klar und schön, hat
1562 2641 2576 2708 duldigen Publikum boten, hat mit Tanz nicht das geringste
2607 2647 3373 2711 und wieder dialektische Färbung. Diese Färb
1569 2682 2570 2754 zu tun. Der Name Larène ist so schön, man kann eine
2596 2692 3312 2758 nicht. Sie wirkt suggestiv auf den Hörer.
1566 2719 2578 2783 „Königin“ des Tanzes vermuten oder (ebenfalls klanglich
1577 2755 2558 2819 natürlich!) eine Künstlerin, die diese Kunst im „Zügel
2675 2772 3374 2852 Mongolenschlacht=Festspiele in Wahlstatt.
1564 2797 2583 2855 hält, aber nichts davon erfüllte sich. Welche Unbeholfen¬
2705 2820 3373 2875 wird uns geschrieben: Von den sanfte
2613 2823 2703 2876 hit
1565 2831 2577 2895 heit, dieser „Walzer“ von Gounod, welches gänzliche Miß¬
2604 2854 3381 2907 östlich von Liegnitz blicken die beiden Türme
2463 2865 2572 2915 Griegs
2350 2874 2415 2919 in
1879 2873 2300 2929 Stimmungsprofilierung
1576 2887 1881 2936 versteben von
2607 2892 3371 2943 Klosters zu Wahlstatt weit ins schlesische
1567 2909 2577 2966 „Morgenstimmung"! Und auch hier diese Unmöglichkeit
2605 2921 3367 2977 Hier ist die Stätte, wo vor langen Zeiten, am
1566 2945 2582 3005 der Linienführung. Wie kann man ein derartig weich
2621 2962 3372 3011 Herzog Heinrich von Liegnitz, mit seiner m
1575 2981 2576 3040 fließendes Gewand von so hauchzarter Farbe mit einer
2620 2992 3378 3049 schlesischer Ritter und Beraknavven die mor
1582 3018 2574 3085 so unerhört stilwidrigen „Amphore“ aus seiner Eigen¬
2616 3024 3373 3082 aufhielt, die damals ganz Mitteleurova zu ü
2053 3053 2576 3111 Das Gleiche gilt von dem
2612 3064 3376 3114 drohten wie es lange vor ihnen die Hunnen
1573 3065 2054 3126 bewegung herausreißen?
3332 3093 3374 3136 bi
2607 3099 3338 3151 Als „Mongolenschlacht bei Wahlstatt“ hat
1585 3089 2575 3157 Vierrotkostüm, dessen bunte Bänder — ausgerechnet an
2607 3130 3373 3185 eine dauernde Stätte in der deutschen Geschi
1581 3139 2584 3193 den Schenkeln und Füßen — die Form zur Geschmack¬
2620 3163 3364 3217 Herzog Heinrich starb den Helbentod, seinen
1578 3173 2574 3230 losigkeit verzerrten. Zu diesen verfehlten Außendingen
2614 3194 3371 3257 Kopf warfen die Mongolen in den benacht
1569 3212 2583 3268 kommt eine Unschulung in choreographischen Dingen, die
2615 3234 3386 3291 witzer See, auf dessem Grunde er der Sa
1583 3246 2582 3306 in ihrer Naivität rührend ist. Fräulein Larêne war wohl
2618 3272 3359 3321 noch liegen soll. Die Schlacht nahm auch
1585 3283 2584 3344 über die geographische Lage Breslaus unorientiert, sonst
2615 3302 3386 3360 deutschen Helden nicht eben erfreulichen Ver
1582 3323 2587 3382 könnte man nicht den Mut oder Uebermut verstehen, daß
2614 3331 3385 3389 wurde in Sicht des für damalige Verhältn
2403 3358 2590 3410 um einen
1576 3372 2395 3418 sie es wagt, an der Stelle zu tanzen. die —
2621 3370 3367 3425 stark befestiaten Liegnitz geschlagen, vor de
1580 3404 2587 3456 Namen zu nennen — eine Mary Wigman geweibt hat.
2616 3401 3336 3464 Mongolen solchen Respekt bekamen, daß
1576 3433 2588 3495 Zwischen diesen Darbietungen klavierteilte ein Fräulein
2617 3446 3383 3492 nach Osten zurückzogen. Zur Erinnerung da
1577 3471 2584 3530 Olga Mav die durch ihr Spiel sichtlich erheiterte Zu¬
2624 3477 3353 3531 Fahrhunderten nach Ostern in Wahlstatt
2627 3508 3334 3563 sonntag“ gefeiert, ein Volksfest, das von
1579 3509 2580 3574 hörerschaft. Was dieser Tastenunerfahrenen an tech¬
2611 3540 3377 3605 stets lebhaften Zustrom hat. Jetzt hat sich
1583 3547 2584 3607 nischen Fähigkeiten abgeht, ersetzt sie durch einen die Ge¬
2611 3573 3344 3635 gebildet, der in dem Wäldchen zwischen
1577 3586 2585 3645 duld aufs höchste reizenden Mangel an Auffassung. Das
2624 3615 3327 3663 Janis ein Festspiel aufführen will.
1580 3625 2589 3686 Breslauer Publikum bat ein Recht, sich berartige Unter¬
1579 3638 3356 3725 nehmungen aufs energischste zu verbitten. Dr. R. C. M. Mongolenschlacht" und ist von Kourab
