3392 4448
286 73 330 143 1
470 91 787 171 gen
160 1012 975 1124 steue Offensive der Bolschewisten?
341 1111 773 1188 Eigene Drahtung.
424 1171 950 1249 Kopenhagen, 22. Dezember.
184 1228 985 1296 Nach einer Meldung der Times sammeln die
148 1258 976 1351 holschewisten große Truppenmengen auf der
146 1328 992 1403 anzen Front, von dem rechten polnischen Flügel
152 1374 981 1452 ngefangen bis zum Schwarzen Meer. Das Ziel
147 1425 980 1488 ineg vermutlich geplanten Angriffes ist vor¬
154 1470 981 1542 lufig noch unbekannt. Der Korrespondent der
151 1516 974 1601 imes weist auf die Möglichkeit eines Angriffes
143 1566 975 1651 uf Beßarabien oder eines Einmarsches in Ungarn
145 1612 573 1693 der Oesterreich (21) hin.
201 1753 969 1891 ita gegen Wilhelm II.
173 1872 964 1952 Vor der 4, Zivilkammer des Landgerichts I
157 1911 961 1986 #hi heute Termin zur Urteilsverkün¬
154 1974 960 2029 ung in dem Rechtsstreit des Cottaschen
149 2014 965 2081 erlages mit Wilhelm II. an. Es handelt
144 2051 956 2117 h, wie bekannt, um die von dem früheren Kaiser
128 2104 965 2171 Ewirkte einstweilige Verfügung, durch die dem
139 2136 957 2210 ottaschen Verlage die Herausgabe des dritten
142 2188 957 2258 andes der Bismarckschen „Gedanken
137 2220 949 2298 nd Erinnerungen“ verboten worden ist
136 2276 957 2338 er Verlag Cotta klagt auf Aufhebung der Ver¬
138 2313 961 2373 gung, während Wilhelm II. durch seinen Pro¬
140 2357 951 2428 hvertreter das Urheberrecht an seinen an den
144 2401 945 2470 srsten Bismarck gerichteten Briefen, die in dem
146 2442 958 2505 itten Bande enthalten sind, geltend macht und
148 2496 722 2547 eFreigabe des Werkes bekämpft.
163 2531 949 2601 In der Verhandlung, die kürzlich vor er¬
148 2572 948 2636 ihnter Zivilkammer stattfand, wurden vom
143 2615 949 2691 orsitzenden, Landgerichtsrat Lewy, Vergleichs¬
141 2664 957 2730 chandlungen angeregt, die aber in der Sitzung
151 2708 956 2779 ht vorwärts kamen, da die Vertreter der
139 2745 952 2819 iden Prozeßparteien erklärten, daß sie zu
146 2789 940 2861 esem Punkte erst weitere Vollmachten von ihren
142 2847 944 2902 andanten einholen müßten. Nach dem Termin
141 2878 952 2949 d, wie wir hören, diese Vergleichsver¬
134 2920 944 2993 ndlungen fortgesetzt worden. Justizrat
145 2967 943 3036 zwenfeld, der Vertreter des früheren
138 3018 949 3081 nisers, schlug vor, daß der Verlag Cotta den
143 3050 935 3130 samten aus dem Verkauf des Werkes fließen¬
125 3106 948 3163 in Erlös der Berliner Kinderhilfe zu¬
136 3139 936 3205 hre; in diesem Falle werde er dem Kaiser die
136 3194 938 3248 eiwillige Freigabe des dritten Bandes anraten.
130 3240 935 3295 r Verlag Cotta lehnte diesen Vorschlag ab,
139 3276 937 3344 klärte sich jedoch bereit, eventuell die Summe
141 3325 938 3382 n100000 Mark an die Kinderhilfe zu zahlen.
126 3364 944 3422 i dieser Sachlage hielt es Justizrat Löwenfeld
125 3397 933 3465 icht für erforderlich, über die Frage eines güt¬
134 3445 934 3513 hen Ausgleichs nach Haus Doorn zu berichten,
145 3495 928 3564 daß der Vergleich als gescheitert zu betrach¬
136 3532 359 3593 nsein dürfte.
166 3651 872 3749 schechische Großmachtpolitik.
374 3735 640 3802 Drahtung.
511 3793 631 3862 „. „
987 78 1367 161 box 18/
1042 1040 1879 1128 äußern, daß jede Regierungseinmischung nur da¬
1042 1106 1879 1165 zu führen dürfte, die Geschäfte noch schwieriger
1043 1149 1884 1214 zu gestalten, während der britische Staat sich
1043 1195 1890 1268 außerdem in der gegenwärtigen Zeit keine finan¬
1034 1231 1605 1308 ziellen Wagnisse erlaufen dürfte,
1094 1370 1806 1473 neues vom tage.
1109 1458 1794 1558 Die Aufführung von Schnitzlers
1243 1526 1667 1594 „Reigen“ verboten.
1079 1577 1881 1666 Heute abend sollte im Kleinen Schau¬
1038 1636 1888 1705 pielhaus (Hochschule für Musik in der Har¬
1018 1674 1869 1746 denbergstraße) Schnitzlers „Reigen“ zum
1027 1730 1863 1790 ersten Male in Berlin gespielt werden. Diese
1019 1770 1861 1844 Premiere ist durch eine heute vormittag ergan¬
1022 1818 1871 1899 gene einstweilige Verfügung des
1017 1877 1876 1951 Landgerichts III unmöglich gemacht
1017 1915 1158 1982 worden.
1048 1964 1870 2025 Im Auftrage des Direktoriums der Hochschule
1023 2018 1863 2085 für Musik hat Rechtsanwalt Alsberg eine einst¬
1025 2071 1855 2123 weilige Verfügung erwirkt, wonach der Direktion
1029 2115 1856 2175 ysold und Sladek bei einer Haftstrafe
1026 2165 1862 2216 intersagt wird, Schnitzlers „Reigen“ im Kleinen
1022 2205 1502 2259 Schauspielhaus aufzuführen.
1075 2238 1864 2309 Der Einspruch der Hochschule für Musik ist mit
1023 2292 1858 2356 Rücksicht auf die Stellung dieses Institutes im
1021 2334 1863 2386 öffentlichen Leben und als Staatsschule ergangen.
1014 2376 1854 2427 Das Direktorium der Hochschule, das dem Kultus¬
1017 2425 1856 2488 ministerium untersteht, ist der Ansicht, daß die
1014 2465 1860 2531 Aufführung des „Reigen“ gegen den mit Frau
1008 2511 1857 2572 Eysoldt geschlossenen Mietsvertrag verstößt, der
1012 2556 1852 2615 ausdrücklich Stücke verbietet, die in sittlicher oder
1013 2607 1848 2654 politischer Richtung Anstoß erregen können. Der
1017 2650 1860 2705 „Reigen“ sei bereits vom Landgericht I in
1008 2693 1855 2743 objektivem Verfahren als unzüchtig erklärt
1011 2725 1152 2780 worden.
1075 2773 1854 2830 Rechtsanwalt Alsberg hat ein Exemplar des
1011 2817 1848 2874 Werkes vorgelegt und außerdem das Urteil im
1008 2857 1855 2918 objektiven Verfahren des Landgerichts I bei¬
1003 2909 1786 2978 gebracht. Auf Grund dieses Beweismaterials
1806 2911 1850 2964 ist
1011 2943 1389 3008 das Verbot ergangen.
1002 3024 1841 3096 Der Leichenfund in der Blücherstraße.
1065 3081 1846 3137 Die vorläufige Untersuchung der Leiche des
1009 3127 1839 3185 in einer Wohnung in der Blücherstraße 49
1007 3169 1845 3225 tot aufgefundenen Reichswehrsoldaten Heinz
1009 3204 1842 3259 hat noch nicht mit Sicherheit ergeben, ob die
1003 3244 1846 3305 Angaben des Schauspielers Klietz sich bewahr¬
1003 3285 1842 3346 heiten und ein Selbstmord des Reiters Heinz
1002 3330 1844 3381 vorliegt. Die genaue Untersuchung wird erst
1010 3355 1836 3417 ei der Obduktion der Leiche stattfinden können.
1001 3399 1833 3452 Inzwischen ist nach den persönlichen Verhältnissen
1004 3446 1830 3492 des Toten gefahndet worden. Man hat festgestellt
1003 3481 1840 3540 daß Heinz, der aus guter Familie stammt, sich
1003 3526 1835 3574 nehrere Unregelmäßigkeiten hat zu¬
1002 3559 1841 3614 schulden kommen lassen, derentwegen er eine Be¬
1001 3599 1835 3653 strafung befürchten mußte. Außerdem drohte
1007 3639 1837 3695 hm eine Strafe wegen Ueberschreitung des Ur¬
1007 3678 1832 3749 aubs. Es ist nicht ausgeschlossen, daß hier
1001 3710 1421 3777 ein Selbstmord vorliegt.
1541 3781 1674 3854 mohr!
1761 3798 1815 3886 ∆
1940 1076 2774 1148 die Direktion, daß sie Belästigungen der Arbeiter
1940 1127 2776 1176 und Angestellten aus ivgend welchen politischen
1944 1158 2773 1223 Gründen unter keinen Umständen dulden würde
1943 1198 2789 1260 Der Betriebsrat nahm diese Bekanntmachung der
1945 1237 2786 1298 Direktion als Anlaß, um zu erklären, daß er mit
1935 1272 2780 1346 Absicht ausgeschaltet werden solle und deshalb
1932 1311 2296 1374 sein Amt niederlege.
1998 1349 2783 1427 Direktor Hemberger teilt uns mit, daß
1932 1389 2778 1461 die Verwaltung der Reichsdruckerei durchaus
1938 1439 2772 1494 nicht die Absicht hatte, einen Streit mit dem
1942 1473 2782 1540 Betriebsrat leichtfertig vom Zaune zu brechen.
1937 1511 2782 1582 Die gesetzlichen Rechte des Betriebsrates
1931 1559 2776 1608 würden von der Reichsdruckereiver¬
1928 1588 2767 1654 waltung in jeder Beziehung anerkannt.
1933 1627 2770 1693 Die Amtsniederlegung habe wohl auch ihre
1929 1674 2769 1740 eigentliche Ursache in Differenzen unter der An¬
1935 1714 2763 1775 gestellten= und Arbeiterschaft. Die schon ver¬
1927 1749 2780 1815 anlaßten Neuwahlen des Betriebsrates würden
1930 1781 2589 1857 in dieser Beziehung Klarheit schaffen.
2003 1850 2690 1944 Der bestohlene Polizeipräsident.
1975 1910 2776 1984 Gestern abend wurde auf einem Autobus
1923 1948 2764 2031 der Linie Linden — Kurfürstendamm
1922 2007 2778 2074 von einem Beamten der Taschendiebstreife ein
1920 2045 2779 2107 Taschendieb auf frischer Tat ertappt, als er einem
1926 2086 2770 2166 Herrn die goldene Uhr aus der Tasche
1912 2137 2762 2206 zog. Der Polizeibeamte faßte den Dieb am
1930 2172 2770 2242 Handgelenk und fragte den Herrn, ob er seine
1929 2221 2758 2298 Ihr vermisse. Der Herr suchte daraufhin ver¬
1919 2269 2758 2331 geblich in seiner Tasche nach seinem Chro¬
1918 2297 2071 2351 nomeder.
2141 2310 2760 2371 Die Beteiligten stiegen vom
1923 2344 2763 2415 Omnib“ ab. Bei der Feststellung der
1921 2389 2759 2456 Personalien stellte sich heraus, daß der Be¬
1916 2433 2751 2506 stohlene der frühere Prlizeipräsi¬
1908 2474 2752 2548 dent von Berlin Eugen Ernst war. Trotz¬
1906 2516 2751 2589 dem der Kriminalbeamte in dem Augenblick zu¬
1909 2561 2751 2634 faßte, in dem er die verdächtige Handbewegung
1908 2609 2755 2669 des Diebes sah, und der Dieb, der ein berüchtig¬
1913 2654 2753 2716 ter galizischer Taschendieb ist, auch zugibt, die
1905 2696 2750 2763 Uhr aus der Tasche gezogen zu haben, blieb die
1908 2739 2749 2804 Uhr verschwunden. Der Dieb behauptet, die Uhr
1904 2790 2750 2859 wäre heruntergefallen, es ist aber auch möglich,
1911 2826 2748 2891 daß mit blitzschnellem Handgriff ein anderer,
1912 2870 2747 2938 cheinbar völlig unbeteiligter Fahrgast, die Uhr
1904 2917 2744 2980 vom Diebe in Empfang genommen hat. Da aber
1906 2962 2752 3014 es auch nicht ausgeschlossen ist, daß die Uhr her¬
1898 3002 2743 3059 unterfiel, bittet Herr Ernst den ehrlichen Finder
1909 3051 2741 3113 um Rückgabe des für ihn sehr wertvollen
1895 3083 2754 3143 Schmuckstücks. Er hat für die Wiederherbeischaf¬
1905 3129 2747 3195 fung eine Belohnung von 500 Mark aus¬
1906 3184 2751 3233 gesetzt. Meldungen bei Kriminalkommissar
1908 3221 2740 3289 Dr. Niemann im Zimmer 75 des Berliner Poli¬
1904 3257 2144 3333 zeipräsidiums.
1931 3330 2718 3413 Der Steinwurf ins Juwelengeschäft.
1961 3399 2748 3470 Gestern abend versuchte ein junger Mann in
1896 3438 2740 3512 das Silberwaren= und Juwelengeschäft von
1895 3487 2734 3558 Marggraf in der Wilhelmstraße einzubrechen.
1898 3536 2736 3596 Er schleuderte zu diesem Zwecke einen
1915 3573 2733 3644 chweren Stein in die Schaufenster¬
1901 3621 2743 3685 cheibe, die dadurch zertrümmert wurde. Als
1891 3671 2737 3721 er versuchte, die in der Auslage befindlichen Ju¬
1891 3717 2739 3779 welen sich anzueignen, wurde er von Passanten
1889 3755 1927 3807 Ur
2617 3773 2733 3835 de ver¬
2921 1094 3302 1184 Die Schlußsitzung
2958 1163 3314 1239 Hayag=Reuter
3212 1229 3311 1300 Brü
2891 1273 3302 1359 Die elliierten Sachverst
2831 1344 3285 1409 sich heute nachmittag, um
2840 1391 3290 1450 des Berichtes über die
2833 1432 3301 1493 beiten festzusetzen, der den
2836 1480 3301 1536 rungen zusammen mit den
2840 1523 3292 1599 en übersandt werden soll.
2887 1643 3304 1707 Die deutschen Vertrete
2827 1670 3309 1749 Laufe des Nachmittags ve
2835 1727 3308 1781 Vormittag die letzte Voll
2831 1763 3296 1819 hatte. Die Konferenz tritt
2825 1799 3293 1874 der zusammen, um sich zun
2828 1837 3244 1914 aufbaufrage zu befassen.
2850 1962 3248 2071 New=Vorker
2964 2060 3298 2142 Eigene Kabel
3129 2115 3322 2191 New 2#
2867 2164 3310 2239 Die Zahlungseinstellung
2820 2220 3306 2294 Lounsberg, einer der bedeute
2827 2273 3304 2332 und Meldungen über wei
2812 2309 3312 2382 kungan der Banken riefen
2823 2353 3277 2412 ersten Teile des Verkehrs
2824 2396 3311 2461 hervor, unter deren Einflu
2819 2436 3288 2503 nachgaben. Später vollzog
2816 2486 3303 2549 Stimmungswechsel, der sein
2825 2527 3294 2594 reichen Deckungskäufen hatt
2817 2567 2951 2640 sehr fest.
2867 2610 3310 2691 Der Aktienumsatz betr
2809 2657 2939 2715 Aktien.
3050 2702 3131 2753 22.12
2807 2721 3026 2778 Americ Sm. u.Ref
3060 2743 3129 2779 33.75
3152 2710 3301 2781 3450 Nor
2819 2767 3033 2810 nac. Copp. Min.
3061 2772 3131 2805 31.25
3158 2772 3220 2807 30.50
3234 2775 3307 2811 Pen
2816 2797 3037 2838 Aichis. Top., S. Fé
3073 2801 3130 2836 8.25
3167 2802 3225 2836 7.37
3237 2804 3298 2839 Read
2815 2826 3024 2859 Baltim. and Ohil
3163 2831 3223 2867 30.00
3236 2833 3298 2869 Souf
2814 2856 3023 2893 Tanadian Pacifi
3050 2857 3132 2894 111.50
3150 2860 3219 2895 10.25
2806 2884 3036 2924 Chesap. and Ohiol
3158 2890 3225 2950 5175
2812 2912 3028 2953 Thieag. D. Jauk
3252 2919 3306 2955 Stef
2815 2943 3004 2982 und St. Paul
3058 2932 3125 2983 26.75
3160 2933 3218 2986 24.50
3228 2948 3296 2984 Unio
2812 2970 3026 3027 Denver u. Rio
3238 2978 3290 3012 Beth
2822 2998 2911 3038 Grande
3074 2995 3131 3037 0.75
3239 3006 3295 3043 Lech
3175 2996 3217 3039 587
2803 3023 2986 3066 Erie common
3060 3029 3128 3067 11.87
2822 3055 3034 3099 linois Central
3159 3064 3220 3119 83.50
2802 3076 3020 3132 Missourt, Kanse
3250 3094 3289 3127 Si
2862 3117 2930 3155 Texas
3224 3117 3288 3162 Wec
2813 3119 3022 3183 Rissouri Pacisic
3063 3114 3121 3188 250
3245 3152 3285 3185 (60
3150 3115 3221 3191 1230
2802 3173 3031 3211 New=York Centr.
2821 3201 3023 3242 . Hudson River
3051 3180 3121 3240 67.50
3146 3202 3214 3244 66.75
3246 3178 3301 3252 e4
2805 3227 3048 3290 Korthern Pacitic
3050 3230 3132 3281 74.37
3158 3231 3238 3282 3.00
2850 3318 3295 3375 Berliner Devisenyerk
2802 3361 3300 3420 kehr zwischen den Großbanke
2806 3410 3292 3466 vorstehenden Weihnachtsgesch
2800 3446 3301 3508 dig aufgehört. Es wurden v#
2801 3489 3299 3551 schäfte abgeschlossen und di
2798 3542 3289 3598 blieben gegenüber den gestr
2799 3583 3204 3640 tierungen unverändert.
2841 3626 3285 3693 Stettiner Authraci
2794 3671 3294 3738 werke G. m. b. H. Das U
2810 3715 3287 3781 uns von der Direktion m
2793 3756 3291 3847 Gesellschafte=areg Alcenbonac
2780 3798 3286 3892 Außerdich naml asanne —¬
