3436 4256
344 2341 382 2389 je
350 2385 388 2432 19
350 2425 388 2473 1
351 2560 386 2601 n
347 2597 385 2647 st
304 143 446 226 11.
1009 137 1420 237 box 18/2
490 139 813 242 Reigen
605 1302 1316 1402 ADOLE SCHUSTERMANN.
440 1402 1471 1503 ZEITUNGS-AUSSCHNITTE
642 1480 1274 1527 Größtes deutsches Zeltungs-Ausschnitt-Büro
630 1518 1281 1581 Berlin SO 16, Rungestr. 22/24
813 1686 1344 1927 rwürtg
808 1867 1007 1937 &
779 1922 1144 1973 Berliner Volksblatt
531 1960 1395 2032 Zentralorgan der Sozialdemokratiichen, Partel-Dauil#lands
843 2025 1227 2106 Morgen. Ausgabe Nr.
522 2038 836 2118 Ausschnift aus der
844 2075 944 2167 Abeg
940 2094 1329 2196 • HOV. 1977
935 2151 1031 2219 —.—
524 2135 613 2212 vom
457 2289 1592 2368 Brunner ade? Wie die „Telegraphen=Union“ erfährt, ist der
411 2337 1603 2406 Mkerarische Sachverständige imBerliner Polizeipräsidium Prof. Karl
403 2385 1594 2445 Brunner vom Amteependiert worden. Als Grund wird ange¬
410 2428 1597 2480 geben, daß nachedems Muster der Berliner Polizei auch andere
416 2459 1603 2518 Polizeiämter einelsogemunte schwarze Liste von Büchern angelegt
411 2506 1594 2555 haben und daß ege der Spitze der Frankfurter Liste ein Buch von
419 2538 1594 2611 Brunner steht. Prof. Brunner ist bereits nach Bayern abgereist,
412 2578 1184 2647 wo er künftig seinen Wohnsitz nehmen will.
496 2598 1592 2678 Eine Bestätigung dieser Nachricht war gestern abend nicht
409 2649 1607 2707 mehr zu bekommen. Hoffentlich ist nicht der Wunsch allein der
423 2702 1606 2747 Vater der Nachricht. Daß der Reigen=Vater nach Bayern verziehen
426 2731 1610 2784 ollte, wäre ein gutes Symbol füme „staatserhaltende“ Tätigkeit.
358 2770 409 2830 n
417 2774 1597 2823 Und daß der Bekämpfer der Unsittlichkeit ud Schundliteratur über
422 2810 1597 2873 seinen eigenen Schund gestürzt wäre, sogar ein guler Troppenwitz
369 2850 788 2930 “ der Skandalgeschichte.
2079 779 2903 867 THE GERMAN THEATRE
1797 872 3199 970 again after something—are they making this time for the
1799 943 3190 1011 clouds? ... Nothing seems too huge, too colossal, too
1795 1002 3196 1067 tremendous for them, even in their weakened state. They
1791 1062 2861 1123 are still as a giant staggering under a dream.
1875 1113 3186 1191 But the Hauptmann nights at the Grosse Schauspiel¬
1789 1160 3187 1242 haus are mainly of political significance. It is in
1797 1223 3195 1289 Reinhardi’s beautiful production of A Midsammer Wight’s
1783 1285 3197 1352 Dream that we find artistic significance. Here is not
1787 1341 3180 1412 merely a demonstration of the healthy state of the German
1777 1389 3186 1457 theatre, but a manifestation of the most hopeful tendency
1793 1452 3196 1504 of all, a return to the old romanticism through which lean¬
1793 1500 3184 1582 Paul Richter, Goethe, and Schiller built up one of the
1790 1563 3180 1634 noblest edifices in the history of the world’s art. A great
1793 1612 3189 1695 English visionary and a great German craftsman combine
1785 1668 3181 1740 in the nearest approach at the Grosse Schauspielhaus to a
1786 1727 3182 1797 fulhlment of its original purpose. It was to be a theatre
1784 1774 3173 1857 for the people, a festival playhouse, a rite of worship, puri¬
1776 1833 3173 1910 fication, and joy. Other pieces which fall a little shorter
1781 1902 3174 1972 of that purpose have been Romain Rolland’s Danfoz and
1780 1943 3167 2014 the Europa of Georg Kaiser, whose From Morn to Mid¬
1777 1992 3172 2074 nigkt aroused the sarcasm of the English critics on its
1773 2054 3168 2132 recent appearance here in a translation published by
1771 2116 3174 2176 Hendersons. The chief result of the Reinhardt venture
1775 2178 3173 2248 so far is a confirmation of an axiom always on
1776 2220 3171 2302 our lips and never anywhere else, that if the serious
1777 2288 3173 2357 theatre is loyal to the people by offering them
1772 2334 3176 2418 its best, the people will be loyal to the serious
1786 2385 3167 2473 theatre. Everywhere in Berlin this summer the visitor
1768 2448 3169 2509 finds similar confirmation. The theatres are always
1777 2506 3163 2573 well filled, and the quality of the work presented may
1775 2559 3164 2630 be gathered from the fact that during the first week in July
1766 2622 3176 2689 the playbills included lbsen’s Zeer Gynt (as a play with
1776 2667 3162 2744 Grieg’s music), Shaw’s Misalliance, Oscar Wilde’s Lady
1764 2716 3161 2801 Windermiere’s Fan and The Importance of Being Earnest
1776 2778 3156 2837 (the latter re-named Zunbury!), and Sudermann’s Das
1778 2837 3160 2909 Glück im Minkel and Rosen. In addition there have been
1769 2896 3104 2958 recent productions of the younger native writers’ plays¬
1767 2950 3150 3018 Mann, by Lothar Schreyer, Kleist’s Katchen von Heil¬
1770 2998 3152 3068 bronn, Steindorff’s Die Irren, Hans sohst’s Der Funge
1758 3052 3162 3140 Menns, and others by Hasenciever, Toller, and Büchner.
1761 3117 3157 3171 The standard of interpretation is very high. Such per¬
1756 3175 3162 3249 fection of emotional acting is not always to the dramatist’s
2399 3237 2512 3312 229
