3444 4320
1018 207 1408 272 box 18/1
319 209 825 304 11. Reigen
2182 1258 3065 1321 hüllte, vorläufig geweigert, dem Unzufriedenen
1266 1254 2163 1326 noch Teuerungszuschläge, die sich von 250 bis 500
2190 1320 3066 1376 sein Geld zurückzuerstatten. Der andere geht nun
1282 1318 2154 1367 Mark staffeln. Die Kinderzulage beträgt 75 M.
493 1269 1127 1385 Aus der Bühnenwelt.
2187 1344 2443 1409 hin und klagt
1574 1360 2154 1411 Man darf sich also ruhig Kinder
1268 1356 1582 1414 für jedes Kind.
2228 1371 3062 1446 Wie es auch sei. Man wird dem Ausgang des
445 1377 1256 1440 itgefahr und Weihnachtsfriedensschluß.
1572 1401 2154 1452 Die ideellen Forderungen der
1278 1397 1557 1452 „zulegen“....
2179 1423 3071 1476 eventuellen Prozesses nicht ohne Spannung ent¬
1287 1436 2159 1489 Buhnenmitglieder sind vorläufig zurückgestellt. Es
441 1435 1256 1488 Die neuen Tarife. — Das Glück der
2194 1466 3068 1512 gegensehen. In anderer Hinsicht aber ist diese
1282 1469 2156 1534 soll nämlich erst entschieden werden, ob der Tarif¬
363 1481 1260 1528 Sonffleuse. — Starsystem. — Ein unzufrie¬
2186 1496 3071 1550 Affäre wieder einmal ein Schulbeispiel dafür, wie
1284 1513 1857 1570 ausschuß hierfür maßgebend ist.
767 1512 1256 1573 — Benachteiligte Dar¬
2182 1542 3065 1589 jetzt an unseren Bühnen das Starsystem All¬
1317 1540 2155 1603 Die Entscheidung in diesem wichtigen Punkte
599 1563 1256 1633 Schnitzlers „Reigen“ und sein
357 1570 516 1633 steller.
2180 1580 3020 1620 beherrscher geworden ist. Das Stück ist nichts,
1280 1599 2156 1657 muß bis zum 15. Februar 1921 gefallen sein.
636 1604 988 1675 erster Regisseur.
2184 1611 3071 1661 der Darsteller alles. Aber man tut den Theater¬
1287 1634 2154 1689 Wie gesagt, — im ganzen können alle zufrieden
2181 1656 3069 1711 leitern unrecht, wenn man sie allein für
399 1653 1249 1714 Auch auf dem Bühnenmarkte drohte Streik¬
1292 1677 2152 1721 ein. Selbst die Souffleuse ist jetzt in punkto
2188 1689 3076 1741 diese Zustände verantwortlich macht. Es ist
361 1696 1249 1759 gefahr. Fast wäre es, gerade in den Weihnachts¬
1275 1712 2153 1763 Mindestgage mit allen übrigen Kollegen gleich¬
2183 1734 3073 1783 nicht immer Sensationslust allein, die sie dazu ver¬
370 1739 1253 1789 tagen, unter den Künstlern zum Ausstand ge¬
1280 1749 2161 1793 gestellt. Sie darf, wenn sie auch am Abend zum
2194 1770 3075 1819 führt. In den meisten Fällen sind die Verfasser
363 1781 1255 1835 kommen. Wie bei den Gastwirtsgehilfen zu Neu¬
1285 1774 2161 1836 Flüsterton verurteilt ist, in freien Stunden ihr
2181 1813 3030 1849 und auch oft die Verleger mitschuldig. Sie sind
361 1823 1253 1882 jahr, oder bei den Chauffeuren an Renntagen. .
1274 1827 1770 1882 Glück in alle Welt schreien!
2183 1849 3081 1899 die in vielen Fällen eine Garantie dafür verlangen,
408 1859 1255 1912 Zum Glück ist das Schlimmste verhütet worden.
1323 1838 2154 1916 Was noch unerledigt blieb, ist die „Höchst¬
2183 1886 3071 1930 daß nur erste „Zugnummern“ die Stücke bei der
360 1896 1248 1943 Bei ausverkauften Häusern wird man den Frie¬
1448 1907 2164 1948 Noch immer erhalten gewisse Sterne
1282 1893 1425 1958 gage“.
2184 1923 3076 1968 Premiere aus der Taufe heben. Name ist hietbei
368 1932 1251 1980 densschluß feiern, der so etwa bis Ostern reichen
1286 1935 2169 1984 am Theaterhimmel eine Gage, von der sie den
2190 1968 3086 2011 alles, die eigentliche Verwendbarkeit oft Neben¬
376 1974 1248 2023 soll. Die neuen Tarife haben bis zum einund¬
1278 1970 2164 2022 anderen Mitgliedern getrost etwas abgeben könn¬
2186 2000 3078 2048 sache. Daher erlebt man es vielfach, daß trotz glän¬
369 2013 1252 2068 dreißigsten Mai 1921 Gültigkeit. Dann wird man
1276 2015 2154 2063 ten. Und brauchten doch nicht zu verhungern. Daß
2185 2033 3089 2089 zendster Namen ein Stück miserabel und durchaus
376 2055 610 2105 weitersehen.
1272 2058 2155 2101 diese Rieseneinnahmen einzelner die Unzufrieden¬
610 2055 667 2098 **
2192 2072 3079 2122 ungeeignet besetzt ist. Und was fast noch schweren
409 2063 1253 2138 Dafür rumort es noch im Innern des Betriebes
1287 2093 2156 2148 heit der übrigen schüren, ist fraglos. Aber darin
2193 2123 3073 2166 wiegt: eine ganze Reihe tüchtiger Kräfte,
370 2119 1250 2173 der Staatstheater. Die sogenannten „Ge¬
1276 2129 2153 2174 wird kaum etwas zu ändern sein. Wenigstens
2184 2156 3069 2198 deren einziger Fehler es ist, daß sie noch nicht von
376 2170 1250 2211 meinnützigen Theater“ werden vorläufig stets im
1272 2166 2169 2217 nicht bei der „Richtung“ von heute. Nach wie vor
2184 2194 3078 2238 der Sonne der Popullarität beschienen werden, schei¬
373 2204 1256 2250 Hintertreffen bleiben. Hier stehen eben noch an¬
1277 2205 2155 2269 gehen die Leute weit weniger um des Stückes, als
2189 2232 3072 2277 nen ewig dazu verdammt zu sein, unter Aus¬
377 2241 1258 2298 dere Interessen auf dem Spiele. Besonders die
1283 2242 1930 2305 der Darstellung willen ins Theater.
2202 2275 3076 2313 chluß der Oeffentlichkeit spielen zu
367 2286 1263 2329 Pensionsfrage wird immer aktueller. Zum
1309 2266 2165 2337 Ein Vorgang aus allerjüngster Zeit spricht hier¬
2179 2307 3076 2357 müssen. Denn, wirken sie in der Premiere nicht
371 2321 1258 2372 Gesetz soll nunmehr erhoben werden, was ehedem
1286 2330 2167 2375 für Bände. In einem hiesigen Theater hatte ein
2180 2348 3072 2391 mit, so weiß auch die Kritik nichts von ihnen, be¬
370 2358 1260 2400 im gewissen Sinne stillschweigendes Ueberein¬
1283 2363 2170 2413 Parkettbesucher sich drei Plätze in der ersten
2186 2384 3076 2432 urteilt ihre Leistungen nicht. Denn, was nachher
376 2396 1255 2453 kommen war. Denn, entsinne ich mich recht, so
1274 2405 2155 2448 Reihe für je 71 Mark gekauft, und zwar im Hin¬
2186 2424 3069 2471 kommt, ist für die Katz. Man sieht es an diesem
375 2438 1256 2484 war in früheren königlichen Zeiten die Pensions¬
1275 2438 2169 2492 blick darauf, daß an diesem Abend laut Ankündi¬
2190 2464 3080 2508 Falle wieder. Es wird sogar das Geld zurückver¬
375 2474 1260 2518 frage durchaus nicht gesetzlich geregelt. Die Pen¬
1279 2482 2162 2527 gung nicht weniger als sechs Sterne am
2186 2500 3071 2550 langt. Womit natürlich nicht gesagt sein soll, daß
377 2516 1251 2557 sionierung war ein Gnadenakt der Krone. Von der
1286 2521 2155 2573 Theaterhiel leuchten würden. Von diesen sechs
2182 2539 3069 2580 der Theaterleiter im Recht ist, der, ohne vorherige
375 2546 1258 2594 Gnade der Stadtverwaltung abzuhängen, lehnen
1280 2557 2163 2603 traten aber dann nur zwei auf. Die
2185 2579 3068 2628 Ankündigung, am Abend nicht hält, was er am Tage
368 2591 1251 2641 anscheinend die Chormitglieder der Staatsoper ab.
1281 2601 2159 2649 anderen ließen sich „vertreten". Der Billettinhaber
2198 2614 3078 2657 versprach. Aber dem Attraktionsfimmel auf der
409 2621 1254 2670 Die Berliner Privattheater=Angehörigen aber
1288 2637 2169 2689 forderie nun sein Geld zurück. Mit der
2201 2651 3089 2718 seriösen Schauspielbühne sollte doch endlich einmal
361 2658 1260 2708 haben nunmehr einen Tarif, auf dessen Grundlage
1288 2667 2164 2712 Begründung, daß erstens die Direktion an jenem
2314 2686 2722 2754 Star gestochen werden!
2199 2692 2317 2749 der —
375 2705 1261 2747 sich vorläufig arbeiten läßt. Unter dem Präsidium
1277 2707 2171 2757 Abend nicht gehalten habe, was der Theaterzettel
2216 2733 3085 2785 Unter den diesjährigen Weihnachtsneu¬
372 2742 1255 2788 des Direktors des Bühnenvereins, des immer sehr
1278 2746 2165 2793 versprach. Dann aber machte er einen noch ideelle¬
2195 2772 3084 2827 heiten ist eine, die von diesem System abweicht,
376 2778 1259 2828 geschickten Rechtsanwalts Arthur Wolff, dem
1290 2785 2168 2831 ren, gar nicht uninteressanten Standnunkt geltend.
2199 2811 3073 2861 indem sie ihre „Sensation“ ganz auf litevarischem
383 2813 1264 2865 Direktor Haller den Vorsitz abtrat, wurde zwischen
1280 2823 2165 2869 Er meinte nämlich, daß auch die beiden ersten
2195 2852 3073 2903 Gebiete sucht. Es ist die Novität des Kleinen
368 2858 1255 2909 Bühnenverein und Genossenschaft ein Tarif¬
1287 2855 2168 2902 Kräfte, die als Rest geblieben waren, ihre Künst¬
2193 2894 3083 2944 Schauspielhauses, die wir heute abend erleben
366 2886 1263 2934 abkommen getroffen, grund dessen die Min¬
1280 2894 2161 2941 lerschaft im Zusammenspiel mit minderwertigen
2196 2932 3074 2986 sollen. Arthur Schnitzlers „Reigen“. Daß
375 2929 1251 2983 destgage für Mitglieder, die mindestens drei
1288 2935 2162 2988 Kräften nicht so entfalten konnten, wie es bei
2193 2973 3080 3012 man diese heiklen Szenen, ursprünglich nur als
378 2972 1265 3011 Jahre dem Theater angehören, vierzehnhundert
1285 2979 2161 3017 erstklassigen Gegenspielern der Fall gewesen wäre,
2194 3008 3090 3054 Buchdrama geschrieben, je aufführen könnte, hat
384 3010 1264 3057 Mark monatlich beträgt. Davon sind tausend Mark
1298 3012 2159 3059 omit die ganze Vorstellung also, verstehe ich ihn recht
2186 3045 3076 3093 man vor dem Umsturz wohl kaum für möglich ge¬
377 3045 1266 3095 richtige Gage, während die vierhundert Mark eine
1289 3055 2167 3094 aus dem Leim gegangen wäre. Die Theater¬
1279 3076 3113 3155 direktion hat sich, indem sie sich in Stillschweigen halten. Und doch geschah es schon einmal, in grauer
379 3090 1274 3136 „Aufwandsentschädigung“ bilden. Dazu kommen
3089 1259 3338 1334 Vorzeit. De
3097 1314 3351 1385 dramatisch
3095 1359 3313 1412 bereits vor
3095 1389 3345 1454 Rahmen einer
3096 1437 3346 1487 unter der Obl
3096 1470 3355 1523 Leiter der Auf
3089 1509 3357 1561 dent, der heute
3103 1550 3338 1602 Georg Alt
3095 1587 3329 1639 seiner Regie
3093 1622 3345 1686 genannten Sz
3093 1665 3334 1717 trud Ehsoldt
3099 1700 3314 1754 Theater der
3105 1741 3329 1792 braucht nicht
3110 1780 3336 1832 Altmann und
3105 1820 3341 1869 beinahe relegi
3096 1857 3342 1908 tung selber ab
3095 1897 3344 1948 Die einzige Ei
3101 1971 3352 2019 Eintrittskarten
3101 2015 3353 2062 verkaufen lass
3096 2050 3346 2105 der jungen S
3104 2088 3346 2143 sorgten für Ak
3099 2123 3351 2181 heute bei öff
3104 2162 3323 2218 Theaterleiter
3107 2211 3313 2257 schaltet und
3097 2241 3349 2296 „hilft“, ist ja a
3097 2282 3355 2334 kommt es eher
3098 2320 3354 2377 nun einmal de
3098 2361 3357 2411 ist. . Und o
3100 2399 3347 2461 mehr denn je,
3097 2436 3319 2503 zum Teufel.
