3444 4320
271 156 391 247 11
463 153 782 247 Reigen
987 146 1388 240 box 17/5
2404 1052 2605 1120 Samstag
1612 1055 1780 1114 Seite 8
2280 1036 2345 1133 7
1555 1118 2780 1180 war in Budapest ihr größter Lustspielerfolg. Sie spielte da eine
1562 1169 2781 1236 Kokotte, die im zweiten ein unschuldiges achtzehnjähriges
1563 1221 2786 1287 Mädchen ist. Leute, die die Fedak in dieser Rolle gesehen, be¬
1573 1261 2791 1332 haupten, kein Mensch vermutete, daß sie achtzehn sei. Sie hätte
1563 1319 2782 1374 wie höchstens sechzehn ausgesehen. Die am meisten beliebte Nuance
1571 1366 2779 1431 in diesem Stück war eine Bewegung nach den Strumpfbändern, die ihr
1567 1408 2777 1472 immer zu rutschen drohten. Sie soll das fabelhaft gemacht haben
1576 1455 2793 1524 Hoffentlich kommen die Wiener dazu, über die Fedak auch einmal
1577 1517 2347 1573 in einem Prosaschwank herzlich zu lachen.
1681 1553 2798 1619 Nicht in allen Theatern Wiens wird so gespielt, wie in
1573 1600 2786 1657 einem Wiener Theater gespielt werden sollte. Diese Tatsache gab
1574 1650 2783 1708 dem witzigsten Direktor Wiens Anlaß zu folgender Bemerkung:
1703 1705 2799 1775 „Das X-Theater ist die akustischeste Bühne Wiens. Man
1577 1752 2396 1815 hört dort, wie in St. Pölten gespielt wird.
1709 1860 2659 1944 Richard Strauß' „Josefslegende“.
1957 1937 2445 1996 Die Premiere in Berlin.
1836 1996 2557 2057 (Privattelegramm des „Neuen Wiener Journals“.)
2284 2035 2753 2118 Berlin, 4. Februar.
1698 2093 2802 2164 Werke, heißt es, haben ihr Schicksal. Aber sie erzähler
1573 2156 2554 2222 auch ausnahmsweise einmal vom Schicksal der Welt.
1695 2187 2805 2266 Im Mai 1914 wurde zu Paris die „Josefslegende“ urauf
2719 2249 2799 2301 Dat
1585 2257 2716 2319 geführt. Das Barometer zeigte auf Völkerverbrüderung.
1594 2293 2797 2359 russische Ballett, die erfreulichste Blüte imperialistischer Kunst
1589 2331 2790 2414 hatte mit seiner Farbenpracht die internationale Kunstwelt betäub
1587 2401 2789 2475 und scheinbar den Bund im Osten und Westen Europas, noc
1587 2432 2793 2506 fester geknüpft. Der Russe Igor Stravinsky hatte östliche
1588 2486 2786 2546 Rhythmus und westlichen Impressionismus durch sein Temperamer
1588 2534 2791 2600 durchgehen lassen. Warum sollte nicht auch von Mitteleurope
1588 2583 2786 2640 von Deutschland her, in diesem Zeichen geschossen werden
1591 2633 2778 2701 Warum sollte nicht der unbestrittene Meister Richard Strauß de
1595 2677 2792 2750 europäischen Ring schließen, den Geist des Balletts in seiner A.
1597 2734 1826 2809 anssprechen?
1703 2756 2787 2836 Der Verlag Fürstner hatte eine Zweigstelle in Paris. D
1602 2821 2784 2891 „Josefslegende“ also führte wohl zum erstenmal die deutsche ur
1591 2870 2781 2934 die übrige Kunstwelt in Paris zusammen. Zum ersten und vo
1600 2911 2778 2977 läufig zum letztenmal. Dieses Werk ist Symbol einer Zeit u
1603 2970 2777 3035 des Umschwungs geworden. Es hat seinen Flug durch die W
1598 3022 2778 3081 von Paris aus nicht antreten können. Und nun, wo das Bas
1602 3062 2747 3124 meter noch immer auf Spannung und Bewegung zeigt, rafft
1604 3097 2782 3174 sich, scheinbar vergessen, auf und versucht sein neues Schickse
2710 3150 2774 3208 2
1724 3161 2708 3215 Auch den nicht Bibelfesten ist der Vorfall bekannt:
1601 3200 2775 3263 lüsterne Frau Potiphar und der keusche Josef sind sprichwörtl
1603 3259 2779 3314 geworden. Aber über diese Handlung soll der Moderne nicht me¬
1602 3285 2790 3357 lächeln. Hugo v. Hoffmannsthal und Harry Graf Keßler sil
1595 3348 2791 3412 feinschmeckerisch genug, den Kern mit allerlei Beiwerk zu ur
1609 3391 2796 3458 hüllen. Die Handlung soll sich verlängern und spannend werdet
1606 3438 2780 3507 Eine Grundbeziehung zwischen Mann und Weib, so sagt Strau
1598 3483 2795 3547 erklärend selbst, soll dargestellt werden. Das hochstehende We
1612 3535 2788 3598 will den genialen Mann besitzen und geht an dieser Unmöglichke
1599 3582 2805 3657 zugrunde. Dieses Werk in Ehren. Aber sehen wir den
1607 3640 2802 3697 nicht, wie älteres Straußisches in neuer Formulierun
1608 3674 2801 3738 auftaucht? Potiphars Weib steht zu Josef wie etwa Salom
1602 3721 2811 3788 zu Jochanaan. Das Erglühen eines Heiligen in seine
1609 3769 2807 3838 fanatisch göttlichen Liebe reizt die wollüstige Frau. All
1612 3815 2813 3883 Schattierungen der Sinnlichkeit, die sich in den vorangehende
1611 3869 2804 3931 Tänzen enthüllt, lassen sie kalt. Erst als ein dem Heiligen
1609 3911 2807 3972 dem Ideal hingegebener, der Weltlust völler Abgewandter sich in
2751 3959 2820 4021 d
1612 3960 2752 4030 dem finnlichem Charakter des Tanzes zu Gott hin auskast,
1610 4006 2823 4077 kocht auch in ihr die Wollust auf. Nur das Ergebnis ist ein
1619 4056 2808 4125 anderes. Wenn aber Josef schließlich von Engeln geleitet in
1609 4092 2829 4166 reinere Sphären entschwebt, dann ist miplötzlich das Uebersinnlich
