3532 4224
417 131 526 242 11
595 130 923 245 Reigen
1116 133 1523 241 box 18/2
1690 326 3349 394 Darstellung hier nicht ins Unschickliche oder ins Tierischtriebhafte entgleiten zu lassen,
1692 384 3348 451 wird durch gelungene Zurückhaltung und Zügelung alles Gemeinen vorbildlich
1689 443 3350 513 gelöst. Im vierten Bilde geht die Erörterung des Ausbleibens der Geschlechtslust
1697 501 3352 571 mit aller Sachlichkeit und Nüchternheit vor sich. Die Erörterung des Ehebruchs im
1691 555 3348 629 fünften Bilde erscheint notwendig, um das seelische Erleben der jungen Frau hin¬
1680 614 3343 682 sichtlich des Ehebruchs, ihre Abenteuerlust, ihre Begehrlichkeit, ihre innere Zwie¬
1692 679 2679 751 spältigkeit und Unruhe ins rechte Licht zu rücken.
1806 738 3352 806 Die körperliche Vereinigung sollte stets lediglich der natürliche Ausfluß
1685 794 3343 858 innigster seelischer Gemeinschaft sein. Ein Verfall dieser Auffassung hat leider
1694 855 3347 920 in weitesten Schichten Platz gegriffen. Diesen Kreisen wird durch diese Aufführung
1694 908 3359 978 die ganze Jämmerlichkeit des in ihrer Mitte mehr und mehr einreißenden sittlichen
1688 968 3342 1047 Tiefstandes nachdrücklichst vorgeführt. Es wird gezeigt, wie gedankenlos und
1683 1027 3350 1093 würdelos durch einen unedlen und unvollkommenen Genuß des Augenblicks zu
1688 1083 3348 1147 Boden getreten wird, was der Menschheit das Heiligste sein sollte. Die Wieder¬
1694 1135 3343 1207 holung der nämlichen Redewendung seitens der nämlichen Person bei zwei ver¬
1688 1204 3355 1267 schiedenartigen Anlässen und die Wiederkehr solcher Wendungen bei verschiedenen
1694 1258 3354 1317 Personen in ähnlicher Lage, kennzeichnen treffend jeden Mangel an Eigenart und
1695 1317 3351 1395 Selbstständigkeit, auf dem der geringe Persönlichkeitswert des Durchschnittsmenschen
1696 1372 3336 1448 unserer Zeit beruht. Diese Entwürdigung des Geschlechtsverkehrs zur Alltäglichkeit,
1689 1443 3348 1505 zur Laune, zum Leichtsinn, zum Abentener, dies Fehlen jeder großen, tiefen,
1698 1502 3354 1587 sittlich begründeten echten, edlen Leidenschaft wirken erschütternd, weil sie auf
1689 1551 2313 1621 richtiger Beobachtung beruhen.
1805 1604 3347 1675 Inmitten der einzelnen Bilder, wenn zur Andeutung der sich vollziehenden
1691 1668 3355 1737 Vereinigung der Vorhang auf wenige Sekunden sich schließt, und zwischen den
1696 1727 3341 1795 einzelnen Bildern ertönt eine Musik von Celesta und Cello oder Geige und Flöte.
1691 1794 3352 1852 Diese Musik lehnt sich an keine Kunstform an und ist dazu bestimmt, mit ihren
1685 1852 3349 1922 erotischen Phrasen die Stimmung festzuhalten, die in dem Augenblick herrscht, in
1691 1912 2905 1972 dem der Vorhang den Fortgang der Handlung verhüllen soll.
1803 1954 3351 2034 Die Wirkung der Aufführung soll nach der erklärten Absicht der Direktion
1695 2019 3350 2111 gipfeln in der Erzielung eines sittliche Ekels ver dem Diefstandder Haliung
1687 2083 3346 2153 weitester Bevölkerungsschichten auf dem Gebiete des Geschlechtslebens. Auf diesen
1688 2139 3354 2205 Erfolg ist jede Einzelheit berechnet. Dieser Erfolg wird bei jedem reifen,
1689 2203 3340 2265 gebildeten Zaschauer auch erzielt. Vor allem beruht diese Wirkung auf
1691 2257 3345 2322 der ernsten Hingabe der Direktion an ihre Aufgabe und auf ihrer überlegenen
1690 2316 2669 2391 Kenntnis der Wirkung der szenischen Darstellung.
1745 2423 3287 2521 So bedeutet diese Aufführung eine sittliche Tat.
1803 2542 3347 2625 Es besteht zwar die Gefahr, daß der Reigen auf unreife oder unzureichend
1683 2622 3345 2696 gebildete oder schlecht erzogene oder sittlich verdorbene Menschen einen Einfluß dahin
1686 2685 3351 2751 ausübt, daß sie sich auf die hier gegeißelte Auffassung von der Bedeutung des
1694 2733 3351 2811 Geschlechtslebens einstellen. Doch kann jedes Kunstwerk welches eine Andeutung
1688 2796 3351 2868 des geschlechtlichen auch nur zuläßt, auf diese mißbräuchliche Weise aufgenommen
1685 2859 3350 2921 werden. Ferner wird die Meinung vertreten, die Erörterung solcher Dinge auf
1682 2914 2747 3007 der Bühne sei an sich in sittlicher Hinsicht anstößig.
2097 2989 2940 3105 Diese Meinung ist unzutreffend.
1815 3079 3338 3170 Vielmehr kann es für die Aufhaltung des sittlichen Verfalles nur för¬
1683 3153 3346 3236 derlich sein, diese Dinge so zurückhaltend und sachlich und zugleich so deutlich und
1689 3221 3254 3299 rücksichtslos, aufzudecken und zur Erörterung zu stellen, wie es hier geschieht.
1816 3261 3351 3357 Aus diesen Gründen hat das Gericht die Ueberzengung gewonnen, daß
1676 3336 3183 3394 durch die Aufführung von Schnitzlers Reigen in sittlicher Beziehung
1800 3400 3230 3495 bei dem geistig und moralisch gesunden Menschen
2158 3503 2869 3601 kein Anstoß erregt wird.
2229 3739 2818 3811 Buchoruckerw Wilh. Joh. Rother Nachh, Bertin 6. 54.
