3336 4416
142 666 183 722 e
138 844 183 908 i
147 959 192 1016 Jof
138 1009 204 1088 an
121 1076 195 1178 1
2845 574 3102 647 Einzelpreis:
1195 537 1814 678 Morgenblatt.
2748 606 2980 659 An Wochentagen
2741 618 3203 712 An Sonn= u. Feiertagen K 2.—
2767 697 3174 777 Monatsbezugspreise
2731 752 3212 824 für „Reichspost“ und „Wiener¬
2888 790 3050 842 Stimmen“:
2730 820 3028 892 Jugoslawien
3028 832 3201 888 Dinar 10.—
2747 876 3196 919 olen poln. Mark 44.—
2735 910 2853 956 Italien
2850 917 3188 974 Stre #.
2737 946 2910 1016 Deutschland
2912 951 3197 1010 Mark 10.—
2735 986 3198 1039 Schweiz .. Schw. Frl. 1.50
2732 1029 3187 1083 Frankreich .. Franz. Frk. 4.—
2729 1068 3122 1125 Lolland Holländ. Gulden
3132 1077 3194 1122 1.—
2729 1106 2856 1173 Amerika
2878 1105 3133 1172 jährl. Dollar
2735 1161 2881 1215 Redaktie
2883 1155 3196 1221 Verwaltung, An¬
2398 1172 2539 1279 *
2733 1200 3189 1274 zeigenannchme u. Drucker##
2736 1250 3185 1329 Wien, VIII., Strozzigasse Nr. 8
2731 1299 2934 1380 Fernsprecher
2952 1309 3055 1366 13870,
3096 1298 3206 1372 18082,
2719 1357 2820 1393 22641.
2908 1352 3194 1406 Postspockassenkonto:
2718 1370 3151 1437 Oesterreich 30·156, Ungarn
3158 1393 3194 1434 3,
2750 1417 3173 1478 Bosnien=Herzegowina 7744.
774 1389 2175 1490 Anabhängiges Tagblatt für das christliche Volk.
831 1525 2096 1626 Wien, Samstag, den 12. Februar 1921
2594 1538 3129 1637 XXVIII. Jahrgang
902 1710 2031 1791 Wiens und der jungen österreichischen Verfassung zu
2066 1710 3200 1815 tarier, die schwer um des Lebens Notdurft ringenden
202 1692 858 1839 um die Latrine.
893 1778 2032 1843 kurz kommen — die Hauptsache ist, daß Herr Reumann
2055 1776 3194 1849 Männer und Frauen, an der Aufführung dieses Schau¬
441 1806 839 1889 Wien, 11. Februar.
909 1828 2037 1902 für einige Tage den Ruhm hat, sein bewährtes System
2063 1841 3192 1899 und Zugstückes ganz uninteressiert sind und sich wahr¬
132 1849 865 1942 niserium des Innern hat die wei¬
901 1884 2026 1943 der Stadtverunreinigung auch auf das Literarische über¬
2069 1879 3197 1954 scheinlich mit Ekel und Zorn von der Darbietung ab¬
165 1924 854 1991 Schnitzlers „Reigen“ in den Kam¬
892 1933 2026 1993 tragen zu haben, und Direktor Bernau weiter seine
2064 1936 3200 2001 wenden würden, in der die Nöt ihrer hungernden Kinder
151 1969 863 2032 Als oberste Polizeibehörde hat es
903 1976 1850 2033 Ueberpreise für Schweinernes einheimsen kann.
2064 1979 3193 2053 als Vorwand für die Aufpeitschung der perversen Empfin¬
136 2011 868 2078 welfelhaft zustehenden gesetzlichen
2064 2031 3203 2077 dungen von ein paar Schiebern und schmuckbehangenen
935 2027 2019 2102 Bürgermeister Reumann hat heute im Wiener Ge¬
143 2066 203 2127 tad
209 2071 864 2131 k. Maßgebend für das Vorgehen
2064 2074 3194 2147 Weibern verwendet wurde, sie geben es ohne weiteres zu,
894 2085 2026 2137 meinderate den Standpunkt eingenommen, auch er ver¬
140 2117 200 2175 er
203 2111 851 2187 Bürgermeister das Verbot der
2060 2120 3192 2180 daß nach dem Urteil Sach= und Kunsiverständiger der
903 2131 2023 2198 urteile moralisch das umstritteneStück, doch er bestehe auf
224 2163 849 2229 als erste Instanz aufhebend
2062 2171 3190 2244 innere künstlerische Wert des Reigens keineswegs die un¬
895 2177 2027 2244 seinem Rechte, als verfassungsmäßige letzte Instanz in
242 2203 852 2276 gegenüber taub geblieben war
2070 2233 3181 2286 zeheuerliche Schamlosigkeit rechtfertigt, mit der das
894 2233 2013 2289 Theatersachen zu entscheiden. Wenn es nur verfassungs¬
219 2252 856 2327 der Aufführung des schmutzigen
2064 2271 3181 2344 schwerste und dunkelste Geheimnis alles Menschlichen auf
897 2283 2016 2333 mäßige Gründe sind, die ihn abhielten, seiner Verurtei¬
228 2306 856 2368 hatte. Inzwischen hatten sich
2056 2321 2801 2380 offener Bühne prostituiert wird.
2847 2321 3194 2381 Und dennoch
900 2331 2021 2392 ung des Stückes praktischen Ausdruck zu geben, warum
214 2356 756 2410 eaus der Bevölkerung bei
774 2359 852 2414 der
2062 2362 3184 2433 gelten ihnen nichts die höchsten Interessen des
895 2375 2012 2437 hob er das Verbot der ihm unterstellten Wiener Polizei¬
247 2397 844 2457 ekelerregende Aergernis, und
2055 2422 3193 2489 Volkes, die Voraussetzung zum inneren Wiederaufbau
886 2427 2013 2487 direktion, mit dem die Affäre anfing, auf? Er hätte es in
196 2426 847 2512 Rufes der alten Kunststadt
2053 2465 3195 2525 und zur inneren Gesundung, das Bekenntnis zu einer
881 2472 2020 2529 der Hand gehabt, diesen Skandal, den er kommen sehen
216 2495 751 2564 Regierung mußte deshalb
750 2500 850 2555 das
2055 2506 3188 2582 sittlichen Gesellschaftsauffassung der ohnehin so schwer
888 2523 1989 2587 mußie, namentlich nach den Erfahrungen von Münche
217 2542 785 2615 Innern als orerste Instanz
797 2547 851 2607 in
2061 2559 3192 2646 geschüdigte Ruf und die Ehre dieser ihrer Verwaltung
889 2577 2010 2638 und Berlin, in der Wurzel zu ersticken. Er ließ es darauf
217 2597 847 2654 lassen. Nun ptäubt sich Landes¬
2062 2597 2686 2677 und Obhut anvertrauten Stadt.
890 2628 2021 2687 ankommen. Er und niemand anderer veranstaltete mit
214 2649 838 2710 em nach der neuen Bundesver¬
2151 2634 3179 2715 Die bobenständige christliche Bevölkerung wird es
900 2669 2012 2729 einer Aufhebung des bereits erfolgten polizeilichen
259 2691 457 2760 er polizei
455 2690 749 2756 ichen Gewait
2048 2679 3181 2770 ihnen nie vergessen, daß sie eines politischen Machtkitzels
886 2714 1864 2769 Verbotes eine Machtprobe, ob seine Gewalt
1915 2722 2007 2781 aus¬
298 2737 853 2810 Verbot des Bundesministe¬
2048 2746 3177 2819 willen hohe geistige Güter der frechen Willkür fremd¬
889 2771 2023 2849 reiche, selbst eine solche Herausforderung der anständigen
244 2789 349 2853 ngen
347 2784 856 2852 zu lassen und ermuntert
2045 2796 3174 2867 rassiger Theatermacher preisgeben, daß Bernau, Schnitzler
887 2809 1411 2876 Bevölkerung durchzusetzen.
349 2839 841 2907 dem Verbote der Regie¬
2047 2850 3169 2916 und ihr Publikum sich gegenüber der Volksregierung,
975 2874 2016 2941 Es entbehrt nicht eines gewissen, pikanten Reizes,
306 2874 498 2954 leisten.
260 2894 311 2942 zu
499 2882 844 2947 So fordert die
2055 2893 3184 2950 gegenüber dem Willen des wirklichen Volkes als Herren
880 2912 2014 2984 wenn wir angesichts dieser Tatsachen die Gracchen wie¬
222 2933 322 2992 chaut
363 2925 853 3000 ein sozialbemokratisches
2052 2948 3180 3016 aufzuspielen wagen dürfen, daß angebliche Volksvertreter
896 2965 2011 3023 er einmal über Aufstand klagen hören, wenn dieselben
322 2966 733 3040 rhirektor, der an
736 2982 843 3040 dem
215 2978 322 3060 heate
2053 2999 3180 3050 offenkundigen Schmutz, der den Titel der Kunst
889 3019 2008 3083 Leute über Verfassungsbruch Zeter und Mordio schreien,
424 3022 845 3096 Gaffer schmunzelnd
2059 3044 3184 3097 usurpirt, mit politischen Advokatenkniffen drapieren.
887 3065 2016 3125 die hier selbst die Verfassung herabwürdigen und in den
374 3064 842 3145 die Republik und ihre
159 3072 356 3144 d
2145 3082 3184 3138 Der widerliche „Reigen“=Rummel hat das wahre
878 3117 2007 3178 Uebergriffen ihrer Arbeiterräte, in versuchten und wirk¬
150 3130 203 3178 in
226 3125 342 3184 in sie
363 3118 853 3179 Schranken. Denn höher
2055 3131 3178 3210 Gesicht marxiftischer Kulturkämpferei enthüllt. In einer
885 3161 2010 3216 lich erfolgten Eingriffen in Schulfragen und Koalitions¬
229 3174 847 3236 östverstandlich das für höchste
2048 3173 3180 3267 Zeit bitterster Not des Volkes retten sie für die Hun¬
891 3212 2017 3282 freiheit gegenüber der Verfassung und den Rechten
221 3227 258 3271 1
270 3210 804 3292 der Schieber iüf die Zote.
2041 3224 2897 3314 gernden und Darbenden den — „Reigen“.
885 3258 1775 3326 des Staates reichlich das Ihre getan haben.
147 3267 204 3331 chw
214 3254 842 3343 khalt. Der Reigen um die
149 3315 215 3369 wei
218 3313 843 3389 ter dauern. Der sozialistische
975 3310 2016 3386 Bis zur Entscheidung des Verfassungsgerichtshofes
2056 3317 2236 3439 Die 2
224 3365 844 3442 es geschworen, mit seinen
2646 3338 3145 3434 m Nationalrat.
133 3368 188 3428 sat
885 3358 2007 3428 wird es also der Firma Reumann und Bernau möglich
141 3415 193 3478 zu
227 3413 840 3479 örgen, daß die schmutzigen
887 3412 2007 3469 sein, den Theaterschmutz und die Herabwürdigung der
2130 3404 2452 3496 Die Tagesörhy##
2616 3406 3171 3502 dercheütigen Sitzung des
153 3459 204 3511 R
207 3449 841 3531 lichen nicht gestört werden. Da
876 3462 2010 3527 Kunst weiter zu kultivieren. Dies umso leichter, als die
2043 3468 3185 3558 Nationalrates vortag, nahrte sich kärglsch von einigen
211 3505 843 3577 des Bundes in Polizeisachen
877 3509 2007 3564 Masse der politischen Anhänger des Herrn Reumann be¬
2040 3514 3169 3583 Vorlagen geringerer Bedeut## nd bohne Konfliktstoff
134 3559 186 3617 hn
221 3555 841 3621 nvertraut ist, so hat er es in
885 3557 2003 3613 stimmt nicht in die Lage kommen wird, sich aus eigener
2047 3573 3174 3641 und ließ daher einen glatten, reibungslosen Verlauf der
215 3606 835 3671 auf einen Rechtskonflikt an¬
877 3609 2009 3661 Anschauung ein Urteil darüber zu bilden, mit welchem
2044 3616 3169 3677 Sitzung erwarten. Die einzelnen, Punkte wurden denn
217 3645 842 3723 er Anordnung der Bundes¬
876 3658 2008 3705 Rechte das Oberhaupt von Wien sich schützend vor dieses
2046 3668 3173 3716 auch rasch und ohne Debatte erledigt. Aber knapp vor
244 3697 834 3768 zu verweigern. An der Re¬
887 3703 1995 3757 Drama der obszönen Enthüllungen stellt, die für eine
2044 3717 3174 3775 dem allgemein erwarteten Schluß der Sitzung zuckte
145 3750 201 3816 sei
871 3754 2006 3815 kleine Schar von jenen sittenlosen Genießern reserviert
225 3752 842 3803 den seine Pflicht verletzenden
2049 3759 3169 3809 wieder einmal der vielberufene Blitz aus heiterem
223 3800 836 3873 en Verfassungsgerichtshof zur
878 3803 1998 3863 sind, deren übersättigte und abgestorbene Instinkte durch
2064 3803 3174 3874 immel nieder und die vorgesehene Tägesordnung be¬
134 3838 840 3913 jehet. Es ist das Verdienst des
884 3851 2002 3909 die zehn Reigendialoge einen neuen Kitzel erfahren.
2046 3836 3160 3918 kam Nachspiel wie die alten griechischen Tragödien,
133 3888 833 3962 Reimann, aus einer Schmutz¬
874 3893 2010 3959 Mit einer bemerkenswerten Offenheit räumen die
2044 3904 3173 3953 ein Satyrspiel, in dem eine Hauptrolle zu spielen nicht
141 3939 825 4010 isch Haupt= und Staatsaktion ge¬
879 3946 2006 4010 sozialdemokratischen Führer in der heutigen Sitzung der
2043 3952 3163 4008 einmal der frühere Präsident Seitz sich scheute. Das
125 3982 833 4057 g iabei immerhin das Ansehen
869 3997 2007 4045 Nationalversammlung ein, zu wissen, daß die Prole¬
2035 3998 3167 4054 hatte das Bekanntwerden des Verbotes der „Reigen“=
877 4099 2005 4150 Damen Lefler, Rutschka, Herr Boruttan, der
2116 4100 3167 4157 Die Tittel=Sinfoniekonzerte beginnen allmählich
155 4096 674 4202 und Chorkonzerte.
871 4145 2002 4198 Chor der Wiener Oratorienvereinigung in
2032 4125 3166 4210 ein Faktor im Wiener Musikleben zu werden und sich durch
139 4183 836 4247 ngser. — Arbeiter=Sinfonie¬
867 4196 2003 4247 gesanglicher, die Herren Sennenberg (Flöte), Stieg¬
2045 4193 3168 4247 das ernste Streben und die unermüdliche Arbeitskraft des
1746 4234 1819 4261 L
298 4230 454 4287 P
