3392 4384
344 205 472 291 11.
1034 202 1462 300 box 17//2
529 208 848 308 Reigen
701 863 1173 935 6. Seito. Nv. 272.
1115 957 1408 1029 Ein Reigen.
1233 1014 1294 1066 II.
728 1056 1847 1117 Der Reigen um Schnitzlers Reigen geht weiter. Nur ist er aus
648 1102 1848 1161 den lichten Höhen staatsmännischen Kalkuls, parlamentarischer Bered¬
658 1153 1840 1212 samkeit und disziplinarischer Bedenklichkeit herabgeschwebt in die
659 1190 1841 1261 staubigen Niederungen eines Zeitungs=Schuhplattlers. Atta Troll
895 1291 1494 1386 Lraghendin berangenden Hochbrut.
730 1358 1845 1426 Und schon hat auch die Rauferei begonnen. Oder ist es eine
656 1426 1844 1479 regelrechte Fußballpartie? Die erhitzten Kämpfer schleudern sich den
656 1477 1842 1529 Ball mit Eifer an die Köpfe, bald ist er in einem, bald im andern
656 1514 1431 1576 Lager. Noch wogt der Kampf hin und her.
741 1543 1845 1617 Denunziation heißt der Ball. Die Spieler aber sind: Bayerischer
659 1610 1844 1672 Kurier, Augsburger Postzeitung und Gefolge und als einziger Gegen¬
649 1668 1844 1718 part die Allgemeine Zeitung, deren „Liberalismus“ ich immer noch in
657 1707 1849 1776 Gänsefüßchen setze, freilich nicht in „sittlich empörte“, wie sie bescheiden
659 1757 1360 1815 meint, sondern in politisch hohnlachende.
729 1802 1852 1868 Jetzt, da die Folgen der Verhetzung zutage treten, will niemand
664 1855 1844 1925 mehr die Verantwortung dafür übernehmen. „Zweck des Artikels
707 1904 1843 1973 nämlich dessen, auf die sich das Ministerium bezog — war ledig¬
659 1942 1854 2009 lich, mit beizutragen, daß solche Dinge nicht mehr vorkommen. Wenn
652 2001 1848 2061 das Ministerium aber weitergehen und das Kind mit dem Bade
655 2049 1849 2106 ausschütten sollte, so müssen aber schließlich auch wir das
661 2088 1843 2154 bedauern, wir müssen aber entschieden verlangen, daß man das
651 2131 1845 2200 Verdienst jenem Blatte beläßt, dem es gebührt — der Münch. Allg.
661 2191 1849 2254 Zeitung.“ Also das Bayer. Vaterland. Die Wahrheit, zumal die des
659 2244 1842 2301 Herrn Dr. Kausen — des zweiten Kronzeugen der offiziellen An
664 2280 1849 2356 klage — ist so selten, daß ich sie noch nicht zu Gesicht bekam. Halten
670 2328 1857 2393 wir uns also an die offiziellen Zentrumsblätter. Der Bayer. Kurier
657 2378 1857 2450 bläst gar sänftiglich in seine Schalmei, verweist aber um so geflissent¬
663 2427 1849 2492 licher auf die Allg. Ztg. als die erste und letzte Ursache der ganzen
660 2477 1853 2533 Verwickelung. Der Eifer ist so groß, daß Bedenken in mir aufsteigen
659 2525 1860 2590 über diese absonderliche Schicksalsfügung, daß Herr Kausen nicht
663 2586 1855 2649 minder als Herr Schädler, als sie die Polizei als letztes Rettungs¬
667 2637 1811 2690 mittel alarmierten, sich ausdrücklich auf die Allg. Ztg. bezogen
658 2668 1852 2729 und das Ministerium das ihm doch sonst sympathische Organ ganz
666 2727 1860 2785 zu zitieren vergaß. Ein merkwürdiger Fall von Undankbarkeit. Die
666 2773 1515 2846 Augsb. Postzeitung endlich stellt frohlockend fest:
744 2821 1866 2875 „Die Oeffentlichkeit hat erst durch die liberale Allgemeine Zeitung
665 2858 1856 2910 von den „Sauspielen“ des Akademisch=dramatischen Vereins erfahren.
664 2904 1862 2957 Im Juliheft der „Wahrheit“ wurde mit Genugtuung darauf hinge¬
660 2939 1867 2991 wiesen, daß wir einem Blatte, das wir sonst zu unseren Gegnern
669 2976 1863 3033 zählen, in Fragen der öffentlichen Sittlichkeit auf Pfaden begegnen,
669 3008 1857 3064 auf denen der natürliche Anstand und die christliche Sitte gedeihen.
674 3056 1866 3106 Die liberale Allgemeine Zeitung hat sich damals ein wirkliches Ver¬
668 3098 1865 3144 dienst dadurch erworben, daß sie in einen wahren Augiasstall studen¬
663 3132 1231 3188 tischer Entartung hineinleuchtete.
744 3179 1872 3230 Besonders erfreulich ist dabei die seltsame Hervorhebung des gar
668 3214 1865 3279 nicht bestrichelten Liberalismns der Allg. Ztg. Es gibt also doch
665 3278 1860 3330 noch Leute, die daran zu glauben scheinen. Selbstlos überläßt dann
666 3321 1873 3378 die Postzeitung den Vorrang im Verdienst der teuren Kollegin mit
666 3372 1873 3421 den Worten: „Andere mögen sich gerne mit fremden Federn schmücken
669 3422 1860 3473 wollen. Wir gehören nicht zu dieser Sorte, und bitten deshalb, die Ehre
666 3455 1870 3541 zu geben, dem Ehre gebührt.“ Indes ziert sich in einem
663 3505 1871 3576 „Falsche Catonen“ überschriebenen Artikel die Allgemeine geschämig,
661 3564 1864 3621 dies von erhabener Uneigennützigkeit eingegebene Lob sich an den Hut
664 3617 1864 3676 zu stecken, und folgt ihren edlen Eingebungen einer erprobten Be¬
671 3654 1866 3716 schwichtigungs=Hofrätin. „Ist die Maßregelung des akademisch¬
664 3699 1863 3756 dramatischen Vereins so erfolgt, wie da mitgeteilt wird, dann würden
676 3753 1865 3811 wir das nicht billigen.... Die Verirrungen vergangener Semester
667 3804 1868 3861 darf eine in einem neuen Semester aus neuen Mitgliedern sich zu¬
677 3841 1863 3914 sammensetzende Korporation nicht büßen. Es würde daher eine hin¬
671 3888 1864 3949 reichende Pflichterfüllung der Kultusverwaltung und der Akademischen
672 3950 1866 4000 Behörden gewesen sein, wenn sie sich zu Beginn des Semesters ver¬
671 3988 1862 4062 gewissert hätten, daß derartige Entgleisungen... sich nicht wiederholen.“
749 4034 1861 4107 Es scheint so beinahe alles in Ordnung zu sein. Niemand will
667 4095 1865 4143 denunziert, niemand gehetzt haben. Milde trieft von allen Lippen.
675 4129 1864 4197 Hoffen wir, daß auch der akademische Senat sich erweichen lassen wird,
688 4190 1870 4246 Pengsbir uns des tiefen Abscheues vor der literarischen Denun¬
1893 3723 1947 3802 8
1893 3973 1940 4023 S
1900 4054 1943 4102 W
1903 4107 1950 4146 10
1903 4138 1951 4191 sch
2277 854 2698 927 Münchener Post.
1872 940 3072 992 in dem bekannten Tone, worin alle Pfaffen aller Konfessionen sich zu
1870 981 3067 1042 übertrumpfen suchen. Die banalste Ueberlegung hätte dem polternden
1878 1039 3064 1099 Herrn sagen müssen, daß der Künstler nicht verantwortlich ist für
1873 1082 3068 1144 die Dinge, die er schildert, daß die „Literatur und Poesie nicht die
1875 1138 3061 1194 Zustände erzeugen, sondern aus denselben hervorgehen“, was schon
1874 1176 3060 1239 Immermann wußte. Postkarten, Tingeltangel u. s. w. müssen alle
1869 1230 3067 1287 herhalten, um zu beweisen, „daß sich eine Art geistige Syphilis ver¬
2093 1278 3072 1335 und der Schmutz zum Himmel stinkt.“ Offenbar hat
1868 1282 2052 1345 breitet ..
1871 1320 3071 1383 Schnitzler diese Dinge alle erfunden, um sie schließlich durch den Reigen
1871 1372 3066 1433 zu bekrönen. Daß ein lateinisches Zitat aus Tacitus' Germania bei
1873 1427 3068 1483 einem akademisch gebildeteten Kritiker nicht fehlen konnte, war voraus¬
1871 1466 2290 1537 zusehen. Zum Beweise,
2052 1512 2711 1584 „daß auch er auf jener Bank gesessen,
2043 1560 2850 1628 wo man vieles lernt, um vieles zu vergessen“.
1953 1614 3060 1667 Doch genug. Wenn der Spießer, der auch in leidlich gebildeten
1887 1647 3066 1717 Menschen schlummert, einmal wild wird, schlägt er blindlings um
1886 1706 3062 1770 ich. In der Regel daneben. Denn der Erfolg dieser sensationell
1882 1764 3064 1817 aufgebauschten Kritik war offenbar eine höchst unfreiwillige Reklame
1877 1812 3059 1863 für den Reigen — und die Maßregelung des Akademisch=dramatischen
1884 1849 3066 1908 Vereins, die dersübereifrige Kritiker, wenn auch gewiß nicht beab¬
1891 1902 3062 1963 ichtigt, so doch fahrlässig verschuldet hat. Daß die Kritik, über deren
1880 1948 3072 2003 Rechte und Pflichten der redaktionelle Artikel der Allg. Ztg. so zu¬
1892 1997 3060 2057 tändig zu reden weiß, nicht dazu beitragen darf, der Kunst die
1887 2041 3071 2125 Polizei auf den Hals zu hetzen — darüber sollte Einstimmigkeit
1877 2100 2046 2155 herrschen.
1947 2131 3065 2205 Zu allem Ueberfluß will ich noch einmal betonen, daß ich es hier
1888 2186 3074 2253 nicht mit dem Wert oder Unwert von Schnitzlers Reigen oder von
1888 2236 3068 2294 dessen Aufführung zu tun habe, sondern mit der öffentlichen Ange¬
1887 2296 2474 2351 legenheit, die daraus geworden ist.
1955 2324 3071 2398 Der Akademisch=dramatische Verein wird in Zukunft, selbst wenn
1889 2385 3072 2437 er diesmal vom Rektorate gedeckt wird, wie es seine Pflicht wäre, da
1879 2444 3065 2494 es die Aufführung seinerzeit zugelassen hat, an der Universität schweren
1882 2480 3074 2541 Stand haben. Darum sollte er in die Oeffentlichkeit flüchten unter
1881 2530 3073 2589 den Schutz des gemeinen Vereins=Rechtes. Dann spart er all' den
1879 2573 3071 2645 Leuten, die so sehr um seine Moral besorgt sind, Mühen, Kummer
1882 2625 2157 2692 und Blamagen.
1955 2668 3062 2733 Oder sollen die Verse von Prutz immer Gültigkeit behalten, auch
1890 2725 3067 2794 für Staatsbürger, die unter Umständen bei den Wahlen das Recht
1884 2768 2816 2839 haben, ihre eigenen Professoren durchfallen zu helfen:
2160 2823 2774 2892 Das ew'ge Meer mit seinen Wogen
2150 2866 2657 2929 Mit seiner Ebbe, seiner Flut
2149 2904 2824 2988 Auf Flaschen wird's für Euch gezogen,
2151 2972 2760 3033 So ist's gesund, so schmeckt es gut.
1886 3113 1944 3173 kaf
1890 3163 1954 3238 sto
1893 3307 1940 3359 de
3085 1576 3134 1678 2
3091 1794 3129 1855 g
3094 1929 3144 1986 ge
3086 1981 3134 2031 w
3089 2029 3136 2076 ti
3095 2115 3146 2184 Ke
3093 2222 3132 2274 J
3095 2270 3137 2327 fü
3055 2408 3144 2500 3
3095 2525 3139 2571 he
3091 2602 3131 2647 zu
3098 2642 3136 2697 h
