3436 4256
352 179 469 248 11
1058 178 1458 259 box 18/2
540 188 850 269 igen
423 495 1410 608 Boersen-Courer, Berlin
1042 613 1456 716 4 7 SEPS —
504 698 1394 819 Schnitzlers „Reigen“ als Buch freigegeben.
463 743 1407 868 Vor etwa zwei Jahren war von einer Spezialstraf¬
479 780 1398 905 kammer bei der Prüfung einer sehr großen Anzahl
482 822 1409 945 unzüchtiger Abbildungen und Schriften u. a, das
493 862 1414 993 Buch von Schnitzlers' „Reigen“ beschlagnahmt und
485 910 1409 1033 verboten worden. Das rechtskräftig gewordene Ur¬
497 944 1409 1063 teil diente der Staatsanwaltschaft wiederholt dazu,
490 986 1414 1112 Bücherexemplare des „Reigen“ zu beschlagnahmen.
510 1024 1427 1148 So wurden erst kürzlich bei dem Verleger 135 Exem¬
506 1065 1427 1185 plare konfisziert. Der Autor und der Verleger ver¬
522 1111 1422 1222 uchten, eine Freigabe zu erlangen, wurden aber
519 1145 1436 1264 abgewiesen. Nunmehr hat der Generalstaatsanwalt
438 1184 1439 1323 Ei beim Kammergericht auf Grund eines Antrags des
522 1224 1445 1345 Syndikus des Schutzverbands deutscher Schriftsteller
524 1271 1389 1394 Dr. Klee die Freigabe des Buches angeordnet.
1242 1388 1333 1474 2
523 1492 1372 1608 aus Sadische Landesgertung. Manpheir
940 1633 1362 1751 2 OSERI
469 1747 1464 1936 ereten Sche en Seascanseh Wi
383 1817 1463 2004 dn Seereten der get Speschtestennen u d
393 1852 1477 2036 ven den ie eie iek euste ween
501 1891 1489 2059 ere din dere du uin me enen
421 1932 1489 2120 erlncg verenen e velchn wede un un
442 2025 478 2075 5
404 1977 1496 2152 Serten Pereien Gerten in weet e
417 2004 1503 2190 Wresitg in de Sententiekeenn
429 2049 1491 2239 gen mensenten in Sene Woe e
434 2082 1504 2270 gerden denene ens uneen
441 2125 1509 2308 Serten derdet er die de ene
441 2169 1508 2345 vere den en es under er
1343 2244 1427 2303 — □
1105 2268 1296 2318 NAAAERA
444 2195 1550 2389 din denn ee dereen we ten
447 2308 1175 2437 merericht die Preisehe de Gaseshtene
697 2399 1054 2581 nberee
570 2530 1221 2672 Deutsches)anablaltt
874 2631 1207 2750 Barmen
906 2934 1303 3094 SOSER 20
429 3230 1314 3320 Schnitzlers „Reigen“ als Buch freigegeben.
477 3288 1321 3362 Vor zrka zwei=Jahren war von einer Spe¬
419 3354 1331 3406 zialstrafkamnker bei einer Prüfung einer sehr
415 3393 1325 3441 großen „Anzahl unzüchtiger Abbildungen und
1361 3402 1425 3480 600
423 3428 1318 3483 Schrifken u. a. das Buch von Schnitzlers
427 3480 1316 3529 „Reigen“ beschlagnahmt und verboten worden
417 3523 1330 3564 Das in der damaligen Verhandlung gespro¬
419 3565 1327 3618 chene und rechtskräftig gewordene Urteil
420 3600 1327 3665 diente der Staatsanwaltschaft wiederholt dazu,
419 3650 1326 3705 um Bücherexemplare des „Reigen“ inzwischen
426 3696 1315 3740 zu beschlagnahmen. So wurden erst kürzlich
420 3732 1319 3796 bei dem Verleger 135 Exemplare konfisziert.
414 3784 1318 3840 Autor und Verleger versuchten, eine Freigabe
416 3827 1317 3879 zu erlangen, wurden aber abgewiesen. Nun¬
422 3871 1331 3921 mehr hat der Generalstaatsanwalt beim Kam¬
413 3912 1330 3970 mergericht auf Grund eines Antrages des
409 3955 1335 4011 Syndikus des Schutzverbandes deutscher
413 3997 1351 4068 Schriftsteller die Freigabe des Buches ange¬
414 4046 566 4113 ordnet.
1854 2982 1933 3060 *
1928 3503 1972 3536 L
1947 3079 1991 3143 2
2185 324 2754 450 Klose & Seidel
2163 427 2745 519 Bureau für Zeitungsausschnitte
2121 480 2797 584 Berlin NO. 43, Georgenkirchplatz 21
2090 629 2788 755 Zeitung: Berliner Lokal-Anzeiger
2092 710 2185 781 Ort:
2419 716 2554 808 Berlin
2074 780 2257 850 Datum:
2453 854 2604 958 2 40
1997 916 2858 983 74 „Der Reigen“ auch als Buch beschlug¬
1980 983 2858 1032 nahmt. Die-Berliner Staatsanwaltschaft führt
1980 1027 2864 1073 nicht nur gegen die Aufführung von Schnitzlers
1994 1046 2851 1104 „Reigen“ einen geftigen Kampf, sondern auch
1996 1093 2866 1145 gegen das Buch. AAuf Grund aller Urteile aus dem
2004 1143 2862 1184 Jahre 1913 werden noch immer seitens der
2344 1168 2732 1235 Beschlagnahmungen
2000 1164 2327 1220 Staatsanwaltschaft
2803 1175 2864 1219 des
1998 1209 2864 1262 Buches vorgenommen. Im Jahre 1913 wurde
1994 1250 2855 1298 nämlich durch Urteil des Landgerichts I Berlin
2002 1296 2857 1340 und des Landgerichts Leipzig, die Unbrruchbar¬
2005 1329 2860 1374 mach###ig des Buches beschlossen und sogar eine
1996 1373 2853 1423 polnische Uebersetzung eingezogen. Die dagegen
2005 1408 2856 1450 unternommenen Schritte gerieten infolge des
1996 1440 2865 1485 Krieges zunächst ins Stocken. Nach dem Kriege
1998 1480 2860 1525 hat dann die 6.Strafkammer des Landgerichts III
2007 1522 2864 1567 dieselbe Kammer, vor der sich heute Frau Ger¬
2005 1554 2859 1605 trud Eysoldt wegen der Aufführung des „Rei¬
1999 1593 2855 1643 gen“ zu verantworten hat, im März d. J. anläß¬
1995 1641 2859 1703 lich einer Verhandlung wegen Verbreitung un¬
1972 1692 2836 1768 züchtiger Schriften gegen eine Mietbücherei das
1983 1733 2829 1800 Buch „Reigen“ als nicht unzüchtig angesehen und
1973 1779 2833 1833 den künstlerischen Wert für so überwiegend be¬
1971 1819 2832 1868 trachtet, daß sie das Buch ausdrücklich von der Be¬
1984 1845 2835 1913 schlagnahme ausnahm. Trotzdem werden bis in die
1979 1889 2832 1953 jüngste Zeit hinein auf Grund der alten Urteile
1974 1927 2835 1986 von 1919 dauernd Beschlagnahmungen des Buches
1981 1960 2841 2028 vorgenommen. Die Syndici des „Schutzverbandes
1980 2002 2837 2069 deutscher Schriftsteller, die Rechtsanwälte Grone¬
1980 2035 2832 2097 mann und Dr. Klee versuchen jetzt erneut, die
1974 2074 2836 2146 Freigabe des Buches zu erzielen, indem sie sich
1984 2122 2849 2176 auf die Gutachten der Herren Franz von Liszt,
1985 2162 2849 2215 von Lilienthal, Albert Eulenberg, Simmel, Lie¬
1988 2174 2868 2253 bermann, Dr. Fulda stützen, die sämtlich den hohen,
1974 2235 2674 2301 künstlerischen Wert des Buches betonen.
2085 2415 2883 2504 Beschlagnahme der Buchausgabe
2887 2445 3035 2489 von
2023 2463 3027 2524 Schnitzlers „Reigen“. Vor einigen Tagen wurde
2017 2500 3029 2572 auf Veranlässung der Staatsanwaltschaft beim Land¬
2020 2558 3032 2618 gericht III bei einer Reihe von Buchhandlungen
2020 2591 3024 2645 Buchexemplare von Schnitzlers „Reigen“ be¬
2014 2640 3017 2695 schlagnahmt, bei einem Buchhändler im Zentrum
2020 2686 3026 2738 allein 150 Stück. Diese Beschlagnahme hat einen
2021 2726 3015 2774 etwas eigenartigen Hintergrund. Am 4. März 1920
2024 2764 3024 2813 hatte sich vor der 4. Strafkammer des Landgerichts III
2012 2806 3020 2861 ein Buchhändler Hartwig wegen Verbreitung
2018 2835 2927 2887 unzüchtiger Schriften zu vorantworten. Es war
2969 2850 3022 2903 3.
2017 2887 3016 2945 bei ihm eine ganze Reihe zweifellos pornographischer
2023 2928 3022 2985 Bücher beschlognahmt worden, aber auch ein Exem¬
2010 2969 3013 3019 plar von Schnitzlers „Reigen“ war unter die Be¬
2020 3008 3010 3065 schlagnahme geraten, die vom Gericht im allgemeinen
2013 3048 3007 3102 bestätigt worden ist. Auf Grund dieses rechtskräftig
2024 3094 3012 3144 gewordenen Urteils ordnete die Staatsanwaltschaft
2019 3139 3011 3191 die erneute Beschlagnahme an ohne Rücksicht darauf,
2013 3176 3019 3222 daß inzwischen die offentliche Aufführung im Kleinen
2013 3218 3017 3264 Schauspielhaus als nicht unzüchtig freigegeben wor¬
2006 3259 3006 3306 den ist. Im Auftrag des Schutzverbands Deutscher
2015 3301 3011 3346 Schriftsteller soll nun durch R.=A. Dr. Grone¬
2011 3341 3019 3389 mann versucht werden, gegen den Beschlagnahme¬
2014 3382 3007 3427 beschluß anzukämpfen unter Hinweis auf die in¬
2010 3425 3004 3481 zwischen erfolgte unbeanstandete Aufführung des
2019 3461 3013 3513 Werkes und die Tatsache, daß s. Z. doch nur ein sehr
2019 3500 3013 3555 ummarisches gerichtliches Verfahren stattgefunden
2013 3548 3010 3604 habe und eine genaue Nachprüfung der Einzelheiten
2009 3592 2835 3642 des Schnitzlerschen Werkes nicht erfolgt sei.
2081 3618 3009 3683 Inzwischen ist, wie man uns aus Wien drahtet,
1999 3663 3006 3726 dort — entgegen den von der Bundesregierung der
2004 3706 3014 3766 Landesreaierung und Wiener Polizeidirektion nahe¬
2004 3750 3005 3806 gelegten Weisungen — bisher von diesen beiden zu
2010 3793 3000 3852 ständigen Instanzen kein Aufführungsverbot für
1997 3833 2513 3896 „Reigen“ erlassen worden.
