3532 4320
31 1673 106 1722 Zus
8 1713 111 1760 elmeh
22 1751 102 1797 gera
24 1789 107 1837 doch
61 1825 103 1875 ß.
51 1903 109 1950 K
63 1939 111 1988 iel
45 2092 111 2148 thal
28 2133 91 2184 hne,
17 2168 73 2215 rin
19 2206 102 2255 gelin
24 2280 89 2332 ise
10 2395 104 2449 el ges
16 2471 115 2515 de, n
15 2509 101 2559 glich
19 2551 117 2596 zwun
18 2587 113 2635 Ganz
21 2624 120 2680 eiben
14 2662 87 2710 urde
15 2701 110 2748 terier
11 2739 116 2790 Szene
15 2777 101 2822 zehn
15 2809 112 2868 kterif
30 2850 109 2900 Wie
25 2894 109 2935 wer
25 2926 130 2979 e A
14 2966 113 3018 Pe
20 3003 123 3055 Erzie
7 3043 122 3090 rakte
17 3082 115 3129 eisem
8 3113 116 3171 mädch
8 3156 109 3207 ieSch
21 3192 118 3249 ar
8 3230 117 3288 t Gi
31 3271 114 3322 Lüst
11 3309 90 3357 Fort
23 3387 115 3432 Gatt
13 3422 115 3470 kar'ki
11 3461 101 3511 es M
14 3501 107 3548 Lan
11 3541 127 3592 ihl er
7 3653 120 3704 schreck
16 3694 114 3743 1, der
7 3766 117 3813 Mi
11 3805 119 3861 ialekt
430 225 569 312 11.
616 231 928 318 Reigen
260 814 665 884 itungsausichnitte
257 879 685 966 eoigenkischplatz 14
290 1012 566 1119 Zeilung
377 1175 579 1255 Kiel
457 1289 802 1409 5%
264 1476 914 1545 fer am Sophienblatt.
268 1535 854 1612 “ von Arthur Schnitzler.
251 1592 875 1658 der Hamburger Kammerspiele.)
257 1645 1028 1710 erade angenehm, in einer Angelegenheit
255 1695 1031 1753 amen, in der schon mehr als genug ge¬
268 1737 329 1783 t.
344 1734 1029 1792 Aus diesem Grunde haben wir es
260 1780 1014 1834 uns an dieser Stelle mit dem „Reigen
275 1819 1026 1856 en um den „Reigen“ kritisch auseinander¬
265 1856 1029 1894 chränkten uns lediglich darauf, Charakte¬
262 1887 1027 1941 Fall zu berichten Wir hätten gewünscht,
266 1934 1026 1977 eranlassung gegeben würde, diese unser¬
275 1966 1026 2014 n. Da nun aber — wohl um dem be¬
274 2008 1026 2047 den Bedürfnis“ abzuhelfen und „viel¬
274 2035 671 2097 Rechnung zu tragen
724 2054 778 2089 —
781 2046 1017 2097 der „Reigen
263 2079 1022 2127 in Einzug gehalten hat, ausgerechnet auch
260 2115 1029 2177 hne, der sonst literarischer Ehrgeiz
259 2160 1022 2205 meyr in mustergültiger Weise anständige
266 2192 1037 2241 ng pflegt, müssen wir, der Pflicht der
268 2232 596 2282 uns mit dem
600 2232 1025 2297 vielbeschrieenen Thema
275 2264 643 2325 rauseinandersetzen.
265 2305 1023 2377 zu betonen, das, der „Reigen“ im Buch
283 2360 1021 2405 auf der Bühne durchaus zweierlei ist.
268 2397 1030 2444 unz g Jahre her, seitdem das Buch „Rei¬
349 2432 653 2482 erschienen ist.
273 2434 331 2477 de“
660 2435 1029 2489 Damals schon ent¬
270 2460 1031 2525 Werk ein heftiger Streit. Hunderte von
275 2509 1022 2558 Für und Wider in Bewegung. Aber be¬
267 2548 358 2597 urde
362 2552 399 2590 410
396 2547 1023 2593 selbst von Kritikern, die dem
293 2584 1026 2632 gegenüber standen, die Gefahr einer
265 2628 1032 2677 instellung des Publikums nicht
256 2663 1025 2709 inen es uns nicht versagen, ein Zitat aus
270 2700 1034 2754 gen“=Kampfzeit hier anzuführen; denn
274 2740 789 2804 en „Reigen =Aufführungen
800 2745 868 2793 —
276 2776 1027 2823 damals kein Mensch dachte, wovon noch
260 2814 414 2858 pird —
414 2816 1026 2875 bestätigt die Richtigkeit der Be¬
260 2853 1026 2911 tlich. In einer sehr anerkennenden Kri¬
291 2894 1023 2946 Neuesten Nachrichten hieß es vor zwan¬
277 2927 1010 2981 igen“ ist ein gewagtes, ein „frivoles
271 2969 1033 3030 folg ist ein Pikanterie=Erfolg. Damit soll
279 3005 1031 3058 Dichter getadelt werden, sondern das
275 3045 1021 3106 ünstlerischen Qualitäten der Gespräche
277 3086 1030 3133 ufsehen, das sie erregen, nichts zu jun.
274 3124 1031 3173 en erotischen Ereignissen dieser Szenen
275 3160 1019 3213 einerte Psychologie und eine vornehm
267 3201 1027 3240 verachtung bergen, merkt die auch in der
265 3238 1019 3288 off klebende Menge nicht.“ Und wie ist
257 3272 1031 3328 n beschaffen? Der Dichter führt uns
285 3317 1018 3363 in dem in zehn Szenen die Dirne und
264 3352 1026 3396 dat und das Stubenmädchen, das Stuben¬
262 3392 1027 3434 inge Herr, der junge Herr und die junge
266 3432 1022 3479 krau und der Ehegatte, der Ehegatte und
277 3471 1023 3513 das süße Mädel und der Dichter, der
271 3500 1020 3558 hauspielerin, die Schauspielerin und der
278 3545 1029 3596 d die Dirne Erotik in letzter Konsequenz
276 3585 1023 3628 eren. Wir geben ohne weiteres zu, daß
270 3622 1023 3679 wagtheiten sicher nicht um ihrer selbst
275 3658 1016 3705 er stellt. Ein Schriftsteller von Schnitz¬
263 3700 1022 3741 von Schnitzlers Erfolgen hatte es nicht
276 3741 1025 3797 t Pornographie eine Lesergemeinde zu
1112 222 1522 301 box 18/3
1089 1469 2181 1535 schaffen. Wir stehen sogar nicht an, zuzugestehen, daß,
1086 1521 2185 1559 wenn es überhaupt notwendig war, das Thema vom Ver¬
1086 1559 2181 1612 halten der Geschlechter in der Erotil belletristisch zu behan¬
1095 1594 2187 1654 deln, dies kaum in zurückhaltenderer Weise geschehen konnte.
1088 1636 2183 1684 Könnte es erreicht werden, daß solche Bücher nur in die
1100 1669 2184 1728 Hände von Lesern kommen, die in der Lektüre keinen
1099 1709 2183 1760 Sinnenkitzel suchen, die das Buch nicht wegen des Stoffes,
1102 1757 2186 1802 ondern um der künstlerischen Behandlung wegen lesen, so
1088 1789 2187 1832 würden wir zu diesem Buche gern Ja sagen; denn es deckt
1098 1823 2182 1870 Abgründe zwischen Mann und Web mit einer Offenheit
1087 1862 2180 1911 auf, die reinigend und warnend wirken kann. Es erreicht
1087 1900 2177 1955 daneben stellenweise, wie z. B. in dem Dialog zwischen dem
1092 1939 2186 1987 jungen Herrn und der jungen Frau eine solche Kraft, man
1089 1983 2189 2031 möchte sagen: sachlicher Komik, die dem Besten in Bo¬
1082 2019 2190 2065 caccios „Delamerone“ nicht nachsteht, ohne übrigens in Ein¬
1089 2057 2186 2103 zelheiten so weit über die Grenzen des Erlaubten zu
1092 2090 2182 2149 schweifen, wie der italienische Novellist es manchmal tut.
1092 2132 2189 2186 Also wer der Schnitzlerschen Publikation auch nicht gerade
1081 2173 2182 2214 wohlwollend gegenübersteht, aus der allgemeinen Sorge um
1086 2207 2180 2259 das sittliche Wohl des Volkes beraus, wird doch nicht zum
1090 2245 2187 2295 Kampfe gegen das Buch aufrufen; denn es hat immerhin
1079 2286 2187 2329 mehr Daseinsberechtigung als Hunderte von Schriften, die
1088 2321 2177 2363 jedem zugänglich sind und sich eines großen Leserkreises er¬
1098 2359 2188 2403 reuen dürfen, ohne daß ihr gewagter Stoff durch die Art
1085 2397 1693 2452 der Behandlung gehoben würde.
1169 2424 2182 2482 Etwas ganz anderes aber ist es um die Wiedergabe des
1089 2467 2179 2520 „Reigens“ auf der Bühne. Zunächst ganz abgesehen
1088 2516 2180 2569 vom volkssittlichen Standpunkt, ist es ein ästhetisches
1085 2552 2173 2595 Unding. den „Reigen“ auf die Bühne zu schleppen. Ge¬
1085 2592 2180 2639 rade die Kreise, die sich so schützend vor die „Reigen“=Auf¬
1094 2628 2187 2678 führung stellen, würden wohl vor ästbetischer Entrüstung
1088 2668 2173 2713 überschäumen, wenn es jemandem einfallen sollte, z. B. den
1095 2707 2175 2750 „Dekamerone“ oder Lucians „Hetären=Gespräche“ auf die
1085 2740 2177 2789 Bühne zu schleppen. So tief bedauerlich es ist, wenn eine
1088 2777 2187 2835 Dichtung, die ihr ureigenstes Leben nur im Lichte der
1085 2807 2182 2860 Rampe leben kann, aus politischen oder moralischen Beden¬
1078 2856 2173 2908 ken im Buch verkümmern muß, so unsinnig ist es, ein Werk.
1086 2895 2176 2947 das nur als d alogisierte Novelle gedacht ist. auf die Bühne
1093 2932 2176 2981 zu schleppen, nur weil auf den Sinnenkitzel der breiten
1081 2973 2181 3022 Masse spekuliert wird. Gerade das geistreich Novellistische,
1086 3009 2183 3066 die feinen Züge des Werkes vertragen die Umprägung zum
1090 3049 2175 3093 lauten Theater nicht. Und wenn wir nicht irren, entspricht
1081 3085 2183 3141 diese ästhetische Auffassung auch der eigenen Schnitzlers;
1091 3125 2179 3171 denn der Verfasser hat sich selbst nie um eine Aufführung
1085 3164 2175 3216 bemüht. Allerdings mußte man bisher vergebens darauf
1083 3202 2182 3260 warten, daß Schnitzler entschieden und entscheidend in dem
1089 3240 1591 3282 „Reigen“=Rummel eingriff.
1162 3276 2172 3334 Was das andere, im öffentlichen Interesse weit schwer¬
1084 3314 2181 3370 wiegendere Bedenken anlangt, so geben wir einer anerkann¬
1088 3354 2182 3401 ten Führerin der deutschen Frauenbewegung, Anna Pap¬
1080 3394 2172 3438 pritz, das Wort. Sie schreibt in einem Aufsatz, der sich
1105 3434 2169 3484 ür den „Reigen“ einsetzt: „Eine andere Frage ist die, ol
1088 3471 2176 3517 sich der „Reigen“ zur Darstellung auf der Bühne eignet. Es
1081 3514 2170 3564 muß leider zugegeben werden, daß das ethische und
1079 3537 2171 3591 künstlerische Empfinden der Mehrzahl der
1091 3583 2174 3636 Theaterbesucher so wenig entwickelt ist, daß
1085 3620 2169 3676 sie nicht nachdenken wollen, daß ihnen die Fähigkeit abgeht
1088 3664 2176 3721 den tiefen Sinn dieses pessimistischen Werkes zu verstehen.
1081 3699 2174 3755 Sie suchen im Theater Zerstreuung und Sensation, und
1077 3738 2181 3802 das Sexuelle ist ihnen an und für sich das „Unanständige“,
2242 1474 3330 1536 über das man lacht!" Diese Kritikerin begeht aber dann
2242 1531 3340 1567 einen Trugschluß, indem sie den „Reigen“, nicht für die ver¬
2253 1564 3332 1610 kehrte Einstellung seiner Zuschauer verantwortlich gemacht
2243 1603 3333 1646 seben will. Wir sind vielmehr der Ansicht, daß ein verant¬
2241 1647 3334 1690 wortlicher Theaterleiter gerade die Wirkung, die eine
2243 1679 3334 1726 Aufführung bei der ihm do## lekannten Psyche des Publi¬
2241 1717 3343 1760 kums unbedingt haben muß, #tscheidend zu berücksichtigen
2252 1756 3332 1804 habe. Und hier kommen wir nochmals zu dem uns am
2252 1788 3331 1839 nächsten liegenden speziellen Kieler Fall. Hätte eine Bühne
2246 1833 3344 1873 die auch sonst das Schauspiel pflegt, den „Reigen“ aufge¬
2255 1869 3334 1920 ührt, so wäre immerhin die Annahme nicht ganz von der
2244 1909 3334 1951 Hand zu weisen gewesen, daß ihr Leiter sich verpflichtet ge¬
2244 1947 3340 1998 fühlt hätte, seinem Publikum ein Stück, von dem man so
2246 1986 3316 2035 viel spricht, nicht vorzuenthalten. Erscheint der „Reig##
2240 2026 3332 2071 auf einer Operetten=Bühne, so können wir beim besten
2242 2063 3339 2109 Willen nichts anderes darin erblicken, als eine Spekulation
2395 2104 2459 2138 —
2242 2099 2389 2150 auf das
2460 2102 3335 2141 sagen wir es gelinde — Sensationsbedürfnis der
2237 2140 3345 2196 breiten Masse. Das bedauern wir umsomehr, als ein solches
2246 2174 3334 2229 Bestreben in diesem Hause auf dem Gebiet der Overette
2247 2208 2653 2265 sonst nicht üblich war.
2235 2279 3330 2344 zweite Besetzung nach Kiel gesandt, sondern boten unter der
2245 2330 3337 2379 Spielleitung von Paul Marx eine Aufführung, die dem
2240 2364 3332 2408 Werke soweit gerecht wurde, wie es unter den oben gelenn¬
2236 2403 2902 2448 zeichneten Umständen möglich war.
2907 2399 3333 2454 Sie bemühte sich, die
2244 2439 3334 2493 Feinheiten nicht durch erzwungene Dramatik zu erdrücken
2243 2474 3337 2520 und bauchte dennoch dem Ganzen Bühnenbewegtbeit ein, die
2244 2557 3334 2597 zurückfaltender Weise wurde es vermieden, aus möglichen
2248 2594 3346 2634 Entkleidungsszenen Pikanierien zu schöpfen. Sehr gut machte.
2245 2627 3332 2679 sich die Umrahmung der Szene durch ein dunkles Ausschnitt¬
2242 2711 3333 2757 schränkung auf die charakteristischen und notwendigen Re¬
2234 2755 3335 2801 quisiten aufbauten. Die Wiedergabe der einzelnen Rollen
2244 2790 3336 2838 war durchweg vorzüglich, wenn auch die Damen zunächst
2245 2824 3328 2870 Mühe hatten, sich auf die Akustik des ungewohnten Rau¬
2235 2855 3340 2905 mes einzustellen. Georg Pepper svielte den Soldaten
2234 2896 3333 2946 mit brutaler, durch keine Erziebung gemilderter Nur=Sinn¬
2244 2940 3325 2985 lichkeit. Die Dirne charakterisierte Mara Lolja ohne
2246 2976 3334 3020 Uebertreibung und mit leisem Anklingen verschütteter Ge¬
2244 3008 3340 3058 fühlswerte. Als Stubenmädchen gab Maja Wokos einen
2238 3052 3330 3093 wohlgetroffenen Typ. ohne Schablone zu werden. Den fun¬
2239 3090 3325 3138 gen Herren mit Resten von Schüchternbeit und dem Stolz
2244 3130 3337 3176 auf erotische Erfolge bot Günther Bobrik vortrefflich.
2249 3168 3343 3217 Das Girrende, spielerisch Lüsterne der jungen Frau wußte
2244 3205 3340 3249 Marcella Halicz in Wort und Geste vollauf glaubbast
2233 3239 3349 3289 zu machen. Die ebeliche Ueberheblichkeit und selbstver¬
2247 3286 3327 3331 tändliche Sicherheit des Gatten wäre noch echter gewesen,
2234 3327 3331 3370 wenn Paul Marx auf kar'kierende Züge verzichtet hätte.
2244 3356 3325 3402 Ein wohlgetroffenes süßes Mädel kekannter Schnitzlerscher
2241 3397 3322 3442 Prägung war Friedel Lang Die Schönrednerei des
2232 3437 3335 3487 Dichters, die echtes Gefühl erstickt, bot Rudolf Fernau
2241 3471 3329 3516 überzeugend und gerade dadurch komisch. Centa Bré füllte
2230 3508 3327 3559 die Schausvielerin mit vollsaftigem Leben, auch vor gewag¬
2242 3546 3325 3597 ter Lautheit nicht zurückschreckend, we sie am Nlatze war.
2243 3590 3322 3636 Den vertrottelten Grafen, der sich für einen Philosophen
2235 3625 3334 3678 hält, bot Wolf Dehnberg mit erheiternder Deutlichkeit.
2243 3665 3331 3730 Anzuerkennen ist bei allen Mitwirkenden die mühelose Be¬
2243 3703 2858 3752 herrschung des Wiener Dialektes.
3172 3696 3292 3767 K. W.
