3392 4352
837 240 1303 348 box 37/2
147 239 748 363 2. Cuttings
2671 1344 2776 1530 1
3072 1451 3313 1527 Mn
257 1457 750 1537 der Fteaueschus. —. —
1591 1491 2187 1555 erteilt die Universitätsquästur.
2947 1486 3317 1559 stochen war. Der 1
254 1480 1577 1566 zu nehmen. Bezüglich des mazedonischen Reformwerks sagt das Blatt, man
2939 1529 3329 1591 und jetzt nochn
1719 1522 2931 1590 Auszeichnung für verdienstvolle Leistung. Auf der soeben be¬
251 1535 1587 1605 höre es gerne, daß die beiden verhaudelnden Mächte die humanitären Ideale
2948 1570 3321 1632 nach der Tat die F
1586 1571 2940 1639 endeten Gewerbeausstellung in Weimar, die vom 20. Mai bis 1. Juni
256 1579 1587 1639 Englands mit den praktischen Absichten Rußlands nahezu in Einklang zu
268 1615 3341 1676 bringen verstanden hätten und der Hoffnung seien, bei der Monarchen=I stattfand, hat die Firma Robert Kiehle, Leipzig, für ver- griffen. Bis je
3103 1758 3242 1817 wenn 1
1597 1749 2940 1817 Wollte ich auf dem Gebiete der Musik das gleiche tun, so geriete ich in
303 1748 1569 1819 Noch einen zweiten Arzt will ich Ihnen nennen, damit sich durch
1597 1791 2944 1844 Verlegenheit. Seitdem die vier Großen der letzten Zeiten, Bruckner,
3142 1808 3262 1862 Beidem
220 1805 1578 1882 ihn das repräsentative Bild des heutigen Wiener Schrifttums für Sie
3158 1846 3278 1895 Sensil
2927 1850 3003 1894 91
1594 1831 2940 1890 Brahms, Strauß und Hugo Wolf, dahingegangen sind, und nachdem
227 1844 1570 1901 runde: den Dr. Karl Schönherr. Zwar ist er von Geburt ein Tiroler,
2936 1885 3011 1930 spi
1594 1871 2952 1938 überdies Mahler uns verlassen hat, gibt's niemanden mehr, der über¬
3179 1884 3252 1933 aum
227 1877 1589 1951 und man spürt's ihm gewaltig an, aber dennoch gehört er hierher, da er
2936 1918 3019 1965 un
1589 1903 2939 1972 das Mittelmaß hinausragt (Weingartner zählt noch nicht). Besser schon
222 1921 1584 1990 in Wien Wurzel geschlagen hat und als einziger die Tradition Anzen¬
2932 1955 3048 2007 Wen
1589 1959 2939 2009 steht's auf dem Gebiet der bildenden Künste; da gibt's unter Malern und
216 1960 1575 2032 grubers fortsetzt. Als einziger und, wie mich dünkt, auch als Eben¬
2936 1998 3068 2045 freilic
1580 2001 2934 2056 Bildhauern manch guten Namen. Aber wer von ihnen ist repräsentativ
218 1993 1576 2060 bürtiger — gerade weil er ein „anderer“ ist. Er hat wohl nicht den
2948 2030 3095 2086 heiten
1646 2035 2935 2094 wie's etwa für die siebziger Jahre Makart war? Ick wüßte nur
213 2034 1586 2098 quellenden Reichtum Anzengrubers, nicht dessen farbenerfüllte Naivität
2938 2064 3115 2129 deren B
1591 2076 2679 2131 einen zu nennen, einen Vielumstrittenen: Gustav Klimt.
221 2075 1583 2133 oder großes Herz. Die Zeiten sind überhaupt heutzutage kühler ge¬
2950 2111 3181 2167 Denn hier i
1662 2113 2935 2171 Klimt ist in mancher Hinsicht eine Parallelerscheinung zu Hof¬
226 2122 1588 2171 worden, und damit werden wir uns wohl abfinden müssen. In zwei
2938 2143 3346 2211 in dem die feinste
1581 2145 2935 2195 mannsthal. Auch bei ihm wurzelt die Produktivität vor allem in einer
227 2159 1585 2217 Punkten aber geht Schönherr über Anzengruber hinaus: er ist noch boden¬
1588 2186 2935 2241 ungewöhnlich starken Rezeptivität: er ist ein Aufsauger größten Stiles.
226 2196 1576 2252 ständiger und echter, realistischer und unerbittlicher; und er hat ein
1595 2224 2941 2293 Und das entscheidende Organ ist bei ihm, ganz wie bei Hofmannsthal,
228 2247 1586 2302 bedeutend gesteigertes Verständnis für die Architekionik und Oekonomik
1591 2257 2949 2315 ein hochgesteigerter Geschmack, eine eminent reizbare Schönheitsempfin¬
222 2275 1584 2340 des Dramas. Man spürt, daß Ibsen und die Widergeburt Hebbels
1585 2308 2935 2362 dung. Doch steckt er minder in Traditionen als Hofmannsthal. Viel¬
216 2312 1590 2378 zwischen den beiden Dichtern liegen und daß Schönherr von dieser Ent¬
3064 2321 3281 2392 Hochschulna
1595 2334 2941 2398 mehr hat er alle entscheidenden Anregungen von unserer eigenen Zeit
215 2349 1588 2422 wicklung der Zeiten profitiert hat. So gehöri er ganz unserer Epoche an.
2976 2361 3268 2428 dem füblichen An
1594 2373 2933 2442 embfangen. Und das begründet dann freilich einen schwerwiegenden
293 2388 1582 2451 Im Wiener Literaturgetriebe steht Karl Schönherr fast völlig ein¬
2944 2406 3226 2471 Völker=Museum
1594 2411 2937 2481 Unterschied. Es macht Klimt minder „klassisch“, aber dafür bei weitem
217 2433 1586 2498 sam da. Zu Schnitzler, Hofmannsthal und deren Kreis unterhält er
2948 2447 3236 2501 in Goyaz eingett
1595 2453 2934 2518 sensitiver lebensnäher, schillernder. Und gewiß war er ursprünglich
226 2483 1576 2526 keine Beziehungen. Er ist von anderem Schrot und Korn als sie, zu bär¬
2948 2493 3313 2543 Tocantins hinunterka
1586 2489 2936 2554 auch menschlicher und natürlicher. Ob er's freilich heute noch ist muß
220 2517 1586 2572 beißig, zu ungeleckt, zu unbehauen. Wie der knorrige Stamm eines ger¬
2951 2521 3205 2586 oberen Schingu
1596 2541 2938 2595 ich bezweifeln. Vielmehr ist's für Klimts Entwickelung kennzeichnend
225 2552 1580 2612 manischen Urwaldes steht Schönherr da unter seinen sensitiven, gebügel¬
2947 2557 3213 2616 der bei der B
3231 2560 3303 2616 hrisch
1586 2570 2940 2647 daß er von der schlichten Natur immer mehr abgerückt ist und sich mit
228 2591 1586 2657 ten, kulturdurchtränkten Wiener Kollegen. Ich könnte mir denken, daß
3231 2600 3317 2656 Rub
2948 2595 3206 2665 den Professoren
1590 2612 2932 2677 programmatischem Eifer ganz einem dekorativen Stilismus verschrieben
217 2634 1587 2692 er das Wort „Kultur“ von Herzensgrunde haßt und daß er den Teufel
2955 2634 3167 2698 Wie aus
1590 2653 2940 2701 hat, der ihn gegen die naturgegebenen Formen allmählich völlig hat ab¬
225 2667 1579 2729 danach fragt, ob er ihr diene. Doch solche Söhne sind nicht die schlech¬
2941 2670 3191 2734 Dr. Bernh
1593 2682 1936 2754 stumpfen lassen.
228 2712 1590 2776 testen; mögen sie auch die unzärtlichsten sein. Die große Mutter weiß
2950 2715 3092 2765 als N
3087 2718 3153 2773 achf
1666 2719 2935 2785 Ich beklage diese Entwickelung Klimts ungemein, weil ich keinerlei
217 2748 1394 2795 es und wird sie in ihrer Weisheit schon zu nützen verstehen.
1592 2760 2939 2827 Heil darin erblicke. Trotzdem kann ich nicht aufhören, seine Persönlich¬
2947 2761 3049 2841 des
304 2777 1585 2842 Schönherr sieht den Menschen in seiner ganzen Kleinheit und die
1594 2799 2933 2860 keit zu lieben. Und mag er auch allmählich sich in Schrullen verrannt
2956 2824 3050 2881 Wie
222 2839 1587 2885 Natur in ihrer ganzen Größe. Fühlt man ihm den Puls, so wäre man
1585 2834 2940 2903 haben, er hat dennoch sohiel vom Allerbesten und Allerfeinsten, was wir
2946 2869 3054 2919 Versc
221 2868 1578 2938 versucht ihn einen Menschenverächter zu nennen. Doch weil es Dich¬
1597 2880 2939 2934 „wienerisch“ nennen, daß seine Vaterstadt allen Grund hätte, stolz auf
228 2891 1594 2969 ters stolze Naturehrfurcht danebensteht, hat sein Verachten nichts Nezie¬
1595 2905 2941 2967 ihn zu sein. Vor allem ist er ein Frauenkenner, und als solcher der
2956 2911 3093 3001 hrien
228 2940 1593 3009 rendes; kaum noch etwas Herabsetzendes. Die Menschen gelten ihm als
1586 2960 2944 3017 seelenvollste Bestricker, den nicht etwa bloß Wien, sondern meiner Ueber¬
2956 2977 3084 3038 den ph
224 2988 1586 3053 klein, weil sie von der Natur immerzu wegstreben; weil sie ihr nicht ver¬
1588 2992 2942 3039 zeugung nach die gesamte heutige Malerei kennt. Gewiß, es gibt mon¬
2952 3010 3106 3072 in Erlat
229 3024 1579 3080 trauen wollen; weil sie alles besser machen wollen. Könnten sie sich dazu
1587 3026 2937 3082 dänere, „umschmeißendere“ Porträtisten; Sargent zum Beispiel, oder
2957 3054 3211 3112 Doktorjubiläun
232 3067 1582 3120 verstehen, ganz wieder in die Natur hineinzuwachsen, sich ihrem innersten
1595 3059 2941 3124 Lavery. Aber beide sind, an Klimt gemessen, grobmateriell, oberfläch¬
2951 3079 3348 3161 Anlaß das Diplom er
236 3103 1586 3161 Wesen nach mit ihr zu decken, sie würden wieder groß werden. Das ist
1595 3105 2937 3160 lich, uninteressant. Was Klimt malt, das ist (ich kann mich nicht anders
229 3153 1576 3211 Schönherrs Glaube; doch ist der Mann nichts weniger als ein Prediger.
3044 3144 3333 3211 * Kleine Chron
1592 3143 2930 3197 ausdrücken): das sexuelle Mysterium. Doch ohne plumpe Indis¬
231 3186 1589 3245 Dafür ist er als Arzt zu sehr Realist und praktischer Helfer. Und dafür
2950 3179 3332 3237 Liebhaber und Bonn
1590 3182 2940 3247 kretion — es ist nur für das feinste Auge erhaschbar und mit äußerster
221 3217 1586 3280 hat er auch zu viel Humor. Schönherrs Weltbild ist düster, aber mit
2952 3213 3344 3283 Theater“ engagtert
1584 3216 2942 3281 Delikatesse unter einer Glitzerschicht ornamental=malerischer Reize ver¬
2957 3255 3338 3323 dieses Jahres tritt. —
230 3272 1588 3319 seinem Humor wirst er aufhellende Lichter hinein. So vollzieht sich für
1593 3256 2939 3311 borgen. Mag Klimt überall sonst ein künstlerischer Anempfinder sein,
228 3302 1586 3367 ihn der Ausgleich der Gegensätze; ganz wie in der Natur, die, wie sein
2958 3292 3343 3355 nächste Saison enga
1599 3289 2930 3358 mag er von Besnard, Khnopff Toorop. Hodler und manchen anderen
2954 3335 3346 3397 Theater, Maria Karstc
1590 3336 2933 3390 unendlich viel genommen, freilich auch alles aufs individuellste und reiz¬
233 3323 944 3411 erstes. so auch sein letztes Wort ist.
2948 3371 3321 3433 theater in Eisenach, :
1589 3372 2943 3434 vollste verschmolzen haben; in seiner Kunst der Frauenmalerei ist er
303 3372 1588 3429 Mit Hofmannsthal, Schnitzler und Schönherr (denen man natürlich
2955 3399 3348 3472 vom Schiller=Theater,
1586 3416 2929 3473 ganz original und nur sich selber, oder allenfalls noch dem Genius seiner
230 3412 1584 3462 auch noch andere, so vor allem Beer=Hoffmann oder Peter Altenberg,
2947 3439 3347 3509 ming vom Neuen S
234 3460 1595 3514 hätte anreihen können) dürften Ihnen die bewegenden Kräfte der heu¬
1594 3452 2948 3510 Vaterstadt zu Dank verpflichtet. Und auch in der Landschaft ist Klimt
236 3507 3351 3557 tigen Wiener Dichtung genügend deutlich personifiziert worden sein.] völlig apart. Und zwar ist seine Landschaftsmalerei und seine Frauen= I Künstler waren also i
2865 3554 3299 3651 S
