3392 4352
146 1633 232 1697 valt
131 2005 235 2055 klend
137 2242 216 2294 scher
132 2283 248 2339 ktum
145 2352 240 2412 igen
151 2397 238 2457 chen
145 2438 237 2488 Ge¬
147 2480 235 2524 iner
147 2511 240 2566 ißen
137 2555 243 2604 und
136 2593 232 2641 eine
145 2634 241 2689 ver¬
137 2671 228 2718 ver¬
133 2709 223 2756 hmit
143 2751 234 2800 will
132 2787 245 2843 unst¬
136 2868 242 2927 nicht
139 2919 234 2995 neue
149 2982 224 3033 die,
147 3255 260 3322 31
832 304 1289 392 box 37/2
142 296 727 412 2. Cuttings
262 1357 1599 1432 kunft, sondern sie baut sich zusammen aus Vergangenheiten. Sie ist ein
257 1427 1600 1481 Museum aller schönen Worte, erlesenen Gefühle, durchgereiften Weis¬
262 1465 1599 1513 heiten. Und schafft neue Museumstücke hinzu, voll aparter Einfälle, fein¬
265 1498 1603 1552 studierter Wendungen, sinnvoller Abstufungen, reizender Ueberraschun¬
271 1547 1596 1599 gen. Ueberall spüren wir das bereits Erreichte, nirgendwo das noch zu
259 1581 1605 1621 Erreichende. Wir wissen uns in der besten und vornehmsten aller Ge¬
262 1619 1603 1663 sellschaften, aber die Fenster sind geschlossen, und der Wildbach, der
253 1665 1593 1708 draußen tobt, dringt nicht an unser Ohr. Oder wenn er es dennoch tut —
277 1699 1597 1750 so ist sein elementarisches Wüten durch eine kunstvolle Stufenleiter von
261 1734 1598 1789 Uebertragungen derart sinnreich in ein wohlabgestimmtes Tönen ver¬
260 1779 1601 1835 wandelt, daß es ohne innere Schrecken uns ästhetisch ergötzt — wie ein
266 1813 713 1882 Rossinisches Gewitter.
343 1841 1607 1905 So wird man denn sagen müssen, daß der Hofmannsthalschen Dich¬
255 1890 1608 1925 tung das Erlebnis fehlt. Oder vielmehr, sie kennt nur ein einziges Er¬
260 1929 1610 1975 lebnis: ihre eigene Entstehung. Gewiß, dies soll das letzte und höchste
264 1974 1603 2034 Erlebnis jeder Dichterseele sein. Aber die Dichterseele ist doch nur der
259 2016 1594 2066 innerste Kern einer Menschenseele, und erst, was diese durchmacht an
257 2055 1608 2096 Bangnissen, Ungewißheiten, Seligkeiten und Schrecken, und alles, was
266 2092 1609 2132 ihr aufgeladen ward an leidvollen Entbehrungen und schicksalsschweren
258 2123 1600 2188 Verantwortungen, erst das formt für sie den Stoff innerer Erlebnisse,
264 2173 1607 2217 der dann in den Berührungen und Reibungen mit der äußeren Welt
259 2212 1601 2264 sich schöpferisch entzündet. Ich meine also dieses: eine Dichterseele muß
262 2251 1604 2297 teilhaben am Leiden der Gesamtmenschheit, und gerade an ihren primi¬
258 2282 1608 2327 tivsten und trivialsten Leiden, sie darf sich in der Hinsicht nicht unter¬
264 2326 1604 2381 scheiden wollen, sie muß animalisch, elementarisch und geschwisterlich sein
343 2365 1597 2412 das gibt ihr ihren höchsten Reichtum und schafft ihr ihren
273 2385 802 2456 lebendigsten Untergrund.
856 2402 1151 2457 Gräbt man
1181 2402 1280 2454 bei
1307 2403 1597 2457 Hofmannsthal
1144 2405 1184 2447 820
261 2437 580 2495 in die Tiefe,
655 2443 1601 2495 spürt man von allem diesem äußerst wenig.
259 2480 1600 2525 Hingegen sehr viel stößt man auf chevalereske Selbstbespiegelung; auf
262 2519 1595 2570 ehrgeizige Selbsterziehung und Selbstaufstachelung; und, aus dem Reich
269 2553 1607 2610 der Schmerzen, auf das dumpfverhohlene und bohrende Gefühl eines
273 2599 1596 2655 kalten Alleinseins. Und was ist dieses Alleinsein anders als die trüb¬
266 2637 1601 2692 selige Ahnung eines Ausgeschlossenseins von den warmen und zeuge¬
266 2685 1132 2730 rischen Umarmungen menschlichen Erlebens?!
350 2698 1606 2756 Hierin erblicke ich die Tragik der Hofmannsthalschen Erscheinung
260 2756 1608 2797 und das Bedrohliche für die ganze Art von ästhetischer Kultur, als deren
267 2793 1605 2834 ragender Gipfel er sich uns darstellt. Unfruchtbarkeit ist das Schicksal,
266 2830 1608 2877 das hier droht — Unfruchtbarkeit bei äußerlich glanzvoller Entfaltung
264 2874 1602 2913 und formal verblüffender Vollendung. Und darum sehe ich nicht ohne
273 2913 1596 2951 Bangen, daß Hofmannsthal Schule macht, daß er magisch anzieht und
271 2952 1594 2997 fasziniert. Für viele hat er heute bereits die Geltung eines Klassikers
260 2992 1607 3040 erlangt; ja, manche möchten am liebsten jagen: er sei als Klassiker auf
268 3023 1599 3080 die Welt gekommen. Sieht man nicht den Widersinn, der hierin liegt,
263 3068 1608 3111 und ahnt man nicht, wieviel Schweiß und Blut, ja wieviel Schmutz am
264 3103 1607 3143 schmerzlich errungenen Klassikertum eines Goethe klebt? Und nichts
264 3138 1610 3187 hiervon dürfte fehlen; auch der Schmutz nicht! Ja, der vielleicht am
262 3179 495 3240 wenigsten.
346 3201 1501 3261 Ich sehe in Hofmannsthal eine wundervolle Spätfrucht, von
1503 3215 1604 3276 selch
269 3257 1626 3333 ebenmäßiger Schönheit, daß sie mich mit Wehmut erfüllt. Voll von
295 3349 491 3437 0 0
1630 1378 2963 1436 kränklicher Süße, ist sie umzogen von einem leisen Hauch der Verwesung.
1629 1429 2970 1487 Je mehr sie mit prunkenden Lebensfarben prahlt, desto deut# wird
1632 1466 2960 1532 mir diese fühlbar. Weit beruhigter stehe ich da einem anderen Wiener
1631 1513 2972 1565 Dichter gegenüber, der die melancholische Koketterie besitzt, seine Figuren
1630 1542 2965 1604 mit Leichenblässe zu schminten. Herbst= und Abendstimmungen liebt
1637 1588 2969 1646 dieser Poet, letzte Sonnenstrahlen und sinkende Dämmerung. Trotzdem
1632 1629 2992 1707 pulst er innerlich von vielfältigem Leben. Ich spreche von Artbur
1642 1660 1848 1715 Schnitzler.
1703 1699 2961 1770 Auch Schnitzler ist für Wien in besonderem Grade repräsentativ.
1639 1742 2955 1809 Ich erblicke in ihm den höchsten und reichsten Typus des ganz von der
1644 1794 2942 1844 Seele Wiens durchdrungenen Judentums. Eine solch harmonisch ge
2535 1820 2604 1859 111
1637 1820 2930 1876 steigerte Verbindung zweier scheinbar auseinander#revender, in der Ta
1642 1863 2952 1909 oft glücklich sich erganzender Rassen war natürlich nur möglich in einem
1632 1901 2948 1964 echten Poeten. Und das ist Schnitzler ganz und gar, und zwar ein
1633 1940 2929 1998 deutscher Poet. Er hat eine Schlichtheit, Herzlichkeit und Feinhörig
1641 1977 2877 2029 keit der Empfindung, die dem deutschen Gemüte überaus wohltut.
1638 2020 2951 2080 darum ranken sich in pikantem Kontrastspiel bereichernde Gaben: eine
1630 2051 2957 2117 kluge und zart sondierende Beobachtung, ein skeptisch betrachtender und
1645 2095 2945 2150 furchtloser Verstand, libellenhaft huschender Witz und träumerisch ver¬
1645 2137 2936 2190 sonnene Schwermut. Das Ganze ein überaus sympathisches Gemisch
1705 2183 2937 2232 Als Produkt und Repräsentant einer Kultur von Jahrtausenden
1636 2216 2961 2273 mag Hofmannsthal höheres Gewicht haben und tieferen Glanz. Aber
1633 2262 2957 2312 in Schnitzler sprudeln lebendigere Daseinsquellen. Gewiß ist auch er
1627 2292 2968 2361 ganz verwachsen mit Kultur und überall ist seine Sensibilität bis in die
1631 2330 2959 2382 letzten Differenziertheiten empor gediehen. Doch die Natur, als der
1635 2370 2970 2438 Untergrund seines Wesens, steht unangetastet da und verzweigt sich in
1646 2410 2967 2453 tausend feinen Baynen und Adern bis ins Herz seines Schaffens. Von
1635 2446 2960 2493 Haus aus ist Schnitzler nichts weniger als Aesthet; vielmehr war e#
1636 2492 2973 2555 ehedem Arzt. Das verschaffte ihm wohl seine bewunderungswürdige
1628 2535 2964 2595 Kenntnis der intimsten Eigenheiten der menschlichen Natur. Seine un¬
1637 2566 2974 2608 gemein hoch entwickelte Psychologie wurzelt ganz in physiologischem Be¬
1640 2602 2970 2666 greifen. Er kennt alle Gebundenheiten des Menschen, hat ein starkes
1646 2647 2962 2683 Gefühl für dessen stete Hilfsbedürftigkeit und einen witternden Spürsinn
1646 2682 2957 2736 für das, was helfen kann: sei's auch durch das Mittel eines unschuldigen
1636 2720 1808 2776 Betrugs.
1711 2750 2964 2800 So stoßen wir bei den Ursprüngen dieser Dichternatur auf ein tiefes
1638 2783 2963 2870 Mitleid. Aber dieses ist seltsam durchgeläutert und derart vergeistigt
1634 2831 2961 2875 daß gleichsam ein kühler, skeptischer Hauch davon ausgeht. Und in den
1642 2875 2960 2923 höchsten Schichten seines Bewußtseins hat dieser Dichter sein Mitleid
1635 2918 2962 2957 völlig überwunden. Da ist er klar, durchsichtig und kalt wie ein gletscher¬
1633 2944 2959 3011 entsprungener Bergstrom. Da ist er nichts als seine, ironische, ästhetisch
1636 2998 2964 3049 gerührte Weltbetrachtung. Da ist er durch und durch Artist und handhabt
1630 3031 1707 3078 die
1703 3035 2959 3077 Sprache mit köstlicher Meisterschaft, wie eine zarte Lanzette, mit
1632 3066 2963 3128 der er die subtilsten Nervenfäserchen im organischen Gewebe bloßlegt.
1629 3111 2962 3149 Bis in diese ibsenhaft=kühle Höhe wird dem Künstler wohl nicht jeder¬
1630 3144 2968 3206 mann folgen. Sie ist's jedoch, die ihm den letzten künstlerischen Adel
1632 3190 2965 3231 verleiht. Dort unten freilich, bei den Ursprüngen, ist's behaglicher, dort
1632 3228 2977 3299 ist's molliger und wärmer. Dort unten können alle kommen und staunen,
1630 3254 2441 3335 die zur Kunst überhaupt Zutritt begehren.
