3392 4352
873 247 1340 332 box 37/2
174 243 780 342 2. Cuttings
171 1454 382 1527 — —
176 1576 853 1616 t nur gehört und gesehen, Künstler
910 1585 2000 1643 über die Schwelle emporzuturnen. Die Blasen sprechen für
161 1606 869 1650 sein. Jene Künstler zumal, die mit
913 1617 2010 1675 sich selbst. Der Dichter spricht nicht für sie. Er macht
162 1639 870 1698 estaltungswelt nur in den spärlichsten
908 1652 1998 1712 keinen Bericht. Er legt nur sein Ohr an die Außenfläche
162 1685 863 1730 en Podien zu Gesicht und zu Gehör
909 1689 2006 1752 des Leutnants und horcht in ihn hinein. Was er heraus¬
159 1720 860 1765 hier also rechtzeitig vermerkt verden.
913 1732 2005 1781 hört, wird wie von ungefähr zu Worten, zerhackten Nackt¬
162 1761 868 1823 rwerke des Montorprogramms bei
906 1765 1993 1826 sätzen, gebrochenen Redegliederr, verhaspelten Lautzeichen.
181 1798 867 1852 erschienen sind. Schnitzler ist kein
912 1812 2007 1864 Aber der Wahnsinn, der hier im Grunde nur die normalste
164 1834 868 1884 hitzlers Dichtungen fallen nur dort
917 1847 2009 1899 Natur ist, hat eine verblüffend klare und wahre und gare
161 1878 871 1917 Weihnachtsmarktliteratur bis auf den
915 1889 1996 1943 Methode. Man erfährt nicht nur, wie es in diesem
157 1915 867 1958 geflogen. Gleichwohl hat gerade er
901 1927 2005 1988 gleichgiltigen Leutnant aussieht. Man erfährt, wie es in
154 1953 864 2001 timmungsgehalt der Weihnachtstage
902 1971 1995 2016 echten und ehrlichen Menschen aussieht, wenn sie sich
154 1990 866 2049 so glücklich, so lebendig und doch so
912 1999 2002 2048 plötzlich von einem tödlichen Verhängnisse unausweichlich
155 2023 862 2081 en, daß ihm der l'ebe Gott dafür
912 2040 1998 2094 bedroht fühlen. Man erfährt, wie den Menschen über¬
158 2070 855 2118 hr sein und alle Engel in den Häusern
900 2072 2004 2131 haupt zu Mute ist, wenn ihnen auf einmal eine unent¬
155 2106 861 2161 stersgunsten mobilisieren müßte Weil
910 2115 1995 2178 rinnbare Todesgefahr jählings ins Auge blitzt. Solch eine
164 2148 859 2206 Gottes Gnaden schon ohnehin auf
905 2151 1994 2200 Probe aufs Exempel macht der Leutnant. Der unfrei¬
184 2182 748 2239 stärkste und erste Recht hat.
902 2198 2001 2250 willige Halbschlaf hat seine gewohnheitsmäßige Arroganz
168 2226 851 2273 Revolutionsdrama „Der grüne
905 2233 1990 2285 bis zur Ueberempfindlichkeit einer Briefwage gesteigert.
157 2261 862 2311 dem kleinsten Teile des Auditoriums
898 2267 1002 2318 In
993 2264 1990 2328 dieser ultravioletten Gereiztheit flegelt er einen
161 2300 850 2360 njahren in Erinnerung war, begann
899 2300 1989 2354 dicken, aber energischen Spießbürger an. Der attakierte
147 2328 857 2393 ag. Die Wiener Novelle „Lieut¬
905 2351 1981 2396 Spießbürger packt auf diffamierende Art den Säbelgriff
175 2376 856 2429 den tragikomischen Grundton des
908 2382 1989 2438 des Angreifers und fügt eine unverkennbare Verbalinjurie
151 2399 852 2465 n und leiseren Noten weiterklingen,
908 2426 1996 2467 hinzu. In diesem furchtbaren Augenblicke fühlt sich der
162 2454 858 2509 lauten Gewalten der szenischen
906 2462 2000 2505 maßlos gedemütigte Offizier wie ein schlafwandlerisch Be¬
154 2495 853 2545 einzige, eine halblaute, eine un¬
897 2502 1992 2563 täubter von innen her zu einer rätselhaften Untätigkeit
160 2525 870 2586 Die Stimme eines Erzählers, der
899 2538 1996 2588 verurteilt. Er fährt dem Spießbürger nicht ins Gesicht.
155 2561 860 2625 lich beobachtet, um unwissentlich von
900 2575 1985 2631 Er läßt geschehen, was geschehen will. Aber eine Minute
166 2602 862 2662 Unterbewußtseins Kunde zu geben.
901 2616 1991 2675 später, da es schon zu spät ist, bricht er aus seiner kata¬
169 2646 852 2706 Seelenmonolog. Diese Novelle ist
893 2652 1988 2703 leptischen Ruhe blutrünstig hervor und erkennt, daß er
146 2680 857 2739 briebene Wachswalze. Die intimsten
902 2696 2001 2749 sich nun unter allen Umständen noch in der nämlichen
159 2721 855 2779 imaginären Seelenstifts trägt sie in
902 2733 1996 2788 Nacht erschießen müsse, um die verpfuschte Ehre zu retten.
148 2754 860 2824 Kunen und Arabesken auf ihrem
894 2769 2000 2822 Von eigenen Gnaden zum Tode verurteilt, irrt er nun
168 2799 851 2851 Sie enthält alle unbewußten Ge¬
886 2803 1997 2851 mit seiner verfrühten Todesgewißheit im nächtlichen Wien
142 2827 856 2893 h in einer bestimmten Situation ohne
891 2847 1986 2893 umher, schläft auf einer einsamen Praterbank ein und
144 2869 852 2929 enken und doch nicht dem kontrollie¬
890 2882 1996 2947 wacht mit dem dämmernden Morgen in seinem Stamm¬
155 2916 851 2966 nachträglich erwachten Bewußtseins
892 2921 1994 2976 kaffeehause auf. Wo ihm nicht ohne schlagkräftige Er¬
142 2955 854 3001 er Lieutenant Gustl sitzt gelangweilt
891 2964 1981 3010 götzlichkeit eine unverhoffte Rettung aus seinem entsetz¬
149 2994 846 3045 Konzert. Mit schwerer Musik ist die
891 2995 1994 3036 lichen Dilemma zuteil wird. In dieser grauenvollen Nacht
143 3031 853 3084 hert. Die Geistigkeit dieses geladenen
903 3040 1993 3079 aber hat er alle Seelennöte eines gehetzten Menschen
144 3067 848 3123 lähmender Faust auf sein primitives
896 3082 1995 3128 durchlebt, dem der baldigste Tod zur unmittelbar drohenden
152 3109 856 3157 pnotisierender Spiegel rotiert es um
895 3116 1983 3167 Selbstverständlichkeit geworden. In der Entwicklung und
137 3139 843 3206 BBewußtsein schaltet sich aus. Die
900 3146 1987 3200 Lösung dieser Seelennöte liegt die wunderbar komplizierte
155 3178 854 3237 den Stickfluß. Der Leutnant denkt
890 3204 1994 3261 und doch so wunderbar einfache Kunst des Dichters
141 3211 639 3275 utnant wird gedacht.
629 3226 843 3278 Und nun
896 3224 1112 3291 geborgen.
147 3261 853 3313 ngsgeräusche der Blasen, die im
945 3244 1981 3318 Traum ist Wirklichkeit, Wirklichkeit ist Traum. Schein
154 3300 853 3353 ses entgeistigten Menschen aufsteigen
898 3299 1989 3356 ist Wahrheit, Wahrheit ist Schein. Das Leben aber läuft
153 3343 1996 3407 seines Unbewußtseins rumoren, um I mitten hindurch und mirkt oft gerade dort am wirklichsten,
2041 1594 3158 1635 wo es sich am traumhaftesten und unwesentlichsten geberdet.
2046 1632 3142 1684 Es hat eine Zeit gegeben, da Arthur Schnitzler diese
2050 1668 3142 1736 chinesisch=indisch=japanisch=spanische Erkenntnis als Nach¬
2052 1710 3137 1752 fahre Grillparzers immer wieder aufs neue in der unter¬
2052 1748 3140 1805 schiedlichsten Weise zu deuten liebte. Aus dieser Periode
2049 1782 3137 1848 stammt der „Gustl“, der unter saloppen Unscheinbarkeiten
2052 1825 2708 1885 die abgründigsten Tiefen bewahrt.
2106 1872 3132 1922 Als rezitatorischer Nachgestalter dieses Psychodramas
2050 1906 3129 1974 hat Mar Montor eine neue Quelle seiner künstlerischen
2041 1964 3132 2016 Kraft entdeckt. Mit einer beredtsamen Verschwiegenheit,
2041 1995 3138 2045 die selten ist, ging er den sprunghaften Selbstoffenbarungen
2042 2034 3140 2093 seines kuriosen Helden bis in die winzigsten Denkschnörkel
2043 2077 3144 2123 nach. Wie die Membran eines Phonographen belebte er
2051 2114 3141 2179 alle Furchen und Fältchen der mikroskopisch=fein be¬
2055 2150 3136 2211 schriebenen Walze. Ganz restlos kam sie ins Tönen. Und
2044 2188 3141 2251 das Echo unter den angeregten Damen seines Auditoriums
2035 2229 3143 2284 war allgemein und bedeutend. Manch schlanke Schönheit
2044 2267 3139 2327 befand sich darunter. Im übrigen mag es den Anschein
2038 2306 3126 2356 haben, daß die Montor=Matinéen in der Musikhalle zu
2035 2338 3141 2419 einer Notwendigkeit gewovden sind. Fortsetzungen werben
2041 2376 2551 2452 verschiedentlich gewünscht.
2649 2403 3102 2485 Anton Lindner.
