3392 4352
2960 324 3107 385 1902.
1181 323 2436 395 „DER AUTOR“. ZEITSCHRIFT FUR LITERATUR UND KUNST.
492 334 685 404 Seite 4.
1922 435 3149 510 Das Stück ist prachtvoll, aber freilich, rothe Striche verträgt es
453 446 1796 516 richten kommt, denn sie hätte ja nicht dabei sein dürfen, man hätte
1813 495 2809 562 nicht, die sind aber bei uns an der Tagesordnung.
444 520 1085 582 ja gefragt, wer sie denn wäre?
1924 534 3139 598 Die Tetralogie-Lebendige Stunden-, die uns die Ber¬
555 551 1794 617 Mag sein, dass solche Dramen das Publikum nicht so amusiren
1804 589 3138 648 Ener heuer im Carltheater gebracht, ist noch in zu frischer Erinnerung,
439 611 1788 660 als die Operetten, an die man es gewöhnt hat, — aber gesünder
1808 640 3147 711 als das ich sie hier näher behandeln soll, auch ist darüber die letzte Zeit
459 649 1777 703 wären sie ihm jedenfalls. Es sähe in einem Spiegel die Verkommen¬
1808 701 3156 754 ohnehin von berufenerer Seite viel geschrieben worden. Schnitzler
460 698 1789 761 heit der Gesellschaft und den Triumph der Lüge und vielleicht würde
1801 738 3152 797 hat nur aufs neue den Beweis erbracht, dass er ein Dichter im
443 749 1796 803 es besser. Es ist ja schon etwas, wenn man anfängt, nachzudenken.
1814 802 3143 847 vollsten Sinne des Wortes ist, und wenn wir eines seiner Bücher zu¬
443 799 1484 875 Aber freilich, wenn der Dichter nicht reden soll..
1811 839 3147 892 klappen, da bleibt es immer wahr, was er seinen Cyprian im -Para¬
569 845 1799 917 Man weiss noch die Geschichte mit dem „Schleier der
1820 890 2222 956 celsuse sagen lässt:
457 901 1796 969 Beatrice“ im Burgtheater. Anfangs angenommen, lehnte man das
1949 925 2844 997 Ein Sturmwind kam, der hat auf Augenblicke
443 956 1792 999 Stück plötzlich ab, angeblich einer hochstehenden Persönlichkeit zu
1937 987 2705 1050 Die Thore uns’rer Seelen aufgerissen,
447 1005 1796 1057 Liebe. Und warum denn eigentlich diese Komödie? Weil in dem
1945 1036 2752 1095 Wir haben einen Blick hineingethan...
455 1055 1803 1116 Stücke einige gewagte Scenen und Worte vorkommen, die man ganz
1947 1084 2739 1141 Es ist vorbei, die Thore fallen zu ....
452 1101 1787 1165 gut hätte streichen können? Oder, weil ein Herzog sich in ein bür¬
1808 1139 3159 1209 Und das kann man nicht von allen sagen, die sich heute zu den
461 1156 1803 1220 gerliches Mädchen verliebt und ihr nun einen glänzenden Antrag
1823 1183 2160 1254 Dichtern zählen.
453 1202 1127 1272 macht, sie aber einfach erwidert:
763 1252 1153 1319 - ich will nur dies,
2436 1264 2544 1354 *
589 1300 1587 1360 Dass man mich morgen Früh nicht schmähen darf
586 1354 846 1419 Als Dirne-,
465 1397 1804 1456 und er sie nun heiratet? Sei es nun wie immer, das Stück ist ge¬
468 1441 1816 1521 wiss nur ein Gewinn für jede Bühne, wenn es gleich nicht das ein¬
2082 1440 2872 1546 Ein böser Ehrentrunk.
472 1511 1804 1564 wandfreiste ist, das Schnitzler geschrieben. Es hat ja grosse Schön¬
2691 1528 3153 1608 (Nachdruck verboten).
465 1551 1807 1604 heiten, eine edle Sprache und der wahre Poet verleugnet sich auch
465 1594 1801 1650 hier ganz und gar nicht. Aber dennoch hat man den Eindruck, als ob
1926 1596 3167 1682 Der Grossbauer Fudermann war vor Glück dem
462 1642 1798 1705 uns der Dichter, den wir im Wienerkleide gewohnt sind, in einem
1815 1665 3162 1744 Sterben nahe. Fürst Johann der XXII., der leibhaftige re¬
470 1699 1798 1755 Stücke das in Bologna im Beginne des 16. Jahrhunderts spielt, etwas
1819 1726 3160 1802 gierende Fürst, hatte auch den lieben Fudermann zur Tafel
467 1741 1803 1807 fremd vorkäme, denn seine Charaktere sind fast wieder wienerisch
461 1806 1800 1861 und reden nun von Cesare Borgia und vom drohenden Krieg mit
1832 1788 3168 1866 geladen, die aus Anlass des glücklich vollendeten Baues
469 1862 1812 1909 ihm. Wir finden wieder Schnitziers Lieblingspersonen, einen Dichter
1825 1841 3159 1917 der Dorfkirche stattfand, zu welcher der Grossbauer 40,000
475 1904 1806 1947 der für eine starke Leidenschaft schwärmt, und ein Mädchen, das ihm
1833 1912 3159 1989 blitzblanke Ziegel gespendet und zugeführt hatte. Fuder¬
462 1948 1808 2000 seinen Wunsch erfüllt. Aber als ihm das Mädchen, Beatrice, erzählt,
1824 1952 3166 2028 mann war stolzer denn je; kaum, dass er dem allerorts
474 1993 1805 2045 dass sie geträumt, des Herzogs Braut zu sein, da jagt sie Filippo,
1826 2021 3169 2090 geehrten und sogar mit einem silbernen Kreuzlein emeri¬
475 2046 1811 2094 der Dichter, fort. Und der Traum erfüllt sich. Beatrice wird Herzogin.
1831 2071 3165 2142 tierten Schullehrer, der die wohlverdiente Pension im
477 2091 1813 2157 Aber noch während des Festes, das ihr junger Gatte gibt, schleicht
469 2140 778 2217 sie zu Filippo
1831 2130 3173 2212 Dörfchen seiner einstigen Wirksamkeit genoss, auf den
733 2185 1098 2252 Sieh, ich bin da,
1835 2200 2573 2273 zuvorkommenden Gruss dankte.
598 2213 1809 2300 -Bereit mit dir den letzten Wegzu geh'n! — Doch ertrinkt das
1942 2249 3176 2335 Das verdross dessen jüngsten Sohn Hanns, ein flotter
474 2289 1810 2347 Gift allein und sie flieht mit Entsetzen von der Stätte des Todes.
1842 2319 2805 2381 Studio, der gerade daheim auf Ferien war.
465 2331 1816 2384 Der Herzog vermisst an Beatrice den Schleier. Sie führt den Gemahl
1952 2351 3177 2443 Hört mal, Grossbauer! Euch ist zu gratulieren mit
469 2393 1823 2452 vor die Leiche Filippos, wo#ie ihn liegen gelassen. Ungeheure
477 2426 1748 2491 Strafe scheint ihr Loos. Doch der Herzog begreift das Mädchen:
1839 2424 3165 2497 der Fürstentafel! So weit wäre ja Alles recht schöng redete
630 2490 1425 2552 Warst du nicht, Beatrice, nur ein Kind,
1845 2480 3183 2566 ihn Hanns am nächsten Morgen an, Aber wisst ihr denn
613 2539 1514 2597 Das mit der Krone spielte, weil sie glänzte, —
1836 2551 3177 2621 auch, wie man sich bei einer solch führnehmen Tafelei zu
608 2604 1556 2652 Mit eines Dichters Seel', weil sie voll Räthsel, —
1832 2615 2231 2686 benehmen hat?
611 2641 1480 2710 Mit eines Jünglings Herzen, weil's dir just
1959 2668 3103 2743 Fudermann stutzte und kraute sich hinterm Ohre.
609 2695 1505 2758 Geschenkt war? Aber wir sind allzu streng
2258 2737 2355 2792 2
609 2749 1550 2805 -Und leidens nicht, und jeder von uns wollte
1962 2737 2228 2803 Ihr meint
607 2795 1623 2854 Nicht nur das einz’ge Spielzeug sein, nein, mehr!
1965 2775 3178 2865 Freilich! Das ist nicht so einfach, Grossbauer! Seht,
611 2837 1523 2891 =Die ganze Welt. So nannten wir dein Thun,
1850 2849 3176 2916 der Fürst ist aus einem ganz besonderen Geschlechte, mit ganz
605 2882 1620 2942 Betrug und Frevel — und du warst ein Kindle
1842 2911 3175 2973 besonderem Privileg. Von dem, den ei zum erstenmale zur
605 2943 1826 3003 Beatrice bittet den Herzog um dem Tod, aber der Edle gibt
1844 2959 3175 3027 Tafel lädt, wird ein kerniger Trinkspruch gefordert. Für
490 2995 1823 3057 sie frei. Da stösst ihr der Bruder den Dolch ins Herz, er hat kein
1854 3017 3190 3107 Wochentage das ist euer Fall — heisst er: Ich trinke
506 3047 1336 3107 Verständnis für die Sünden der Schwester.
1842 3090 2795 3171 auf das Wohl Seiner fürstlichen Hoheit!.
605 3091 1816 3149 Schon im Einakter - Paracelsuss und in der Groteske =Der
489 3147 1831 3198 grüne Kakadus arbeitete Schnitzler mit historischem Milieu und ich
1949 3156 3184 3213 Fudermann, im Innersten froh durch den grundge¬
489 3201 1820 3260 möchte gerade dem letzteren Stücke den Preis zuerkennen. Die Spe¬
1843 3216 3189 3275 lehrten Studio Hanns noch rechzeitig informiert zu werden,
493 3238 1833 3309 lunke das Prospere, der einst ein Schmierendirektor, nun Wirth ist
1854 3264 3188 3339 murmelte einigemale den Wochentags-Trinkspruch nach
489 3290 1824 3355 und seinen -Schauspielerne zu bedenklichen Rollen Gelegenheit gibt,
1853 3322 3187 3401 und schüttelt das Gruseln ab. Redner war er wohl nie ge¬
500 3350 1824 3405 dieses Stammpublikum von Adeligen, unter denen selbst der Herzog
497 3400 1829 3445 von Cadignan nicht fehlt, dieser Hintergrund mit dem Grollen der
1847 3382 3202 3445 wesen, doch die 8 Worte würde er sich merken. Also tröstete
489 3444 1835 3506 grossen Revolution, das alles ist prächtig gezeichnet. Und höchst
1856 3452 2591 3534 sich der Grossbauer insgeheim.
496 3502 1833 3556 wirksam und nicht im mindesten den Ausdruck des Natürlichen ver¬
1965 3484 3188 3585 Cebt nur fein achte rieth der Studio weiter „bis die
495 3554 1834 3619 letzend ist der Ausklang. Henri erzählt, dass er den Herzog bei sei¬
1848 3568 3192 3634 Schalen mit dem besonderen Ehrengetränk kommen. Die
497 3583 1832 3645 ner Frau ertappt und ermordet habe. Aber diese Lüge enthüllt ihm
1861 3627 3185 3690 anderen Gäste, so will’s das Privileg nämlich, greifen mit
500 3654 1831 3699 die Wahrheit. Eben schreit draussen dass Volk durch die Strassen,
500 3695 1833 3748 und der Wirt meint: Jetzt brauchst du dich nicht mehr zu fürchten,
1856 3676 3192 3746 den Fingern hinein und wischen sich diese säuberlich ab.
516 3742 1838 3791 ich hätte es dir schon vor einer Stunde sagen können, dass sie
1854 3730 3187 3821 Ihr aber, Grossbauer, als Erstgeladener, steht auf, leert die
502 3788 1826 3842 die Geliebte des Herzogs ist ... Da kommt er selbst, der Herzog.
1857 3791 3201 3875 Schale herzhaft bis auf den Grund und ruft vorher: sich
506 3831 1827 3893 Henri rennt ihm den Dolch in den Hals und an der Leiche
1852 3855 2954 3928 trinke auf das Wohl Seiner fürstlichen Hoheit!e
494 3882 1202 3956 brüllen sie: Es lebe die Freiheit!
