3392 4352
2859 426 3024 487 1902.
1127 413 2399 508 „DER AUTOR“. ZEITSCHRIFT FUR LITERATUR UND KUNST,
405 441 609 511 Seite 2
1719 533 3068 623 wicklung, die man in ihrer detaillirten Darstellung am liebsten mit
352 548 1708 617 können. In Anatol schildert Schnitzler den Dekadenztypus des Lebe¬
1712 597 3071 658 den Radierungen Chodowieckis vergleichen möchte. Felix ist sehr
368 609 1717 678 mannes von heute, jene eigentümliche Mischung von Blasirtheit und
1714 647 3070 721 leidend, er weiss es von einem Professor, dass er höchstens ein Jahr
359 668 1708 722 Sehnsucht, schildert ihn mit einer Meisterschaft, die den ausgezeich¬
1719 694 3068 762 noch leben wird. Alfred der ihn stets behandelt hat, war zu sehr sein
366 708 1709 781 neten Kenner des menschlichen Herzens beweist. Schon hier zeigt
1720 741 3066 817 Freund, als dass er’s dem Kranken enthüllt hätte. Im Prater unten
375 755 1717 828 sich, wie der Dichter aus seinen Kenntnissen, die er als Arzt gewon¬
1727 799 3073 856 sagt es Felix seinem Mädel, seiner Marie: -Es ist erbärmlich, dass ich
367 803 1716 861 nen, reichen Nutzen für die Poesie zu ziehen weiss, — im Gegen¬
1711 846 3070 907 Dir’s überhaupt sage, und sogar dumm. Aber weisst Du, es ganz
373 858 1715 922 satze zu jenen, leider nur allzuvielen, denen das medizinische Studium
1722 890 3064 968 allein zu wissen und so einsam herumzugehen, ewig mit dem Ge¬
369 905 1715 969 den Rest jeder edleren Empfindung genommen und sie, um mit
1723 936 3062 1005 danken — ich hätte es ja wahrscheinlich doch nicht lange ausgehalten.
368 949 1721 1015 Hyrtl zu sprechen, zu Folterknechten der Wissenschaft gemacht hat.
1728 991 3067 1052 Vielleicht ist es sogar gut, dass Du dich daran gewöhnst.: Aber es
365 999 1717 1076 Freilich so zarte Regungen, wie sie Schnitzler hier blosslegt, so ge¬
1732 1028 3082 1112 kommt die Stunde, wo Felix es nicht nur nicht allein wissen will, woer
364 1043 1720 1132 heime Triebe, sind kein Bissen für jene Moralisten, denen ein allge¬
1720 1074 3066 1149 auch nicht allein sterben will. Es kommt die Zeit, wo Marie an¬
369 1097 1718 1167 mein-menschlicher Standpunkt überhaupt fremd ist — oder sein muss.
1734 1131 3074 1206 fängt, sich vor dem Geliebten zu — fürchten. Sie hat es ihm freilich
373 1150 1719 1227 Solche Leute werden freilich nie ein Verständnis für die Analyse der
1722 1189 3078 1256 oft versprochen gehabt, ihn nie zu verlassen, aber jetzt, wo sie täglich
377 1204 1723 1267 menschlichen Leidenschaften, wie sie Schnitzler in seinen Werken
1720 1215 3079 1293 das Sterben sieht, das langsame Sterben, da ist in ihr die Liebe zum
376 1246 1726 1318 durchführt, haben wollen, denn wer von der Dummheit anderer lebt,
1725 1287 3078 1352 Leben mehr erwacht als je. Es kommt der Augenblick, wo sich Marie
374 1297 1576 1368 hat gewiss ein Interesse daran, dass dieselbe erhalten bleibe.
1733 1323 3086 1396 in der fürchterlichen Umklammerung des Sterbenden fühlt und seine
484 1352 1720 1425 Den Künstler erkennt man am besten in seinen Werken, den
1725 1378 3068 1448 Worte hört: zusammen, zusammen! Es war ja Dein Wille! lch hab'
365 1414 1721 1468 Dichter in seinen Schriften. So wäre es am zweckentsprechendsten,
1729 1429 3072 1496 Furcht, allein zu sterben! Aber sie entwindet sich und flieht. Als sie
371 1459 1716 1518 die Dichtungen Schnitzlers hier der Reihe nach zu besprechen, seine
1728 1482 3083 1554 mit Alfred wiederkehrt, finden sie Felix auf dem Boden liegen-, im
375 1502 1720 1575 Schauspiele-Das Märchen-, Liebelei-, -Das Vermächt¬
1732 1528 3088 1597 weissen Hemde, lang ausgestreckt, mit auseinandergespreizten Beinen
371 1546 1731 1627 nis, Der grüne Kakadu-,=Die Gefährtin=, -Paracel¬
1737 1564 3089 1640 und neben ihm ein umgestürzter Sessel. Vom Munde floss ein Streifen
373 1599 1722 1686 sust,-Der Schleier der Beatrice- und -Lebendige Stun¬
1730 1626 3079 1687 Blut über das Kinn herab .... In keinem anderen Werke spricht so
374 1652 1723 1717 den-, seine Novellen =Sterben-,=Die Frau des Weisen-,
1736 1668 3089 1736 viel der Arzt mit, aber nicht der Arzt, der über das Studium der
382 1694 1725 1781 Ein Abschied-,-Der Ehrentag-, -Blumen-,=Die Toten
1738 1718 3087 1791 Materie für die Regungen der Seele blind geworden ist, nein, der
382 1750 1725 1817 schweigen-,Lieutenant Gustl-, seinen Roman Frau
1733 1778 3088 1848 Arzt, der die Empfindungen des Herzens nicht minder kunstvoll zu
376 1794 799 1881 Bertha Garlan.-
1736 1826 2850 1896 zerlegen weiss, wie etwa seine Objecte am Secirtische.
490 1824 1739 1923 Man sieht, das erlaubt schon der Raum nicht. Aber noch etwas
1850 1862 3088 1932 Spricht hier Schnitzler in der gewöhnlichen Form des Erzählers, so
375 1904 1734 1978 anderes ist zu bedenken. Die Wiedergabe jener Dichtungen in kurzen
1738 1911 3101 1988 begegnen wir ihm als Tagebuchschreiber in Die Frau des
372 1946 1732 2029 Umrissen, selbst in den, gewähltesten Worten, muss wie eine Profa¬
1742 1952 3095 2043 Weisen.: Ein unendlich zarter Hauch liegt über dieser Novelle
377 2009 1729 2076 nation wirken gegen die Originale, in denen meist alles so zart, so
1725 2011 3088 2092 und wieder ist das Sujet mehr innerlicher als äusserlicher Natur. Ein
376 2052 1738 2118 bis ins kleinste Detail mit feinster Beobachtungsgabe in treffender
1727 2065 3103 2139 junger Doktor, — fast in jedem Werke Schnitzler finden wir einen
388 2101 1734 2155 Weise durchgeführt ist. Am besten freilich wäre es für jeden, einfach
1729 2115 3101 2187 Doktor der Medizin, — und die schöne Frau eines Professors, in
376 2148 1722 2225 Schnitzler zu lesen, — aber das Publikum von heute ist so bequem,
1741 2158 3104 2226 dessen Hause der junge Mann einst gewohnt, treffen sich nach sieben
386 2196 1728 2275 schon auf den Umschlagschleifen muss der Inhalt des Buches stehen,
1739 2210 3098 2290 Jahren in einem Seebade. Sie ist schöner als je und hat nun einen
384 2246 1730 2316 und dann, es ist ja auch wirklich so viel zu lesen, dass man dazu
1747 2259 3096 2340 kleinen, vierjährigen Buben. Jetzt steigen dem Doktor Erinnerungen
388 2285 1737 2366 unmöglich Zeit haben kann. Da gibt’s eben nur eines — Potpourris.
1748 2307 3107 2389 auf an jene Stunde, als er abreisen sollte und schon seine Koffer gepackt
396 2347 1735 2417 Wie mancher ist schon in eine Oper gegangen, weil ihm ein Pot¬
1743 2360 3095 2434 standen, als jene Frau zu ihm herauf ins Zimmer gekommen, ihn
384 2392 1737 2472 pourris daraus gefallen hat, obwohl’s ja auch eine Profanation war,
1740 2412 3092 2487 geküsst und in stummer Sehnsucht zu seinen Füssen gesessen war.
378 2455 909 2536 zumal etwa bei Wagner.
1742 2446 3097 2526 Damals hatte er mit Schrecken bemerkt, wie sich die Tür öffnete und
501 2472 1736 2569 So betrachten wir zuerst Schnitzler als Epiker. Am bekanntes¬
1753 2499 3099 2573 der Professor eintreten wollte. Wollte, denn im nächsten Augenblicke
388 2554 1744 2629 ten ist wohl seine novellistische Studie -Lientnant Gustl=, wegen
1742 2555 3091 2622 war er verschwunden gewesen. Jetzt hörte die Frau ein Geräusch,
381 2599 1740 2673 der Schnitzler, da er Oberarzt in Evidenz war, im Sommer vorigen
1753 2605 3099 2677 angsterfüllt springt sie auf und der junge Mann reist ab... Nun liegt
378 2652 1738 2729 Jahres von einem militärischen Ehrenrate seiner Offizierscharge ver¬
1749 2655 3088 2719 dieses Geheimnis wie ein süsses Fluidum zwischen beiden. Bei einem Aus¬
385 2703 1735 2770 lustig erklärt worden ist. Der Inhalt der Studie ist sehr einfach, aber
1751 2691 3104 2776 fluge nach einer benachbarten Insel bricht die Liebe wieder hervor.
389 2749 1731 2819 für die Verhältnisse ungemein bezeichnend. Lieutnant Gustl hat im
1751 2765 3093 2820 Heute Abend fahren wir zusammen aufs Meer hinauss, ladet die
393 2796 1746 2875 Konzert ein Rencontre mit einem energischen Zivilisten, einem Bäcker¬
1743 2802 3098 2871 Frau ihn ein, wir werden uns ins Meer hinaustreiben lassen — und
1757 2823 3110 2922 werden allein sein — — Warum redest Du nicht ?e sIch bin glückliche
393 2842 1732 2916 meister. Es kommt zu Beschimpfungen, der Offizier will den Säbel
393 2901 1735 2966 ziehen, aber der Zivilist hält ihm mit eiserner Faust den Griff und
1747 2897 3113 2991 sagt er, aber er schaudert im Innern vor dem, was er aus ihren Reden
396 2947 1735 3017 meint: -Herr Lieutnant, wenn Sie das geringste Aufsehen machen,
1757 2942 3096 3022 entnommen. Er hatte gedacht, der kleine, vierjährige Bub’ bedeute
1752 2998 3104 3073 eine Versöhnung zwischen Mann und Frau seit jener Scene. Aber
395 2995 1740 3070 so zieh' ich den Säbel aus der Scheide, zerbrech’ ihn und schick'’ die
389 3040 1746 3124 Stück' an Ihr Regimentskommando. Versteh'n Sie mich, Sie dummer
1756 3048 3106 3117 sie wusste es bis heute nicht, dass er sie damals gesehen. Der
1758 3096 3114 3174 Weise hatte ihr verziehen, — und sie ahnte es nicht einmal. Um
398 3095 1744 3161 Bub’?e Lieutnant Gustl verbringt eine qualvolle Nacht, er irrt im
396 3141 1752 3215 Prater umher und schläft auf einer Bank ein. Wenn das Regiment
1759 3141 3101 3220 neun Uhr Abend sollten sie sich am Strande treffen, — aber der
390 3197 1752 3276 von der ganzen Geschichte erfährt, muss er quittiren. Es bleibt ihm
1750 3188 3108 3275 Doktor sitzt um diese Zeit im Coupé des Zuges, der ihn schon weit
403 3241 1749 3310 nur ein Ausweg, eine Kugel durch den Kopf. Als der Lieutnant sein
1756 3263 2105 3333 entführt hat
1867 3270 3108 3358 Nicht minder beweist uns Ein Abschiede den echten
393 3282 1752 3370 letztes Frühstück im Cafehause zu nehmen meint, erzählt ihm der
1759 3333 2900 3419 Dichter, der manches sieht, was anderen verborgen bleibt.
404 3338 1747 3414 Kellner, den Bäckermeister hätte gestern Abend der Schlag getroffen,
1862 3377 3101 3454 Der Geliebte steht an der Leiche der Frau, die sich ihm ge¬
398 3409 1166 3467 er sei tot. Nun ist Gustl gerettet..
1760 3443 3106 3513 schenkt hatte. Ihr Mann kniet am Bette und schluchzt. Da ist’s dem
521 3443 1746 3518 Aber wie das gemacht ist. Wie originell. Das ganze ein einziger
1761 3492 3110 3563 anderen, als spielte ein eigentümliches Lächeln um die Lippen der
399 3495 1754 3573 Monolog von 12 Stunden. Eine wunderliche Mischung von epischer
1760 3535 3103 3610 Toten, das ihm sagt: Ich habe Dich geliebt und nun stehst Du da
402 3550 1748 3622 und dramatischer Form, äusserst lebendig und wirksam. Und welche
1757 3601 3109 3672 wie ein Fremder und verleugnest mich. Sag’ es ihm doch, dass ich
399 3600 1748 3671 beissende Satyre zwischen den Zeilen! O die Nase!e meint Gustl im
1750 3631 3096 3713 die Deine war, dass es Dein Recht war, vor diesem Bette nieder¬
401 3645 1751 3728 Gewühl nach dem Konzerte, als er die Leute betrachtet, Jüdin! Noch
1756 3681 3119 3764 zuknieen und meine Hände zu küssen. Sag’ es ihm!: Aber er eilt
399 3702 1718 3779 eine. Es ist doch fabelhaft, da sind auch die Hälfte Juden.
1769 3731 3115 3818 beschämt davon, „denn ihm war, als dürfte er nicht trauern wie die
408 3751 1677 3816 nicht einmal ein Oratorium kann man mehr in Ruhe geniessen.-
1767 3801 2436 3870 anderen, weil er sie verleugnet.-
512 3799 1750 3869 Auch in der Novelle -Sterben-, die 1805 bei S. Fischer in
1879 3828 3094 3911 Und dieselbe eindringliche Kraft des Ausdruckes mit seelenauf¬
404 3845 1760 3931 Berlin erschien, ist es nicht etwa eine grosse, welterschütternde Hand¬
1768 3870 3114 3954 wühlender Gewalt finden wir in allen anderen Erzählungen und Novellen
407 3901 1753 3982 lung, die den Reiz des Ganzen bildet, sondern vielmehr ein sehr
1772 3929 3105 4002 Schnitzlers, wir vermissen nirgends den feinsten Beobachter psycho¬
399 3955 1758 4032 einfachest fast dürftiges Sujet, nur drei Personen, ein Wiener-Hinter¬
403 3963 3118 4076 grund natürlich, — aber eine Feinheit in der psychologischen Ent-I logischer Conflikte, den eine Kritik geradezu den -Entdecker des mensch¬
