3392 4352
840 304 1299 407 box 37/2
145 316 797 423 2. Cuttings
2086 1630 2702 1705 Kautsbud, ber 3.Jür 2031.
1609 1690 2725 1771 Ihr Brief vom 22. Juni, werther Freund, findet
141 1691 1565 1792 ggesellen= scherdrang eines gründlichen Psychologen schildert er darin
372 1755 2717 1826 das letzte Lebensjahr eines nach Ausspruch der Aerzte mich in Karlsbad und ohne diejenigen exacten Daten
137 1774 373 1836 die Haupt¬
367 1793 2719 1884 dem Tode Geweihten, dessen Verhältniß zu dem jungen über Gagen, welche Sie wissen wollen. Ich kann Ihnen
127 1815 372 1886 rblickender
376 1843 2717 1933 Mädchen, das er liebt, voll Inbrunst, Lebensdurst, Sin= also zunächst nur das Ungefähre mittheilen, daß H. Wag¬
151 1867 360 1926 von ver¬
372 1888 2726 1968 nenlust, Eifersucht liebt, sein heißes Begehren nach unbet ner mit seiner Frau sich auf 7= bis 8000 Gulden stehen
144 1910 363 1977 schiedenen
1541 1948 2718 2007 mag. Beckmann auf 4= bis 5000 Gulden, und Meixner,
177 1961 373 2038 Grund
378 1966 1544 2021 dingter Gegenliebe, sein eigensüchtiges Verlangen, die Ge¬
1550 1975 2602 2046 der noch ohne Decret, auf nicht volle 3000 Gulden.
375 2005 1544 2071 liebte mit ins Grab zu nehmen, die Illusionen einer
1626 2017 2722 2096 Die Beziehungen auf frühere Sätze werden Ihnen zu
140 2035 367 2113 em Ernst
365 2060 1552 2121 Besserung, die Abnahme der Willenskraft, die Zunahme
1553 2088 2727 2147 heutiger viel theurerer Zeit und Lebensweise wenig Dienste
145 2101 364 2167 errieth sich
369 2110 1410 2190 des rücksichtslosen Egoismus, bis das Ende da ist.
1544 2128 2713 2190 leisten. Liegt Ihnen an den genauen Zahlen, so bitt'
145 2151 370 2211 aber auch
448 2128 1539 2213 1898 erschien ein Band Novellen unter dem Titel:
1541 2168 2719 2246 ich Sie, mich zu Anfang August, wo ich wieder in Wien
153 2195 374 2262 und legte
370 2203 1542 2263 Die Frau des Weisen“ gute, erlebte Erzählungen,
1550 2228 2713 2295 zu sein gedenke, nochmals daran zu mahnen, damit ich
147 2243 374 2303 Stück be¬
374 2231 1548 2303 darunter ein Meisterwerk, die letzte, die sich „Die Todten
1548 2262 2258 2339 dort nach dem Gagen=Etat frage.
143 2290 376 2359 hitzler. Es
377 2292 1552 2360 schweigen“ betitelt. Es ist die mit sicherer Hand und
1625 2298 2681 2374 Der Kampf gegen die Claque in Berlin war ein st
149 2344 376 2400 heils ver¬
381 2329 1544 2398 sicherem Auge ausgeführte Dissection eines Frauenherzens.
1558 2359 2724 2420 nothwendiger, daß jeder Theaterfreund Ihrem neuen
375 2395 1544 2470 Fast nur Gutes und Schönes birgt das Gemüth dieser
148 2385 376 2453 rit thätig
1551 2417 2723 2472 Chef von Herzen Glück und Sieg dazu wünscht. Ob das
378 2433 1547 2504 Frau, bei einer Katastrophe jedoch bringt der Selbst¬
140 2432 373 2500 Mann in
1544 2448 2728 2525 völlige Beseitigen des Alternirens — welches allerdings
386 2479 1540 2534 erhaltungstrieb, über die Ufer tretend, das ihr selbst un¬
149 2484 369 2549 gegen das
1550 2497 2727 2572 schwere und wesentliche Uebelstände in sich schließt —
377 2530 1540 2584 bewußte Unwürdige darin zu Tage. Sia ist verheiratet;
143 2529 373 2596 gen, daß
1559 2540 2718 2612 rathsam ist, möchte ich fast bezweifeln. Cum grano
383 2581 1546 2634 sie ist eines Abends mit ihrem Geliebten aus der Stadt
140 2572 382 2653 ständigen
1550 2597 2716 2658 salis, schonend und behutsam, und namentlich in großen
375 2613 1552 2677 hinausgefahren, um eine Stunde unbehelligt, in ruhigem
135 2628 371 2693 kirt, man
1544 2647 2718 2710 Zwischenräumen, benütze ich dies Mittel der Anspannung
385 2676 1548 2723 Gespräch mit ihm zu verbringen, als der Wagen umge¬
141 2676 383 2741 diesen Ab¬
1562 2685 2722 2752 und größeren Repertoirfähigkeit. Die wichtigste Vorsicht ist
383 2710 1552 2775 worfen wird, er mit zerschmettertem Schädel liegen bleibt
142 2723 372 2791 ht auf die
1548 2733 2720 2790 nur, daß ich stets einen größeren Zwischenraum eintreten
377 2753 1543 2810 und sie, nachdem sie eine Weile bei der Leiche Wache ge¬
157 2770 372 2837 allmälig
1546 2771 2729 2841 lasse, bevor der Zweite dieselbe Rolle spielt. Dadurch meine
378 2799 1550 2866 halten hat, sich durch die Flucht rettet, um nicht unnütz
138 2815 383 2880 ndas Zu¬
1555 2827 2720 2895 ich Parteiung im Publicum zu vermeiden. Bis jetzt ist
385 2854 1548 2907 compromittirt zu werden. Sie liebte ihn in voller Auf¬
151 2864 385 2935 spiel ohne
1544 2877 2503 2950 mir's gelungen; ich will's aber nicht berufen.
388 2896 1545 2952 richtigkeit; in der Angst und Aufregung bei seinem Tode
156 2915 372 2982 auch eine
1627 2906 2717 2973 Bei meiner Rückkunft nach Wien erfolgt auch die
380 2942 1557 3003 verdrängt der Gedanke an ihre eigene Rettung jede andere
145 2950 384 3027 Die junge
1561 2974 2730 3049 Wiederaufnahme der Mittheilung über neue Stücke, um
1369 2982 1523 3041 ist si
385 2989 1368 3051 Rücksicht; doch kaum nach Hause zurückgekehrt,
144 2997 375 3072 der glän¬
1557 3012 2296 3097 deren Erwiderung ich ergebenst bitte.
388 3021 1551 3100 außer Stande, ihre Bewegung zu beherrschen, und beichtet
155 3050 379 3128 Nagda in
1629 3035 2711 3139 Also bis auf Weiteres mich Ihrem Wohlwollen em¬
389 3084 820 3155 Alles ihrem Gatten.
2492 3104 2679 3178 Laube.
1548 3102 2071 3193 pfehlend, Ihr ergebener
466 3094 1553 3175 In den Schauspielen „Freiwild" und „Das Ver¬
142 3134 376 3223 piel „Lie¬
2056 3145 2696 3226 Wien, den 26. September 1851.
387 3165 1559 3229 mächtniß“ ist der Oppositionsgeist gegen die bürgerliche
147 3198 375 3261 auf dem
1629 3212 2716 3285 Ich danke Ihnen schön, lieber Freund, für Ihre
377 3220 1569 3290 Gesellschaft, der Trotz gegen das moralische Herkommen
152 3244 376 3315 wienerisch,
1550 3258 2337 3338 freundliche und geistvolle Mittheilung.
385 3261 1559 3327 neuerdings bei Schnitzler zu Worte gekommen. Er
161 3301 376 3361 stark em¬
1624 3288 2636 3362 Die Quittung für den „Hauptmann“ liegt bei.
384 3309 1555 3371 schwankt ja zwischen den beiden Polen, dem kriegerischen
159 3334 381 3412 ends von
392 3349 1558 3412 Verstandesmenschen und dem poetischen Grübler hin und
1638 3340 2728 3412 Ihrem neuen Herrn Chef, dem — wie ich mit Ver¬
175 3386 388 3454 gibt sich
379 3403 1559 3455 her; hier spricht nun der Verstandesmensch. Das erste
1553 3394 2725 3458 gnügen sehe — doch alle Tüchtigen und das Bessere
146 3432 382 3504 kterfahrung
1557 3446 2729 3510 Wollenden ganz vertrauensvoll entgegenkommen, weil er
387 3452 1556 3502 Stück tritt dem Officiershochmuth gegenüber nicht zur Ge¬
154 3485 388 3550 nzugekom¬
1552 3495 2715 3551 einfach, wahr und charaktervoll in den alten aufgeblasenen
394 3481 1554 3563 sellschaft zählender Frauen — kleinen Schauspielerinnen
151 3528 390 3598 Actes bildet
399 3546 1553 3596 an einem Sommertheater — entgegen und enthält einen
1552 3534 2729 3585 Wirrwarr hineintritt, hoffe ich einmal schriftlich näher zu
158 3580 386 3654 Todesbot¬
396 3592 1552 3645 Angriff auf die Unvernunft des Duells und die Unge¬
1556 3584 2722 3646 treten, sobald sich eine inhaltsvolle schickliche Gelegenheit
388 3629 1565 3695 rechtigkeit seiner Entscheidungen. Allein das Stück ist
1553 3635 2759 3698 bietet. Zum Beispiel, wenn das, was Sie andeuten, die
396 3678 1547 3741 ungefähr wie in Frankreich Paul Hervieu's Dramen zu
152 3655 388 3740 lei“ hatte
152 3709 385 3788 peinlich er¬
392 3706 1552 3780 sehr darauf angelegt, der Tendenz zu dienen, so daß es
167 3767 1580 3848 dem For= weniger den Eindruck wirklichen Lebens als den eine
2784 1627 3328 1715 uebssüch ahm Ringenden
2724 1672 3329 1760 zufnahmen (wo ist Werne#
2724 1741 3331 1808 Waldemar**), mein Struense
2713 1789 3333 1857 gat nicht gegeben!) ein festes
2719 1830 3332 1897 ist ein Fundamentalpunkt, wer
2718 1885 3331 1952 den und wodurch die Flatter
2719 1925 3324 1997 sagen die Lüderlichkeit, ins
2716 1972 3338 2045 gekommen ist. Ohne Treue k
2717 2016 3336 2096 dauerndes Theater. Ich weiß
2719 2064 3324 2126 selben Meinung sind, der #
2717 2116 3319 2180 früheren Thaten mit den geg
2728 2158 3327 2231 Wie soll man das aber, wen
2726 2215 3325 2280 Publicum die Vorlage zum
2734 2252 3339 2328 durch verzweigt sich ein geschi
2735 2301 3307 2368 Stadt. Das seh' ich hier,
2718 2343 3326 2413 Bessere, was seit achtzig Jah
2732 2395 3328 2472 geschrieben worden ist, in reg
2715 2448 3327 2515 Wiederkehr (manches Stück
2728 2487 3330 2559 zweimal) bringe. Ich frage di
2715 2526 3325 2611 oder geringerer Einnahme, 1
2715 2585 3323 2654 doch, weil die Abwechslung
2724 2630 3332 2712 und „heiteres Interesse für un
2734 2689 3324 2754 hab' ich jetzt, consequent am
2725 2719 3344 2797 aufgegeben wird, was nicht
2726 2759 3337 2842 Repertoire von nahe an 100
2727 2817 3335 2890 gebildet. Und ich fand Ende
2726 2865 3343 2932 Repertoire. Nichts herauslasse
2730 2925 3334 2984 (dadurch bleibt manches Schw
2717 2965 3333 3043 aufgeben, was einmal leidlich
2805 3007 3334 3080 Freilich kommt dann in
2721 3048 3337 3118 Inscenesetzen. Dies belebt m
2725 3103 3344 3173 wird in einiger Zeit — man
2838 3140 3333 3218 — Ihr Chef besorgt sei
2735 3160 2854 3216 mal —
2731 3194 3339 3261 sonst doch kein Ensembleschwär
2729 3251 3329 3313 Mann, wie Sie Seydelmann
2724 3282 3338 3362 langer Unterredung diesen M
2722 3332 3345 3402 zum Beispiel den „Königslie#
2735 3390 3342 3448 Sie gar nicht zu geben wagte
2720 3433 3342 3499 scenesetzung und rapides Ens
2725 3476 3324 3552 an diesem 28. August die z
2731 3525 3342 3600 Jahren vor gut besetztem Ha
2866 3584 3262 3668 Beide von Gutzkow.
2809 3610 3180 3710 **) Von Freytag.
