3392 4352
140 310 1303 423 2. Cuttings box 37/2
2685 521 2852 598 4325
1165 541 2034 603 Sonntagsblatt des Lannoverschen Conrier.
340 555 594 627 M 541.
1609 646 2901 713 kennen, erst recht nicht mehr, seitdem Schnitzler in seinen neuen Werken
312 651 1603 710 dramen und die Straußschen Walzer zwei der originellsten Erscheinun¬
1621 680 2296 747 sich mit neuen Problemen befaßt hat.
307 687 1602 753 gen auf dem Gebiete der öffentlichen Kunst. In der That, die Raimund¬
1700 702 2899 779 Das Graziöse ist das Eigenartige der Schnitzlerschen Kunst. Er
302 720 1615 796 schen Dramen sind die charakteristischen Muster einer klassisch=österreichi¬
1612 756 2910 830 ist wirklich ein echt österreichischer Dichter, der verwandter mit Grill¬
312 771 1613 833 schen Volkskunst. Schwermuth und lachende Lebensfreude, Naturgefühl
1624 795 2906 866 parzer ist, als man ahnt. Allerdings ebenso schwer ist es für einen
306 804 1604 886 bis zur erhabenen Begeisterung ist charakteristisch für die österreichische
1612 829 2906 912 Dichter mit so eigenartig einseitiger Begabung für das Gefällige, sich
315 860 1609 929 Kunst. Halm, Grün. Lenau sind echt österreichisch in ihren Vorzügen
1615 884 2907 943 von feuilletonistischen Oberflächlichkeiten ganz frei zu halten. Schnitzler
311 898 1608 965 und Schwächen. Auch die Vorliebe Hamerlings für dekorative Wir¬
1615 929 2906 992 liebt die geistreiche Phrase und die konventionelle Pose. Ueber Seicht¬
311 943 1608 1008 kung, für Farben und große Worte ist echt österreichisch. Man veraleiche
1620 970 2905 1034 heiten und todte Stellen setzt er mit effektvoller Geste lustig hinweg. Das
310 985 1616 1048 hiermit die moderne österreichische Malerei eines Klimt, die Architekturen
1623 1015 2914 1083 stimmt den Leser kühl, der tiefer blickt, mehr echte Kunst und tieferen Ernst
300 1011 1622 1079 eines Olbrich. Ebenso gut österreichisch sei der scharfe Witz Nestroys,
1625 1072 1817 1135 erwartet.
302 1065 1609 1135 die behagliche Satire Bauernfelds, die dramatische Wucht Anzengrubers,
1701 1084 2906 1159 Schnitzlers enges Stoffgebiet ist die Welt des Wiener Lebemannes
300 1111 1610 1174 der sittliche Zorn Ferdinand Kürnbergers, die Erzählungskunst der Ebner¬
1625 1145 2913 1209 und der Wiener Grisette. Dies sind eigenthümlich österreichische
313 1158 1607 1220 Eschenbach, die „Novellen aus Oesterreich“ und die „Wiener Elegieen“
1622 1191 2907 1251 Typen. Schnitzler schildert sie alle meisterhaft. Wo er das Leben an¬
305 1193 1612 1267 Ferdinand von Saars, Peter Rosegger, Adolf Pichler, die neuesten
1615 1219 2918 1300 saßt, da entsteht Leben, und so oft uns auch der Dichter dasselbe zeigt.
311 1233 1615 1304 Wiener Stücke und die ernstgemeinten Anfänge einer eigenwüchsigen
1628 1264 2907 1342 es steht neu und frisch vor uns. Und so zieht diese leichtlebige Welt an
313 1276 1605 1347 Provinzlitteratur. Ich weise noch hin auf den durchaus beachtens¬
1626 1314 2917 1379 uns vorüber: die Wiener Elegants, mondaine Damen, Offiziere, Stu¬
319 1320 1614 1394 werthen Kreis Tiroler Dichter, auf Hugo Greinz, von Schullern, von
1631 1362 2826 1433 denten, Schauspielerinnen und die „süßen Mädeln“ der Vorstadt.
307 1384 779 1452 Ficker. Hagenauer u. a.
1700 1388 2914 1462 Namentlich im „Anatol“ schildert Schnitzler diese Welt. Das
401 1389 1615 1458 Auch das moderne Wien zeigt spezifisch österreichisches Wesen.
1629 1431 2921 1506 Werk enthält wohl das Früheste von Bedeutung, was Schnitzler ge¬
323 1450 1623 1512 Aber nicht so sehr das Gesunde der Volkskunst oder einer starken, mäch¬
1634 1482 2920 1560 schaffen hat. Wir dürfen diese Szenenfolge nicht als etwas organisch
303 1486 1616 1576 tigen Persönlichkeitskunst, sondern vielmehr das Differenzirte einer de¬
1621 1528 2915 1599 Zusammenhängendes auffassen. Es sind kleine zierliche Kompositionen,
313 1526 1623 1613 kadenten Großstadtkunst und leise von der französischen Moderne beein¬
1623 1567 2923 1633 die je ein Liebesabenteuer des gemeinsamen Helden „Anatol“ behandeln.
319 1574 1610 1646 flußten Kunstpoesie. Man verspürt in den Dichtungen der jungen
1620 1600 2924 1693 Eine Reihe dieser kleinen Dialoge hat dann der Dichter vereinigt heraus¬
315 1605 1622 1689 Wiener keine Ergriffenheit, man erkennt fast nirgends eine große Welt¬
1631 1634 2921 1720 gegeben. Die Seele des Buches ist der „leichtsinnige Melancholiker“
311 1659 1618 1729 anschauung. Bunte Stimmungen, Bilder, Phantasien, leichtgeschürzte
1633 1688 2918 1768 Anatol. Er ist der Liebhaber. Die zweite männliche Person, die in den
310 1705 1623 1763 Verse fliehen vorüber. Eine sinnreiche und geistvolle Kunst der mo¬
1624 1734 2921 1796 meisten dieser Szenen vorkommt, ist Max, der Freund, ebenfalls eine
321 1743 1622 1825 dernen Seele, nicht des menschlichen Gemüthes! Der fruchtbare Boden.
1630 1779 2918 1845 typische Figur Schnitzlers, die auch in späteren Dramen wiederkehrt.
309 1772 1622 1856 auf dem sie gedeiht, ist die Ueberkultur. Diese Dichter, die mehr Kunstler
1630 1822 2925 1883 Er repräsentirt das Leben, die vernünftige Welt; jener die feinfühlige,
318 1831 1622 1902 als Dichter sind lieben das Leben, dessen Illusionen sie durchschauen.
1629 1852 2939 1934 moderne müde Seele, das Leben in Träumen und Illusionen, in Sehn¬
314 1876 1624 1936 Sie sind hoffnungsarm und verspüren nicht das Herannahen eines neuen
1628 1902 2929 1978 sucht und Resignation, in Selbstbetrug und Eitelkeit. Beide sind Re¬
318 1918 1622 1988 starken Geistes, der das Leben und die Kunst wieder natürlicher ge¬
1629 1935 2933 2019 präsentanten des Skeptizismus. In den sieben Szenen sehen wir Anatol
321 1968 982 2048 stalten und tiefer auffassen möchte.
1631 2003 2919 2057 langsam seine Illusionen zerpflücken. Er analysirt mit grausamer
415 1986 1630 2082 Ein Typus des hier geschilderten österreichischen Künstlers ist der
1627 2037 2922 2092 Lust seine schmerzlichen Empfindungen. Vor großen Entschlüssen, vor
315 2050 1622 2119 Wiener Dramatiker und Novellist Arthur Schnitzler.*) Er ist noch der am
1637 2071 2932 2141 der Wahrheit, vor dem großen Gefühl weicht er im letzten Augenblick
325 2092 1623 2168 frischesten empfindende und am einfachsten gestaltende von den Wiener
1633 2114 2930 2193 zurück. Ein andermal ist er cynisch blasirt, gemein, dann zeigt er die
323 2128 1638 2215 Modernen. Er ist der begabteste und erfolgreichste Dramatiker des jungen
1628 2160 2928 2221 brutale Seite seines Egoismus. Er knüpft Liebesverhältnisse mit ver¬
329 2199 594 2269 Oesterreichs.
1631 2194 2938 2269 heiratheten Frauen an (vgl. die Szene „Weihnachtseinkäufe“) und mit
409 2216 1636 2313 Interesse finden dürften einige biographische Notizen. A. Schnitzler
1641 2241 2930 2311 unverdorbenen Mädchen. Diese „süßen Mädeln hai Anakol auf der
334 2269 1629 2346 ist geboren am 15. Mai 1862 in Wien. Sein Vater war der bekannte
1633 2285 2943 2355 Vorstadt entdeckt. Schnitzler weiß diese munteren Geschöpfe mit inniger
331 2311 1619 2389 Professor der Laryngologie. Sch. studirte Medizin in Wien, war darauf
1639 2333 2937 2390 Empfindung zu schildern. Dieser Typus erscheint vertieft in der
323 2349 1629 2422 eine Zeit lang am Krankenhause in Wien und später an der Poliklinik
1643 2359 2931 2441 Christine der „Liebelei“. In der Darstellung zeigt Schnitzler vornehme
314 2414 1624 2471 thätig. Seit etwa zehn Jahren lebt er als praktischer Arzt in Wien.
1641 2402 2948 2488 Zurückhaltung, eine naive Freude am bunten Liebesspiel, die niemals
325 2425 1639 2524 Er hat seit frühester Jugend geschrieben. In die Oeffentlichkeit ist er
1638 2476 1861 2547 lüstern ist.
330 2482 1631 2554 erst spät getreten. Die ersten Novelletten, Gedichte, Dialoge veröffent¬
1726 2488 2922 2577 „Das Märchen“ ist ein Thesenstück. Ideen verleiten häufig zu
325 2508 1639 2604 lichte er 1886 und 1889 in der damals in Wien
1647 2561 2926 2616 konstruirter Charakterentwickelung im Drama. Das ist hier der Fall.
996 2561 1634 2636 „An der schönen blauen
326 2586 1007 2652 erscheinenden Halbmonatsschrift:
1643 2591 2944 2660 Die Menschen bewegen sich wie Schemen. Der Träger der Idee ist der
316 2624 1630 2702 Donau“. Seitdem hat Schnitzler mit mehreren Schauspielen:
1644 2639 2926 2700 Künstler Fedor Denner. Dieser will das „Märchen von der Gefallenen“
332 2656 1636 2734 „Das Märchen“, „Liebelei“, „Freiwild“, „Das Vermächtniß“, „Der
1634 2678 2928 2756 beseitigen. Aber an sich selbst muß er erfahren, daß die Liebe trotz aller
329 2697 1627 2769 grüne Kakadu“ u. a., namentlich auch mit der Szenenfolge: „Anatol“
1636 2722 2936 2778 Ehrlichkeit über die dunklen Punkte im Leben der Geliebten nicht hinweg¬
335 2735 1636 2807 wechselnden Erfolg gehabt. Seine Stücke sind besonders am Burg¬
1643 2768 2941 2824 kommt. Trotzdem ist Denners Umwandlung zu Ungunsten seiner Ge¬
335 2776 1639 2857 theater, am Berliner Lessingtheater und Deutschen Theater aufgeführt
1652 2805 2944 2872 liebten nicht glaubhaft dargestellt. Dieser Denner ist nach den ersten
333 2849 531 2912 worden.
1642 2847 2934 2909 Akten durchaus nicht der Schwächling, als den ihn der Dichter später
426 2854 1641 2951 Nicht alles, was Schnitzler geschrieben hat, ist werthvoll. Als
1634 2886 2938 2950 haben möchte. Das ist der große Riß in dem Drama. Im übrigen ist
328 2918 1629 2998 Höhepunkte seines bisherigen Schaffens möchte ich einige Szenen aus
1638 2941 2942 3011 die Technik schülerhaft. Was wollen die ganzen Familien, die Gruppen
339 2956 1637 3039 dem „Anatol“, „Liebelei“ und die Novelle „Sterben“ bezeichnen. Neue
1643 2981 2457 3049 und Parteien nur auf der Bühne anfangen?
336 2997 1640 3078 Wege scheint er in den drei letzten kleinen Dramen: „Das Märchen des
1732 3024 2940 3092 Schnitzlers Meisterstück ist „Liebelei“. Auch der ernste Nord¬
335 3045 1636 3115 Paracelsus“ „Der Gefährte“ und „Der grüne Kakadu“ einzuschlagen.
1654 3071 2940 3134 deutsche, dem dauernd das Wesen dieses Dichters kaum sympathisch
327 3085 1640 3159 Hermann Bahr hat das bisherige Schaffen Schnitzlers in seiner Schrift:
1643 3105 2937 3185 bleiben wird, wird für eine so liebliche, mädchenhafte Gestalt wie die
336 3127 1634 3211 „Studien zur Kritik der Moderne“ (Band I, Verlag von Rütten u. Loe¬
1655 3164 2943 3224 Christine immer eine ehrliche Bewunderung haben. Die Fabel des
340 3169 1638 3248 ning, Frankfurt) vortrefflich charakterisirt: „Schnitzler hat wenig. Er
1652 3190 2940 3261 Stückes ist bekannt. Fritz Lobheimer und Theodor Kaiser, Christine
334 3212 1650 3303 muß sparen. So will er es denn mit der zärtlichsten Sorge, mit erfinde¬
1639 3248 2936 3303 Weiring und Mizzi Schlager sind Wiener und Schnitzlersche Typen.
331 3257 1638 3337 rischer Mühe, mit geduldigem Geize schleifen, bis das Geringe durch seine
1642 3280 2943 3356 Liebhaber und Freund sind auch hier die Hauptpersonen. Aber auch
330 3305 1634 3374 unermüdlichen Künste Adel und Würde verdient. Was er bringt, ist
1649 3318 2944 3392 der Freund hat hier eine Geliebte. Diese, Mizzi Schlager, ist das
345 3346 1645 3417 nichtig. Aber wie er es bringt, darf gelten. Die großen Züge der
1644 3365 2948 3445 schneidige, fesche Wiener Mädl, sie ist „Modistin“, das Verhältniß
342 3382 1651 3469 Zeit, Leidenschaften, Stürme, Erschütterungen der Menschen, die unge¬
1645 3402 2952 3475 comme il faut. Nicht mit Unrecht hat man Christine neben Halbes
344 3431 1639 3497 stüme Pracht der Welt an Farben und an Klängen ist ihm versagt.
1654 3451 2951 3522 Annchen gestellt. Sie ist das naiv liebende Mädchen mit der reinen
1432 3477 1642 3530 nur ein
345 3479 1375 3554 Er weiß immer nur einen einzigen Menschen,
1653 3496 2947 3563 Seele. Ihre erste Liebe muß ihr zum Verhängniß werden. Sie weiß
346 3511 1653 3585 einziges Gefühl zu gestalten. Aber dieser Gestalt giebt
1647 3537 2951 3613 ja nichts von der Welt, sie nimmt alles so ernst. Fritz Lobheimer hat
352 3554 1647 3633 er Vollkommenheit, Vollendung. So ist er recht der artiste nach dem
1665 3589 2959 3650 ein Liebesverhältniß mit einer verheiratheten Frau. Während dessen
349 3595 1652 3676 Herzen des „Parnasses“, jener Franzosen, welche, um den Werth an
1650 3618 2948 3692 lernt er Christine durch ihre Jugendfreundin Mizzi Schlager kennen.
345 3646 1648 3701 Gehalt nicht bekümmert, nur in der Fassung Pflicht und Verdienst der
1659 3660 2947 3743 Immer mehr beiaubert ihn das frische, innige Wesen des Mädchens.
341 3690 1645 3760 Kunst erkennen und als eitel verachten, was nicht seltene Nuance,
1655 3698 2949 3773 Aus einer Liebelei wird eine echte tiefe Liebe. Da plötzlich bricht das
349 3748 1653 3812 malendes Adjektiv, gesuchte Metapher ist.“ Nicht ganz zutreffend ist
1662 3763 2950 3819 Verhängniß herein. Der betrogene Ehemann hat von dem Ehebruch er¬
356 3777 1650 3849 dieses Urtheil, schon seitdem wir die wundervolle Mädchengestalt
1667 3796 2962 3863 fahren. Fritz wird im Duell erschossen. Als Christine erfährt, daß
362 3809 1657 3886 Christine („Liebelei“), eine dichterische Schöpfung ersten Ranges,
1657 3834 2952 3904 der Geliebte um einer anderen willen in den Tod gegangen ist, daß er
462 3896 2958 3989 *) Sämmtliche Werke sind im Verlage von S. Fischer, Berlin, erschienen. I schon begraben ist, ohne daß sie davon erfuhr, stürzt sie sich ins Wasser.
