3392 4352
795 403 913 486 S
1974 375 2089 557 2
1436 474 1601 548 —
1160 481 1440 563 SSZ
2192 493 2407 584 S
1305 524 1715 623 S
599 529 1050 659 S
1384 711 1458 791 4
1478 800 2302 927 atol
836 817 1375 933 Lie
1171 912 1958 1067 ZEUTSCHRIFT
1481 1047 1656 1142 Fük
582 1053 796 1181 +
1097 1119 2094 1281 Literatur, Kunst und Musik
2089 1252 2355 1366 B
650 1275 1059 1382 S
948 1354 2252 1441 CHEFREDACTEUR JOSEF WYTRLIK JUN.
2342 1448 2673 1525 Inseratenpreis:
1351 1458 1883 1541 Erscheint monatlich.
394 1482 971 1545 Abonnementpreis ganzjährig:
2075 1490 2955 1593 Die dreimal gespaltene Nonpareille-Zeile bei
1168 1496 2048 1599 Preis der einzeinen Nummer 70 h = 70 Pfg.
915 1523 1132 1598 8 Kronen
251 1523 739 1618 Für Oesterreich-Ungarn
2115 1567 2914 1624 einmaliger Einschaltung 40 h = 35 Pfg.
910 1584 1108 1648 8 Mark
1476 1581 1749 1648 Abonnements
253 1599 606 1667 Für Deutschland
1127 1593 2960 1694 übernehmen alle Postämter u. Annoncenbureaux. Bei grösseren Aufträgen entsprechender Rabatt.
906 1638 1133 1697 12 Francs
254 1638 907 1711 Für alle anderen Staaten
517 1670 2678 1769 Unverlangte Mannscripte werden nicht retonrnirt. Allen Briefen und Sendungen ist Rückperto anzufügen.
2522 1734 2919 1829 August 1902.
1015 1782 2191 1858 Redaction und Administration: Wien, IV., Trappelgasse 4.
271 1775 483 1868 Nr. 8.
1231 1913 1998 2016 Arthur Schnitzler.
1260 2005 1949 2103 Eine literarische Porträtstudie von
1430 2093 1783 2180 Ungo Schoeppl.
1634 2140 2958 2232 =Der grüne Kakadu- oder -Der Schleier der Beatrice-. Und dieses
413 2180 1614 2278 In unserer Zeit ein Dichter sein, ist viel. Für Zeitungen oder
1623 2216 2970 2294 Wiener-Milien ist auch so recht das eigentliche Element des Dichters,
472 2236 1621 2317 Verleger schreiben, will nicht allzuviel bedeuten, hier
1624 2259 2966 2334 sobald er sich davon entfernt, hat man den Eindruck, als ob er sich
262 2292 1612 2370 und dort gelten gewisse Verbindungen und Protektionen oft
1614 2314 2958 2407 in ein Gebiet begeben habe, das ihm selbst ungleich fremder er¬
259 2341 1622 2407 mehr als Können und Wissen, — aber ein wirklicher Poet sein, der weit
1634 2353 2969 2436 scheinen müsse. Das ist ja auch ganz natürlich. Seine ganze Studien¬
273 2378 1621 2463 über die erschrecklich grosse Armee von Skribenten hinausragt und
1624 2410 2974 2494 zeit spielt sich in Wien ab, in Wien besuchte er die Universität, in
268 2443 1609 2514 dem nichts von jenem Dilettantismus anhaftet, der sich heute vielfach so
1610 2470 2965 2548 Wien promovirt er 1885 zum Doktor der gesammten Heilkunde, in
273 2480 1623 2567 protzenhaft breitmacht, ein wirklicher Poet sein, der mit jedem Werke
2099 2507 2976 2593 Wien ist er 1886 bis 1888 Sekundararzt im
274 2543 1167 2619 einen neuen Befähigungsnachweis für seinen
2095 2558 2969 2628 k. k. allgemeinen Krankenhause, von 1888
267 2589 1160 2677 Beruf erbringt, das heisst etwas. Man hat
2092 2615 2979 2671 Assistent an der Poliklinik. In Wien erscheint
268 2644 1158 2710 einmal gesagt, die Grenze zwischen Dilettan¬
2086 2657 2981 2725 auch bei Braumüller sein medizinisches Werk
268 2689 1155 2770 tismus und Beruf sei im Reiche der Dichtung
2104 2701 2964 2775 Ueber functionelle Aphonie und ihre Be¬
269 2738 1162 2815 schwer zu ziehen und alle grossen Poeten
2089 2747 2969 2820 handlung durch Hypnose und Suggestione.
277 2788 1157 2855 seien einmal Dilettanten gewesen. Das ist
2088 2800 2974 2882 Holla, sagt da einer, das gehört nicht in
277 2838 1154 2911 nicht wahr. Der Dilettant schreibt zum Ver¬
2100 2859 2978 2934 die literarische Porträtstudie! Be¬
281 2896 1165 2962 gnügen, der Poet aus Bedürfnis, der Dilettant
2097 2901 2976 2963 ruhigen Sie sich gefälligst, mein Bester,
275 2950 1159 3005 ist nie Original, er empfindet nur nach, der
2103 2948 2975 3021 Schnitzler verläugnet auch als Dichter
275 2971 1168 3067 Dichter aber erschafft, erfindet, der Dilettant
2096 3000 2976 3076 den Arzt nicht, und darum wäre es ge¬
279 3034 1156 3110 hat der Welt nichts zu sagen, er spricht
2090 3043 2986 3117 radezu eine Lücke, hier über Schnitzler als
274 3092 1170 3161 gleichsam zu sich und seinen Freunden, der
2102 3095 2974 3170 Arzt und Fachschriftsteller nichts zu sagen.
285 3140 1159 3201 Poet aber wendet ich an Alle, an jeden, er
2101 3146 2988 3230 Er schrieb auch kritische Aufsätze in der
283 3196 1173 3252 wirbt seine Freunde und reisst sie mit sich.
2109 3191 2986 3278 -Internationalen klinischen Rundschaut, als
332 3234 1163 3317 Ein solcher Poet ist Arthur Schnitzler.
2108 3242 2985 3323 deren verantworlicher Redakteur er tätig
332 3290 1161 3363 Dem Kritiker hat die Individualität eines
2106 3285 2983 3357 war, ferner veröffentlichte er -Londoner
282 3332 1173 3415 Dichters zu gelten, wo aber gar keine ist,
2099 3345 2989 3408 Briefe- 1888 Nr. 27, 29 und 31 und beteiligte
287 3390 1167 3466 wäre es vergeblich Bemühen, zu reden.
2111 3395 2994 3469 sich an der Herausgabe des -Klinischen Atlas
279 3437 1171 3515 Schnitzler aber ist eine Individualität, eine
2108 3447 2822 3527 für Laryngologie und Rhinologiee.
292 3482 1174 3564 starke, eine kühne, manchmal vielleicht zu
2156 3470 2979 3577 Daneben aber war der Arzt auch Dichter.
281 3534 1163 3606 kühne. Er hat freilich seine Feinde, aber
2103 3547 2988 3618 Er schrieb als Mitarbeiter der Zeitschriften
280 3589 1167 3659 ich halte es nicht der Mühe wert, über
2118 3616 2989 3662 Blaue Donau-, Moderne Dichtung-, Mo.
284 3626 1235 3702 dieselben viel Worte zu verlieren. Ich will
2112 3640 2990 3725 derne Rundschau“, Frankfurter Zeitung- und
288 3684 1168 3753 hier in kurzen Strichen ein Porträt Schnitz¬
1650 3697 2980 3773 Freie Bühne Gedichte, Erzählungen und dramatische Arbeiten. Aus
290 3724 1636 3809 lers entwerfen, und dann mögen sich die Leser selbst ein Urteil
1648 3739 2987 3838 jener Periode sind Alkandis Lied-, Episode-,-Frage
291 3782 1397 3866 über jene bilden, denen Schnitzlers Muse nicht behagt.
1643 3791 2990 3863 andas Schicksal-, -Denksteine-, Anatols Hochzeits¬
412 3807 1636 3899 Es brauchte nirgends zu lesen sein, dass Arthur Schnitzler am
1642 3865 1945 3933 morgen.
298 3866 1635 3949 15. Mai 1862 in Wien geboren sei, denn der echte Wiener spricht
1762 3864 2997 3965 1803 erschienen im Bibliographischen Bureau im Berlin sieben
292 3924 1641 3991 fast aus jedem seiner Werke. Das Wiener-Milien finden wir meistens
1645 3934 2997 4036 Einakter Schnitzlers unter dem Titel Anatol, echte und rechte
284 3973 1634 4037 bei ihm, sowohl in seinen Novellen und im Romane -Frau Bertha
1648 3996 2997 4069 Komödien voll Leben und flotter, geistvoller Dialoge, die es mit dem
288 4022 1638 4104 Garlan-, wie in seinen dramatischen Dichtungen mit Ausnahme der¬
1647 4037 2999 4129 vielgerühmten Esprit des französischen Theaters getrost aufnehmen
287 4067 1634 4152 jenigen, die historischen Hintergrund haben, wie etwa -Paracelsus,
