3392 4352
94 285 208 362 2
792 244 1261 361 box 37/2
222 268 702 371 Cuttings
1784 1330 2321 1415 euntrhteg
2768 1339 2928 1409 RRA
67 1362 292 1436 att, man
292 1371 907 1447 erteilt die Universitätsquästur.
1657 1374 3003 1432 stochen war. Der Beamte ist nach dem Krankenhaus gebracht worden
75 1414 288 1479 en Ideale
416 1422 1650 1477 Auszeichnung für verdienstvolle Leistung. Auf der soeben be¬
1662 1420 3004 1478 und jetzt noch nicht völlig hergestellt. Die Burschen hatten
77 1453 286 1511 klang zu
293 1437 1654 1524 endeten Gewerbeausstellung in Weimar, die vom 20. Mai bis 1. Juni
1655 1462 3008 1519 nach der Tat die Fluchtin der Richtung nach Eutritzscher¬
80 1497 2995 1556 onarchen= stattfand, hat die Firma Robert Kiehle, Leipzig, für ver= griffen. Bis jetzt sind die Unbekannten noch nicht zu ermitteln ge¬
87 1548 208 1633 een
78 1629 277 1697 ich durch
297 1632 1650 1700 Wollte ich auf dem Gebiete der Musik das gleiche tun, so geriete ich in
1655 1640 2997 1709 malerei, wenn man hinter die Geheimnisse guckt, im Grunde völlig das
83 1680 284 1745 für Sie
302 1674 1644 1742 Verlegenheit. Seitdem die vier Großen der letzten Zeiten, Bruckner,
1654 1685 3000 1728 gleiche. Beidemal ist das schöpferische Grundphänomen jene außer¬
82 1717 277 1784 Tiroler,
298 1721 1651 1786 Brahms, Strauß und Hugo Wolf, dahingegangen sind, und nachdem
1662 1720 3005 1767 ordentliche Sensibilität, die den zartesten Duft hascht, die das Unaus¬
90 1768 292 1820 er, da er
298 1753 1648 1810 überdies Mabler uns verlassen hat, gibt's niemanden mehr, der über
1660 1765 3007 1818 sprechliche, kaum noch Sichtbare, schier übersinnlich zu Ahnende erfaßt
95 1801 287 1860 Anzen¬
298 1789 1651 1862 das Mittelmaß hinausragt (Weingartner zählt noch nicht). Besser schon
1664 1800 3007 1857 und durch ein Wunder der Ausdrucksfähigkeit dem Pinsel anvertraut.
93 1845 281 1893 8 Eben¬
305 1828 1654 1898 steht's auf dem Gebiet der bildenden Künste; da gibt's unter Malern und
1658 1834 2993 1892 Wenn Sie wollen, ist selbst hier Klimt immer noch ein Anempfinder:
84 1865 279 1934 icht den
1669 1868 3008 1924 freilich nicht mehr an irgendwelche Kunst, sondern an die Verborgen¬
290 1880 1658 1941 Bildhauern manch guten Namen. Aber wer von ihnen ist repräsentativ
92 1920 276 1979 Naivität
1662 1918 2997 1966 heiten der Natur. Und das ist dann freilich eine Anempfindung“, zu
340 1910 1650 1978 — wie's etwa für die siebziger Jahre Makart war? Ich wüßte nur
1656 1951 3006 2005 deren Bezeichnung uns nur das eine Wort „genial“ noch übrig bleibt.
77 1955 284 2017 hler ge¬
291 1950 1385 2020 einen zu nennen, einen Vielumstrittenen: Gustav Klimt.
1655 1979 2998 2066 Denn hier ist ein Kunstwert geschaffen der noch niemals da war, und
78 2002 288 2052 In zwei
368 1983 1649 2059 Klim' ist in mancher Hinsicht eine Parallelerscheinung zu Hof¬
1658 2023 2896 2102 in dem die feinste Essenz einer ganzen Rasse sich selber sublimiert.
83 2031 290 2101 boden¬
291 2027 1644 2092 mannsthal. Auch bei ihm wurzelt die Produktivität vor allem in einer
93 2068 272 2131 hat ein
300 2071 1657 2134 ungewöhnlich starken Rezeptivität: er ist ein Aufsauger größten Stiles.
290 2104 1654 2166 Und das entscheidende Organ ist bei ihm, ganz wie bei Hofmannsthal,
95 2116 279 2169 ekonomik
293 2142 1653 2207 ein hochgesteigerter Geschmack, eine eminent reizbare Schönheitsempfin¬
94 2157 293 2222 Hebbels
286 2194 1640 2240 dung. Doch steckt er minder in Traditionen als Hofmannsthal. Viel¬
86 2194 283 2263 ser Ent¬
1739 2207 3006 2271 * Hochschulnachrichten. Eine ethnographische Forschungsreise nach
289 2229 1653 2282 mehr hat er alle entscheidenden Anregungen von unserer eigenen Zeit
1666 2253 3012 2314 dem südlichen Amazonas=Gebiete hat Dr. Fritz Krause vom Leipziger
299 2269 1656 2319 empfangen. Und das begründet dann freilich einen schwerwiegenden
88 2277 280 2336 llig ein¬
1670 2292 3001 2346 Völker=Museum im Auf rage der Stadt Leipzig unternommen. Er ist jetzt
290 2297 1643 2357 Unterschied. Es macht Klimt minder klassisch“ aber dafür bei weitem
95 2310 273 2372 rhält er
1670 2326 3020 2388 in Goyaz eingetroffen und will von da nach Leopoldina gehen und den Araguaya¬
297 2335 1654 2407 sensitiver, lebensnäher, schillernder. Und gewiß war er ursprünglich
100 2345 272 2409 zu bär¬
1662 2361 3018 2427 Tocantins hinunterfahren; auch plant er einen Vorstoß über Land nach dem
299 2375 1645 2440 auch menschlicher und natürlicher. Ob er's freilich heute noch ist, muß
93 2390 278 2449 nes ger¬
1657 2406 3003 2459 oberen Schingu. — Die Goldene Liebig=Medaille ist von dem Kuratorium
293 2416 1643 2481 ich bezweifeln. Vielmehr ist's für Klimts Entwickelung kennzeichnend,
111 2426 282 2489 gebügel¬
1657 2448 3010 2491 der bei der Bayrischen Akademie der Wissenschaften bestehenden Liebig=Stiftung
300 2456 1650 2510 daß er von der schlichten Natur immer mehr abgerückt ist und sich mit
94 2469 284 2537 ken, daß
1660 2482 2995 2547 den Professoren Rubner=Berlin und König=Münster verliehen worden. —
298 2485 1655 2543 programmatischem Eifer ganz einem dekorativen Stilismus verschrieben
120 2518 289 2568 Teufel
1657 2514 3003 2570 Wie aus Jena gemeldet wird, hat der Nationalökonom Professor
301 2524 1647 2610 hat, der ihn gegen die naturgegebenen Formen allmählich völlig hat ab¬
111 2545 274 2617 schlech¬
1663 2562 1760 2616 Dr.
1751 2559 3011 2617 Bernhard Harms einen Ruf an die Universität Tübingen
304 2563 632 2634 stumpfen lassen.
82 2596 285 2660 ter weiß
1670 2583 2941 2647 als Nachfolger des verstorbenen Kanzlers v. Schönberg erhalten.
377 2609 1655 2670 Ich beklage diese Entwickelung Klimts ungemein, weil ich keinerlei
1658 2624 3007 2685 Der Deutsche Verein für öffentliche Gesundheitspflege wird seine
297 2647 1651 2710 Heil darin erblicke. Trotzdem kann ich nicht aufhören, seine Persönlich¬
99 2655 280 2726 und die
1662 2665 3005 2721 diesjährige Jahresversammlung in den Tagen vom 16. bis 19. September in
295 2679 1645 2744 keit zu lieben. Und mag er auch allmählich sich in Schrullen verrannt
82 2698 292 2769 äre man
1666 2708 3009 2759 Wiesbaden abhalten, unmittelbar vor der am 20. September beginnenden
299 2718 1641 2787 haben, er hat dennoch sohiel vom Allerbesten und Allerfeinsten, was wir
84 2743 286 2803 es Dich¬
1668 2742 3007 2811 Versammlung deutscher Naturforscher und Aerzte in Köln. — Aus Tübingen
297 2755 1647 2820 „wienerisch“ nennen, daß seine Vaterstadt allen Grund hätte stolz auf
87 2788 279 2849 8 Negie¬
1673 2789 3016 2850 schreibt man: Der Archäologe Prof. Dr. J. Bulle in Erlangen hat den
298 2797 1655 2857 ihn zu sein. Vor allem ist er ein Frauenkenner, und als solcher der
90 2826 282 2885 ihm als
1668 2826 3018 2874 Ruf an die hiesige Universität abgelehnt. — Der ehemalige Privatdozent an
294 2835 1651 2887 seelenvollste Bestricker, den nicht etwa bloß Wien, sondern meiner Ueber¬
1667 2867 3016 2922 den philosophischen Fakultäten Heidelberg und Erlangen, Prof. Dr. L. Rabus
81 2858 292 2921 icht ver¬
295 2872 1655 2941 zeugung nach die gesamte heutige Malerei kennt. Gewiß, es gibt mon¬
1661 2899 3018 2946 in Erlangen, feiert, wie uns mitgeteilt wurde, am 23. Juni sein, 50jähriges
87 2906 281 2963 sich dazu
290 2912 1650 2977 dänere, „umschmeißendere“ Porträtisten; Sargent zum Beispiel, oder
1668 2942 3011 2999 Doktorjubiläum. Die philosophische Fakultät Leipzig wird ihm aus diesem
86 2937 290 3007 Ennersten
299 2955 1638 3015 Lavery. Aber beide sind, an Klimt gemessen, grobmateriell, oberfläch¬
1666 2970 2202 3042 Anlaß das Diplom erneuern.
99 2978 283 3042 Das ist
293 2990 1654 3048 lich, uninteressant. Was Klimt malt, das ist (ich kann mich nicht anders
94 3016 289 3081 Prediger.
1769 3025 3007 3094 Kleine Chronik. Der Hofburgschauspieler Arnold Korff, der erste
301 3031 1644 3092 ausdrücken): das sexuelle Mysterium. Doch ohne plumpe Indis¬
88 3070 279 3124 nd dafür
298 3061 1640 3116 kretion — es ist nur für das feinste Auge erhaschbar und mit äußerster
1668 3064 3007 3121 Liebhaber und Bonvivant der Wiener Hofbühne, ist an das „Berliner
86 3105 285 3159 ber mit
1672 3111 3011 3165 Theater“ engagiert worden, in dessen Verband er schon im September
300 3107 1650 3164 Delikatesse unter einer Glitzerschicht ornamental=malerischer Reize ver¬
101 3140 289 3200 sich für
1664 3141 3017 3203 dieses Jahres tritt. — An das Berliner „Hebbel=Theater“ wurden für die
290 3146 1639 3204 borgen. Maa Klimt überall sonst ein künstlerischer Anempfinder sein,
101 3179 285 3252 wie sein,
1668 3180 3011 3238 nächste Saison engagiert Grete Berger und Erna Bruhn vom Deutschen
298 3173 1647 3245 mag er von Besnard, Khnopff, Toorop. Hodler und manchen anderen
1660 3222 3003 3279 Theater, Maria Karsten vom Stadttheater in Halle, Margot Bienz vom Stav.
301 3214 1658 3272 unendlich viel genommen, freilich auch alles aufs individuellste und reiz¬
90 3241 282 3312 atürlich
1664 3253 3010 3312 theater in Eisenach, Maria Einödshofer, Guido Herzfeld und Hans Stauffen
296 3261 1649 3312 vollste verschmolzen haben: in seiner Kunst der Frauenmalerei ist er
1660 3290 3013 3353 vom Schiller=Theater, Johann Schrader vom Berliner Theater, Viktor Flem¬
97 3298 288 3356 ltenberg,
303 3300 1656 3350 ganz original und nur sich selber, oder allenfalls noch dem Genius seiner
1673 3328 3016 3385 ming vom Neuen Schauspielhause und Hans Wolf v. Wolzogen. Alle diese
303 3336 1660 3397 Vaterstadt zu Dank verpflichtet. Und auch in der Landschaft ist Klimt
96 3369 2486 3447 den sein. völlig apart. Und zwar ist seine Landschaftsmalerei und seine Frauen=I Künstler waren also in Berlin bereits wirksam.
