3392 4384
1737 255 2201 342 box 35//6
1280 273 1346 330 12
160 259 1598 355 2. Die griechische Taeherin
971 1543 2109 1614 eingeführt: mit ihrer sicheren, ruhigen, kraftvollen
966 1601 2107 1667 Art, fesselnde Prosa zu schreiben, Gestalten zu sehen
974 1648 2099 1728 oder zu erfinden. Sie ist keine Ebner=Eschenbach, die
978 1695 2108 1763 uns Oesterreichern gehört, aber die Deutschen haben
963 1761 2101 1802 keine bessere. Aus Fanni Gröger, deren „Adi¬
973 1802 2103 1863 mukti“ man kennt, müßte eine Viebig werden können.
1049 1838 2105 1900 Der Stern des Gegners, Herr Stilgebauer,
978 1889 2105 1955 ist sicher auch kein unbedeutender Mann: manches
975 1943 2105 1999 Wort, mancher Satz, vielleicht manches Kapitel ge¬
974 1985 2099 2056 mahnt, die Lektüre zu verlangsamen, hebt ihn von der
971 2038 2103 2098 zahlreichen Mittelmäßigkeit ab. Er liefert heute schon
982 2087 2109 2146 weit über Durchschnittsware. Nur zu viel Kaleidoskop,
979 2143 2110 2195 nichts als Bilder. Besonders der zweite Teil ist der
965 2185 2105 2235 reine Kinematograph: man wird ganz schwindlig. Er,
981 2234 2108 2303 selbst vermutlich ein ewig Rastloser, gönnt dem Leser
973 2284 1425 2349 keine Ruheplätzchen.
1078 2318 2106 2390 Dies alles habe ich gesagt, um zu beweisen, daß
978 2380 2101 2444 mir Stilgebauer wirklich sympathisch ist. Es täte mir
975 2421 2113 2483 leid um seine Anlagen, seine Fähigkeiten (ich meine
979 2477 2108 2549 nicht die Absatzfähigkeiten!). Aber sein Name verliert
979 2527 2108 2583 sich im Lärm des Trommelwirbels, der ihn umbraust,
976 2575 2101 2623 im Getöse des Reklameorchesters, das ihn begleitet.
981 2620 2098 2681 Und so wäre es jetzt vielleicht am Platze, nachzu¬
971 2686 2102 2731 schlagen, was die verschiedenen Dichter und Denker
981 2719 2115 2786 einmal über einen ähnlichen Fall, wie ein talentierter
975 2766 2103 2821 Mensch von der Reklame erdrückt wird, gesagt haben.
986 2818 2120 2884 Ich bin sicher, daß Goethe ein gutes Wort niedergelegt
977 2873 2133 2930 hat; auch Lessing, Wagner, Nietzsche haben auf diese
982 2911 2116 2981 Eventualität, zitiert werden zu müssen, vermutlich
980 2962 2111 3015 nicht vergessen. Aber man erinnert sich dabei an das
979 3008 2116 3073 Wort Luthers, der gesagt hat: „Gott soll mich nur
975 3061 2107 3128 vor meinen Freunden schützen, mit meinen Feinden
981 3111 2108 3171 will ich schon selbst fertig werden.“ Wie ich bemerke,
973 3158 1721 3231 habe ich aber nun doch zitiert ...
1441 3197 2090 3291 Oskar Friedmann.
