3392 4384
2071 182 2237 243 —
1730 233 2200 342 box 35/6
1108 242 1363 316 Taenz
142 240 1576 348 2. Die griecisce rin
2229 1786 2348 1863 583
639 1895 2346 1984 sind. Das Eigenbrödlerwesen, merkwürdig genug bei seinen geselligen Anlagen, auch der
632 1950 2340 2035 hang zur Vereinzelung steckt nun einmal unausrottbar im Österreicher. Nur in der Jugend
635 2020 2342 2087 gefällt er sich in der herde; hernach wenn er irgend begabt ist, isoliert er sich gewiß,
638 2072 1723 2160 hat er erst einmal seine Jahre und seine Reife erlangt.
727 2144 2354 2218 Im allgemeinen: wir stehen zur Zeit gar nicht übel im Erzählerwesen. Und die
646 2181 2350 2271 Kette, die beim armen Spielmann und Friedrich halms Novellen angeschlungen ward,
636 2239 2351 2322 erstreckt sich schön gegliedert, fest und harmonisch verbunden, mit einer freilich ziemlich
655 2313 1450 2399 ausgiebigen Lücke, bis auf unsere Tage.
2968 1905 3031 1978 130
2917 2009 2994 2106 35
2999 2065 3125 2142 A
2907 2077 2990 2134 ER
