<?xml version="1.0" encoding="UTF-8" standalone="yes"?>
<PcGts xmlns="http://schema.primaresearch.org/PAGE/gts/pagecontent/2013-07-15" xmlns:xsi="http://www.w3.org/2001/XMLSchema-instance" xsi:schemaLocation="http://schema.primaresearch.org/PAGE/gts/pagecontent/2013-07-15 http://schema.primaresearch.org/PAGE/gts/pagecontent/2013-07-15/pagecontent.xsd">
    <Metadata>
        <Creator>prov=University of Rostock/Institute of Mathematics/CITlab/Gundram Leifert/gundram.leifert@uni-rostock.de:name=ONB_Newseye_GT_M1+(htr_id=10810)::::v=2.4.2
prov=University of Rostock/Institute of Mathematics/CITlab/Tobias Gruening/tobias.gruening@uni-rostock.de:name=de.uros.citlab.module.baseline2polygon.B2PSeamMultiOriented:v=2.4.2
prov=University of Rostock/Institute of Mathematics/CITlab/Tobias Gruening/tobias.gruening@uni-rostock.de:name=/mnt/transkribus/LA/DEA/URO/LA_news_onb_att.pb:de.uros.citlab.segmentation.CITlab_LA_ML:v=2.4.2
Transkribus</Creator>
        <Created>2019-10-07T13:52:27.713+02:00</Created>
        <LastChange>2019-10-08T23:14:13.471+02:00</LastChange>
        <TranskribusMetadata docId="224102" pageId="9510729" pageNr="13" tsid="16614607" status="IN_PROGRESS" userId="40391" imgUrl="https://files.transkribus.eu/Get?id=UIXZCVIUTERIXEORGEYDTJDV&amp;fileType=view" xmlUrl="https://files.transkribus.eu/Get?id=DKXYVABHGJTCWFHQKANBEALW" imageId="6199253"/>
    </Metadata>
    <Page imageFilename="224102_0013.jpeg" imageWidth="3392" imageHeight="4384">
        <ReadingOrder>
            <OrderedGroup id="ro_1711444131406" caption="Regions reading order">
                <RegionRefIndexed index="0" regionRef="r1"/>
                <RegionRefIndexed index="1" regionRef="r2"/>
            </OrderedGroup>
        </ReadingOrder>
        <TextRegion orientation="0.0" id="r1" custom="readingOrder {index:0;}">
            <Coords points="167,215 167,4070 2546,4070 2546,215"/>
            <TextLine id="r1l1" custom="readingOrder {index:0;}">
                <Coords points="1751,254 1779,265 1832,247 1919,263 1960,242 2015,265 2096,262 2126,245 2170,272 2198,255 2226,264 2227,190 2176,195 2140,175 1948,200 1887,179 1835,202 1801,184 1752,201"/>
                <Baseline points="1761,244 1786,243 1811,242 1836,242 1862,242 1887,242 1912,243 1937,243 1963,244 1988,245 2013,246 2039,247 2064,247 2089,248 2114,248 2140,248 2165,248 2190,248 2216,248"/>
                <TextEquiv>
                    <Unicode>box 35/6</Unicode>
                </TextEquiv>
            </TextLine>
            <TextLine id="r1l2" custom="readingOrder {index:1;}">
                <Coords points="156,252 416,292 1281,284 1466,250 1466,197 1150,186 1091,227 995,183 507,220 353,184 262,236 155,194"/>
                <Baseline points="167,248 231,252 295,256 360,259 424,261 489,262 553,263 617,263 682,262 746,261 811,260 875,258 939,257 1004,255 1068,253 1133,251 1197,249 1261,247 1326,246 1390,244 1455,243"/>
                <TextEquiv>
                    <Unicode>2. Die griechische Taenzer</Unicode>
                </TextEquiv>
            </TextLine>
            <TextLine id="r1l3" custom="readingOrder {index:2;}">
                <Coords points="1396,293 1460,291 1477,302 1521,291 1558,302 1611,272 1666,289 1685,274 1713,278 1713,229 1630,236 1521,180 1462,236 1396,236"/>
                <Baseline points="1406,258 1432,258 1459,259 1486,259 1513,259 1540,259 1567,259 1594,259 1621,259 1648,259 1675,258 1702,256"/>
                <TextEquiv>
                    <Unicode>1n</Unicode>
                </TextEquiv>
            </TextLine>
            <TextLine id="r1l4" custom="readingOrder {index:3;}">
                <Coords points="2307,878 2317,878 2330,888 2347,886 2351,891 2356,886 2379,891 2386,887 2405,893 2424,891 2424,829 2414,829 2403,836 2394,827 2382,825 2352,844 2307,843"/>
                <Baseline points="2318,879 2350,877 2382,878 2414,879"/>
                <TextEquiv>
                    <Unicode>579</Unicode>
                </TextEquiv>
            </TextLine>
            <TextLine id="r1l5" custom="readingOrder {index:4;}">
                <Coords points="805,984 2330,1002 2437,991 2437,938 805,948"/>
                <Baseline points="815,985 895,985 976,985 1056,986 1137,986 1218,986 1298,986 1379,986 1459,986 1540,986 1621,985 1701,985 1782,985 1862,985 1943,984 2024,984 2104,984 2185,983 2265,983 2346,982 2427,981"/>
                <TextEquiv>
                    <Unicode>Die Büchlein, die er bringt, sind bei mäßigem Preise recht gut ausgestattet nach</Unicode>
                </TextEquiv>
            </TextLine>
            <TextLine id="r1l6" custom="readingOrder {index:5;}">
                <Coords points="720,1044 1838,1068 2394,1054 2437,1003 720,1008"/>
                <Baseline points="730,1044 814,1043 899,1043 984,1043 1069,1043 1153,1043 1238,1043 1323,1043 1408,1043 1492,1043 1577,1043 1662,1043 1747,1043 1831,1043 1916,1043 2001,1042 2086,1042 2170,1041 2255,1040 2340,1039 2425,1038"/>
                <TextEquiv>
                    <Unicode>Druck und Papier. Die Titelblätter sind gut und flott gezeichnet. Anderes, der blaue Dorstoß</Unicode>
                </TextEquiv>
            </TextLine>
            <TextLine id="r1l7" custom="readingOrder {index:6;}">
                <Coords points="724,1108 2358,1120 2441,1060 724,1068"/>
                <Baseline points="735,1103 819,1103 904,1103 989,1103 1074,1103 1159,1103 1243,1103 1328,1103 1413,1103 1498,1103 1583,1103 1667,1103 1752,1103 1837,1103 1922,1103 2007,1102 2091,1102 2176,1101 2261,1100 2346,1099 2431,1098"/>
                <TextEquiv>
                    <Unicode>der ersten beiden Seiten, ist freilich minder zu rühmen und in hinsicht des guten Ge¬</Unicode>
                </TextEquiv>
            </TextLine>
            <TextLine id="r1l8" custom="readingOrder {index:7;}">
                <Coords points="721,1168 792,1186 926,1166 1077,1186 1105,1166 1148,1187 1343,1171 1343,1130 1300,1118 894,1130 859,1115 721,1133"/>
                <Baseline points="733,1163 764,1163 796,1163 827,1163 859,1163 890,1163 922,1162 953,1162 985,1162 1016,1161 1048,1161 1079,1160 1111,1160 1142,1159 1174,1159 1205,1159 1237,1159 1268,1159 1300,1160 1332,1160"/>
                <TextEquiv>
                    <Unicode>schmackes recht sehr anfechtbar.</Unicode>
                </TextEquiv>
            </TextLine>
            <TextLine id="r1l9" custom="readingOrder {index:8;}">
                <Coords points="800,1214 2423,1223 2422,1174 2160,1154 799,1188"/>
                <Baseline points="811,1221 891,1220 971,1220 1051,1219 1131,1219 1211,1219 1291,1218 1371,1218 1451,1218 1531,1217 1612,1217 1692,1216 1772,1216 1852,1216 1932,1215 2012,1214 2092,1214 2172,1213 2252,1212 2332,1211 2413,1210"/>
                <TextEquiv>
                    <Unicode>Autoren, die man sonst ziemlich regelmäßig zu begrüßen gewohnt ist, fehlen annoch.</Unicode>
                </TextEquiv>
            </TextLine>
            <TextLine id="r1l10" custom="readingOrder {index:9;}">
                <Coords points="723,1291 2427,1286 2427,1241 2326,1222 723,1238"/>
                <Baseline points="733,1280 817,1279 901,1279 985,1279 1069,1279 1154,1278 1238,1278 1322,1278 1406,1277 1490,1277 1575,1276 1659,1276 1743,1275 1827,1275 1911,1274 1996,1274 2080,1273 2164,1272 2248,1272 2332,1271 2417,1270"/>
                <TextEquiv>
                    <Unicode>Neue machen sich bemerklich. So hat sich Graf Carlo Skapinelli durch Ehrlichkeit der</Unicode>
                </TextEquiv>
            </TextLine>
            <TextLine id="r1l11" custom="readingOrder {index:10;}">
                <Coords points="725,1352 2442,1326 2310,1284 725,1294"/>
                <Baseline points="735,1335 819,1335 904,1335 989,1336 1074,1336 1159,1336 1243,1336 1328,1336 1413,1336 1498,1336 1583,1335 1667,1335 1752,1335 1837,1334 1922,1334 2007,1333 2091,1332 2176,1331 2261,1330 2346,1329 2431,1328"/>
                <TextEquiv>
                    <Unicode>Arbeit und der Beobachtung eine Aufmerksamkeit erworben. Richard Schaukal, immer</Unicode>
                </TextEquiv>
            </TextLine>
            <TextLine id="r1l12" custom="readingOrder {index:11;}">
                <Coords points="731,1402 2399,1407 2433,1345 731,1364"/>
                <Baseline points="741,1392 825,1393 909,1394 993,1395 1077,1395 1161,1395 1245,1396 1329,1396 1413,1396 1497,1396 1582,1395 1666,1395 1750,1394 1834,1393 1918,1392 2002,1391 2086,1390 2170,1389 2254,1388 2338,1386 2423,1384"/>
                <TextEquiv>
                    <Unicode>noch in erster Linie Lyriker, hat seine „Mimi Lynx“ aus einem früheren Sammelband</Unicode>
                </TextEquiv>
            </TextLine>
            <TextLine id="r1l13" custom="readingOrder {index:12;}">
                <Coords points="735,1469 2379,1468 2441,1413 734,1405"/>
                <Baseline points="746,1458 830,1456 914,1455 998,1454 1083,1453 1167,1453 1251,1452 1335,1452 1420,1451 1504,1451 1588,1451 1672,1451 1757,1450 1841,1450 1925,1450 2009,1450 2094,1450 2178,1450 2262,1449 2346,1449 2431,1448"/>
                <TextEquiv>
                    <Unicode>herausgeschält — Insel=Verlag, Leipzig — und muß immer schärfer im Rug' behalten</Unicode>
                </TextEquiv>
            </TextLine>
            <TextLine id="r1l14" custom="readingOrder {index:13;}">
                <Coords points="725,1517 1860,1532 2126,1517 2141,1474 725,1490"/>
                <Baseline points="735,1509 804,1509 874,1510 944,1510 1014,1511 1084,1511 1153,1511 1223,1511 1293,1511 1363,1511 1433,1511 1502,1511 1572,1511 1642,1510 1712,1510 1782,1509 1851,1509 1921,1508 1991,1508 2061,1507 2131,1507"/>
                <TextEquiv>
                    <Unicode>werden. Da ist viel Feinheit; nur manchmal ins Unfaßliche übersteigert.</Unicode>
                </TextEquiv>
            </TextLine>
            <TextLine id="r1l15" custom="readingOrder {index:14;}">
                <Coords points="810,1584 2442,1574 2171,1510 810,1531"/>
                <Baseline points="822,1581 902,1580 982,1580 1063,1579 1143,1579 1224,1578 1304,1578 1385,1577 1465,1577 1546,1577 1626,1576 1706,1576 1787,1575 1867,1575 1948,1574 2028,1574 2109,1573 2189,1573 2270,1572 2350,1571 2431,1570"/>
                <TextEquiv>
                    <Unicode>Ein einziges Werk größeren Umfanges sei diesmal erwähnt. Bei Cotta ist ein</Unicode>
                </TextEquiv>
            </TextLine>
            <TextLine id="r1l16" custom="readingOrder {index:15;}">
                <Coords points="733,1649 2435,1642 2390,1584 733,1591"/>
                <Baseline points="743,1638 827,1638 911,1638 995,1638 1079,1638 1163,1637 1247,1637 1331,1636 1415,1636 1499,1635 1584,1635 1668,1634 1752,1634 1836,1633 1920,1632 2004,1632 2088,1631 2172,1631 2256,1631 2340,1631 2425,1630"/>
                <TextEquiv>
                    <Unicode>Roman von Philipp Langmann „Leben und Musik“ erschienen. Er selber möchte in</Unicode>
                </TextEquiv>
            </TextLine>
            <TextLine id="r1l17" custom="readingOrder {index:16;}">
                <Coords points="725,1701 2210,1712 2440,1657 725,1665"/>
                <Baseline points="735,1696 819,1697 904,1697 989,1697 1073,1697 1158,1696 1243,1696 1327,1695 1412,1695 1497,1694 1582,1693 1666,1692 1751,1691 1836,1691 1920,1690 2005,1689 2090,1689 2174,1688 2259,1688 2344,1688 2429,1687"/>
                <TextEquiv>
                    <Unicode>drei Schlagworten zum Verständnis seines Werkes hinführen. Motiv: „Die Kunst ist</Unicode>
                </TextEquiv>
            </TextLine>
            <TextLine id="r1l18" custom="readingOrder {index:17;}">
                <Coords points="735,1772 2441,1755 2288,1698 735,1723"/>
                <Baseline points="747,1757 831,1757 915,1756 999,1756 1083,1756 1168,1755 1252,1755 1336,1754 1420,1754 1504,1753 1589,1753 1673,1752 1757,1751 1841,1751 1925,1750 2010,1750 2094,1749 2178,1749 2262,1748 2346,1747 2431,1747"/>
                <TextEquiv>
                    <Unicode>menschlich und das Leben ist grotesk.“ Stoff: „Kußere und innere Kraft.“ Inhalt: „Die</Unicode>
                </TextEquiv>
            </TextLine>
            <TextLine id="r1l19" custom="readingOrder {index:18;}">
                <Coords points="733,1828 2437,1810 2436,1765 2294,1755 733,1784"/>
                <Baseline points="744,1816 828,1815 912,1814 996,1814 1080,1813 1164,1813 1248,1813 1333,1812 1417,1812 1501,1812 1585,1812 1669,1811 1753,1811 1837,1811 1922,1810 2006,1810 2090,1809 2174,1809 2258,1808 2342,1807 2427,1806"/>
                <TextEquiv>
                    <Unicode>Geburt der Musik aus dem tragischen Gefühl.“ Mich haben sie nur verwirrt und ich</Unicode>
                </TextEquiv>
            </TextLine>
            <TextLine id="r1l20" custom="readingOrder {index:19;}">
                <Coords points="734,1879 2193,1891 2436,1881 2457,1819 734,1839"/>
                <Baseline points="744,1876 829,1875 914,1874 999,1873 1084,1872 1169,1871 1254,1870 1340,1870 1425,1869 1510,1869 1595,1868 1680,1868 1765,1867 1850,1867 1936,1867 2021,1867 2106,1867 2191,1867 2276,1867 2361,1867 2447,1867"/>
                <TextEquiv>
                    <Unicode>besorge, es wird den meisten bei diesem wunderlichen Werk eines ehrlich Ringenden nicht</Unicode>
                </TextEquiv>
            </TextLine>
            <TextLine id="r1l21" custom="readingOrder {index:20;}">
                <Coords points="735,1941 1621,1947 1667,1932 1667,1895 734,1902"/>
                <Baseline points="745,1930 790,1930 836,1930 881,1930 927,1930 973,1930 1018,1930 1064,1930 1109,1930 1155,1930 1201,1930 1246,1930 1292,1930 1337,1929 1383,1929 1429,1928 1474,1928 1520,1927 1565,1926 1611,1925 1657,1923"/>
                <TextEquiv>
                    <Unicode>anders gehen, der immer sucht, ohne zu finden.</Unicode>
                </TextEquiv>
            </TextLine>
            <TextLine id="r1l22" custom="readingOrder {index:21;}">
                <Coords points="824,1994 2445,2003 2444,1941 2387,1933 1891,1950 1746,1906 1375,1957 823,1941"/>
                <Baseline points="834,1989 914,1989 994,1988 1074,1988 1154,1988 1234,1988 1314,1988 1394,1988 1474,1988 1554,1988 1634,1988 1714,1988 1794,1987 1874,1987 1954,1986 2034,1986 2114,1984 2194,1983 2274,1982 2354,1980 2435,1977"/>
                <TextEquiv>
                    <Unicode>Das Groteske fordert Humor. Daran fehlt es ganz. Ganz wunderschön setzt der</Unicode>
                </TextEquiv>
            </TextLine>
            <TextLine id="r1l23" custom="readingOrder {index:22;}">
                <Coords points="732,2067 2447,2039 2263,1989 732,2003"/>
                <Baseline points="742,2051 826,2049 911,2047 995,2046 1080,2046 1165,2045 1249,2045 1334,2044 1419,2044 1503,2044 1588,2044 1673,2044 1757,2044 1842,2044 1927,2044 2011,2043 2096,2043 2181,2042 2265,2040 2350,2039 2435,2037"/>
                <TextEquiv>
                    <Unicode>Roman ein. Die Schilderung der Eltern des helden ist ganz meisterlich; Naturbilder von</Unicode>
                </TextEquiv>
            </TextLine>
            <TextLine id="r1l24" custom="readingOrder {index:23;}">
                <Coords points="746,2121 2354,2118 2452,2108 2452,2042 745,2062"/>
                <Baseline points="756,2110 840,2108 924,2107 1008,2106 1093,2104 1177,2104 1261,2103 1345,2103 1430,2103 1514,2103 1598,2103 1682,2103 1767,2103 1851,2102 1935,2102 2019,2101 2104,2101 2188,2099 2272,2098 2356,2096 2441,2094"/>
                <TextEquiv>
                    <Unicode>einer seltenen Schönheit und Innigkeit der Sprache wecken die höchsten Erwartungen und</Unicode>
                </TextEquiv>
            </TextLine>
            <TextLine id="r1l25" custom="readingOrder {index:24;}">
                <Coords points="730,2165 2408,2169 2438,2107 730,2135"/>
                <Baseline points="740,2168 824,2167 908,2166 993,2165 1077,2164 1161,2163 1246,2163 1330,2162 1414,2161 1499,2161 1583,2160 1667,2160 1752,2159 1836,2159 1920,2158 2005,2157 2089,2157 2173,2156 2258,2156 2342,2155 2427,2154"/>
                <TextEquiv>
                    <Unicode>auch späterhin findet man Gedanken über die Kunst von einer seltenen Tiefe und Nach¬</Unicode>
                </TextEquiv>
            </TextLine>
            <TextLine id="r1l26" custom="readingOrder {index:25;}">
                <Coords points="736,2228 2374,2235 2451,2226 2451,2160 736,2164"/>
                <Baseline points="746,2217 830,2217 915,2216 1000,2216 1084,2216 1169,2216 1254,2215 1338,2215 1423,2215 1508,2215 1593,2215 1677,2214 1762,2214 1847,2214 1931,2214 2016,2214 2101,2213 2185,2213 2270,2213 2355,2213 2440,2213"/>
                <TextEquiv>
                    <Unicode>Lenklichkeit. Alles aber verflattert und entgleitet einer hand, die sich zu weit spannte,</Unicode>
                </TextEquiv>
            </TextLine>
            <TextLine id="r1l27" custom="readingOrder {index:26;}">
                <Coords points="726,2294 2202,2293 2434,2279 2449,2232 726,2245"/>
                <Baseline points="737,2279 822,2278 907,2278 992,2277 1077,2276 1162,2276 1247,2275 1332,2274 1417,2273 1502,2272 1587,2272 1672,2271 1757,2271 1842,2270 1927,2270 2012,2269 2097,2269 2182,2269 2267,2269 2352,2270 2438,2270"/>
                <TextEquiv>
                    <Unicode> um mehr zu fassen, als sie nun einmal halten konnte. Selbst die Sprache, die ich sonst</Unicode>
                </TextEquiv>
            </TextLine>
            <TextLine id="r1l28" custom="readingOrder {index:27;}">
                <Coords points="744,2355 1696,2350 1819,2333 1819,2278 743,2297"/>
                <Baseline points="755,2332 807,2333 860,2334 913,2335 965,2335 1018,2335 1071,2334 1123,2334 1176,2333 1229,2332 1282,2332 1334,2331 1387,2330 1440,2329 1492,2328 1545,2328 1598,2327 1650,2326 1703,2326 1756,2326 1809,2325"/>
                <TextEquiv>
                    <Unicode>an Langmann sehr liebe, blaßt ab und wird körperlos.</Unicode>
                </TextEquiv>
            </TextLine>
            <TextLine id="r1l29" custom="readingOrder {index:28;}">
                <Coords points="829,2414 2448,2400 2447,2353 2328,2318 2156,2361 829,2358"/>
                <Baseline points="839,2390 918,2390 998,2390 1078,2390 1158,2390 1238,2390 1318,2390 1398,2390 1478,2390 1558,2389 1638,2389 1717,2389 1797,2388 1877,2388 1957,2387 2037,2387 2117,2386 2197,2385 2277,2384 2357,2383 2437,2383"/>
                <TextEquiv>
                    <Unicode>Eine Inhaltsangabe ist unmöglich. Da ist der held Ludwig Strange, der sein herz</Unicode>
                </TextEquiv>
            </TextLine>
            <TextLine id="r1l30" custom="readingOrder {index:29;}">
                <Coords points="737,2467 2415,2459 2449,2405 736,2418"/>
                <Baseline points="748,2453 832,2452 917,2451 1001,2450 1086,2449 1170,2448 1255,2448 1339,2447 1424,2447 1508,2446 1593,2446 1678,2446 1762,2446 1847,2445 1931,2445 2016,2445 2100,2444 2185,2443 2269,2443 2354,2442 2439,2440"/>
                <TextEquiv>
                    <Unicode>an die schöne, aber böse Larina Gerspitz zu verlieren verdammt ist. Durch sie kommt er</Unicode>
                </TextEquiv>
            </TextLine>
            <TextLine id="r1l31" custom="readingOrder {index:30;}">
                <Coords points="730,2515 2192,2526 2420,2516 2443,2452 730,2492"/>
                <Baseline points="741,2508 825,2508 910,2507 994,2507 1079,2507 1164,2506 1248,2506 1333,2505 1417,2505 1502,2504 1587,2504 1671,2503 1756,2502 1840,2502 1925,2501 2010,2500 2094,2500 2179,2499 2263,2498 2348,2498 2433,2497"/>
                <TextEquiv>
                    <Unicode>um Brot und Stellung. Die unerhörten Erregungen aber lösen den musikalischen Genius</Unicode>
                </TextEquiv>
            </TextLine>
            <TextLine id="r1l32" custom="readingOrder {index:31;}">
                <Coords points="741,2569 2097,2584 2413,2568 2442,2510 740,2522"/>
                <Baseline points="752,2568 840,2567 928,2566 1017,2566 1105,2566 1193,2566 1282,2566 1370,2566 1458,2566 1547,2566 1635,2567 1724,2567 1812,2567 1900,2566 1989,2566 2077,2565 2165,2564 2254,2562 2342,2560 2431,2557"/>
                <TextEquiv>
                    <Unicode>in ihm aus und im traumwandelnden Zustand schafft er das erste jener Conwerke, die</Unicode>
                </TextEquiv>
            </TextLine>
            <TextLine id="r1l33" custom="readingOrder {index:32;}">
                <Coords points="738,2637 2348,2642 2452,2629 2452,2573 737,2586"/>
                <Baseline points="749,2628 833,2628 918,2627 1002,2627 1087,2626 1172,2626 1256,2625 1341,2625 1425,2624 1510,2624 1595,2623 1679,2623 1764,2622 1848,2622 1933,2621 2018,2621 2102,2620 2187,2620 2271,2619 2356,2619 2441,2618"/>
                <TextEquiv>
                    <Unicode>ihn hernach unsterblich machen. So ganz eigentlich im Schlaf beschert es der liebe Gott</Unicode>
                </TextEquiv>
            </TextLine>
            <TextLine id="r1l34" custom="readingOrder {index:33;}">
                <Coords points="735,2691 895,2707 1297,2694 1297,2649 1269,2641 1082,2636 1044,2655 1001,2634 865,2654 735,2640"/>
                <Baseline points="746,2683 773,2683 800,2683 827,2683 854,2682 881,2682 908,2682 935,2682 962,2682 989,2682 1016,2682 1043,2682 1070,2682 1097,2681 1124,2681 1151,2681 1178,2680 1205,2680 1232,2680 1259,2679 1287,2678"/>
                <TextEquiv>
                    <Unicode>denen, die ihm teuer sind!</Unicode>
                </TextEquiv>
            </TextLine>
            <TextLine id="r1l35" custom="readingOrder {index:34;}">
                <Coords points="815,2749 2447,2742 2446,2702 2231,2680 815,2719"/>
                <Baseline points="825,2753 905,2751 986,2750 1066,2749 1147,2748 1227,2748 1308,2747 1388,2747 1469,2746 1549,2746 1630,2746 1710,2746 1791,2745 1871,2745 1952,2745 2032,2744 2113,2743 2193,2742 2274,2741 2354,2740 2435,2738"/>
                <TextEquiv>
                    <Unicode>Da ist Franz Dolpes. Unehelicher Sohn einer armen Magd; aber von unerhörter</Unicode>
                </TextEquiv>
            </TextLine>
            <TextLine id="r1l36" custom="readingOrder {index:35;}">
                <Coords points="735,2827 2286,2824 2446,2813 2446,2766 735,2772"/>
                <Baseline points="747,2811 831,2810 915,2809 1000,2808 1084,2807 1169,2807 1253,2807 1337,2807 1422,2806 1506,2806 1591,2806 1675,2806 1759,2806 1844,2806 1928,2805 2013,2805 2097,2804 2181,2803 2266,2802 2350,2801 2435,2800"/>
                <TextEquiv>
                    <Unicode>Schlauheit und Kraft des Willens, die Larina so unterjochen, daß sie sich ganz ihm und</Unicode>
                </TextEquiv>
            </TextLine>
            <TextLine id="r1l37" custom="readingOrder {index:36;}">
                <Coords points="746,2881 2446,2872 2399,2813 746,2824"/>
                <Baseline points="757,2868 840,2867 924,2866 1008,2866 1092,2866 1176,2865 1260,2865 1344,2865 1428,2865 1512,2865 1596,2864 1679,2864 1763,2864 1847,2864 1931,2863 2015,2863 2099,2862 2183,2862 2267,2861 2351,2860 2435,2859"/>
                <TextEquiv>
                    <Unicode>seinen Zwecken hingibt. Kleiner Beamter einer Bank, hat er ausgeklügelt, daß keine noch</Unicode>
                </TextEquiv>
            </TextLine>
            <TextLine id="r1l38" custom="readingOrder {index:37;}">
                <Coords points="745,2942 2415,2936 2453,2882 745,2893"/>
                <Baseline points="755,2931 839,2930 923,2929 1008,2928 1092,2927 1177,2927 1261,2926 1345,2926 1430,2925 1514,2925 1599,2924 1683,2923 1767,2923 1852,2922 1936,2921 2021,2920 2105,2920 2189,2919 2274,2917 2358,2916 2443,2914"/>
                <TextEquiv>
                    <Unicode>so sinnreiche Kontrolle für eine gewisse Zeit die größten Unterschlagungen verhüten</Unicode>
                </TextEquiv>
            </TextLine>
            <TextLine id="r1l39" custom="readingOrder {index:38;}">
                <Coords points="738,2984 2203,3001 2408,2989 2446,2937 737,2933"/>
                <Baseline points="749,2990 833,2989 917,2988 1001,2987 1086,2986 1170,2985 1254,2984 1339,2984 1423,2983 1507,2982 1592,2981 1676,2981 1760,2980 1844,2979 1929,2979 2013,2978 2097,2977 2182,2977 2266,2976 2350,2975 2435,2975"/>
                <TextEquiv>
                    <Unicode>könne. Nicht weniger als fünf Millionen Gulden hat er so bei Seite geschafft, um es im</Unicode>
                </TextEquiv>
            </TextLine>
            <TextLine id="r1l40" custom="readingOrder {index:39;}">
                <Coords points="742,3063 2370,3060 2448,3046 2448,2991 742,3027"/>
                <Baseline points="753,3050 837,3047 921,3045 1005,3044 1089,3042 1174,3041 1258,3040 1342,3039 1426,3039 1510,3038 1595,3038 1679,3037 1763,3037 1847,3037 1931,3036 2016,3036 2100,3035 2184,3034 2268,3033 2352,3032 2437,3031"/>
                <TextEquiv>
                    <Unicode>gelegenen Augenblick dem Gouverneur der Bank zu sagen und seine Bedingungen für die</Unicode>
                </TextEquiv>
            </TextLine>
            <TextLine id="r1l41" custom="readingOrder {index:40;}">
                <Coords points="749,3119 2451,3094 2450,3045 2250,3040 748,3068"/>
                <Baseline points="759,3107 843,3105 927,3103 1011,3101 1095,3099 1179,3098 1263,3097 1347,3096 1431,3095 1515,3095 1599,3094 1683,3094 1767,3094 1851,3094 1935,3093 2019,3093 2103,3093 2187,3093 2271,3093 2355,3093 2439,3092"/>
                <TextEquiv>
                    <Unicode>Rückgabe und die Vermeidung eines unerhörten Skandals zu stellen, den die Aufdeckung</Unicode>
                </TextEquiv>
            </TextLine>
            <TextLine id="r1l42" custom="readingOrder {index:41;}">
                <Coords points="739,3171 2381,3171 2449,3115 739,3145"/>
                <Baseline points="749,3161 833,3160 918,3158 1002,3157 1087,3156 1171,3155 1256,3154 1340,3153 1425,3153 1509,3153 1594,3152 1678,3152 1763,3152 1847,3152 1932,3151 2016,3151 2101,3150 2185,3150 2270,3149 2354,3148 2439,3147"/>
                <TextEquiv>
                    <Unicode>einer solchen Schlamperei bedeuten würde. Eine runde Million, das Pöstchen eines</Unicode>
                </TextEquiv>
            </TextLine>
            <TextLine id="r1l43" custom="readingOrder {index:42;}">
                <Coords points="749,3231 2332,3226 2453,3172 749,3176"/>
                <Baseline points="759,3219 843,3218 927,3216 1011,3215 1095,3214 1180,3213 1264,3213 1348,3212 1432,3212 1516,3212 1601,3212 1685,3212 1769,3212 1853,3212 1937,3212 2022,3211 2106,3210 2190,3209 2274,3208 2358,3206 2443,3204"/>
                <TextEquiv>
                    <Unicode>Direktors, ein hoher Orden sind sein Lohn. Damit läßt sich schon etwas beginnen; und</Unicode>
                </TextEquiv>
            </TextLine>
            <TextLine id="r1l44" custom="readingOrder {index:43;}">
                <Coords points="750,3293 2461,3271 2409,3214 750,3232"/>
                <Baseline points="761,3279 845,3278 930,3278 1014,3277 1099,3276 1183,3276 1268,3275 1352,3274 1437,3273 1521,3272 1606,3272 1690,3271 1775,3270 1859,3269 1944,3269 2028,3268 2113,3268 2197,3267 2282,3267 2366,3267 2451,3267"/>
                <TextEquiv>
                    <Unicode>so wundert man sich gar nicht, daß er Multimillionär und Eisenbahnkönig wird und daß</Unicode>
                </TextEquiv>
            </TextLine>
            <TextLine id="r1l45" custom="readingOrder {index:44;}">
                <Coords points="741,3340 1672,3350 1772,3299 982,3277 741,3306"/>
                <Baseline points="752,3335 802,3334 852,3333 903,3332 953,3332 1004,3331 1054,3331 1105,3331 1155,3331 1206,3330 1256,3330 1306,3330 1357,3330 1407,3330 1458,3330 1508,3330 1559,3330 1609,3329 1660,3329 1710,3328 1761,3327"/>
                <TextEquiv>
                    <Unicode>hernach sein Sohn die Biographie Stranges schreibt.</Unicode>
                </TextEquiv>
            </TextLine>
            <TextLine id="r1l46" custom="readingOrder {index:45;}">
                <Coords points="839,3404 2279,3411 2420,3400 2449,3346 839,3355"/>
                <Baseline points="849,3395 928,3395 1008,3394 1087,3394 1167,3394 1246,3393 1326,3393 1405,3393 1485,3393 1564,3393 1644,3392 1723,3392 1803,3392 1882,3392 1962,3391 2041,3391 2121,3390 2200,3389 2280,3389 2359,3388 2439,3386"/>
                <TextEquiv>
                    <Unicode>Eine launige Willkür der Namensgebung. Ein Bildhauer, der die prächtige Figur</Unicode>
                </TextEquiv>
            </TextLine>
            <TextLine id="r1l47" custom="readingOrder {index:46;}">
                <Coords points="750,3478 2324,3462 2449,3399 749,3424"/>
                <Baseline points="759,3455 843,3455 927,3455 1011,3455 1095,3454 1179,3454 1263,3453 1347,3452 1431,3452 1515,3451 1599,3450 1683,3449 1767,3448 1851,3447 1935,3446 2019,3445 2103,3444 2187,3443 2271,3442 2355,3441 2439,3440"/>
                <TextEquiv>
                    <Unicode>des Lügengeistes Minotalos schafft, der einmal auf Kreia sein Unwesen getrieben und nun</Unicode>
                </TextEquiv>
            </TextLine>
            <TextLine id="r1l48" custom="readingOrder {index:47;}">
                <Coords points="740,3550 2459,3499 2345,3451 739,3475"/>
                <Baseline points="751,3516 835,3517 920,3516 1005,3516 1090,3516 1175,3515 1259,3514 1344,3514 1429,3512 1514,3511 1599,3510 1683,3509 1768,3507 1853,3506 1938,3504 2023,3503 2107,3501 2192,3500 2277,3498 2362,3497 2447,3495"/>
                <TextEquiv>
                    <Unicode>zwischen Parlament, Rathaus und Burgtheater den entsprechenden Platz findet, heißt</Unicode>
                </TextEquiv>
            </TextLine>
            <TextLine id="r1l49" custom="readingOrder {index:48;}">
                <Coords points="2342,4071 2387,4062 2404,4071 2419,4062 2447,4076 2475,4064 2500,4088 2508,4084 2521,4095 2555,4085 2555,3995 2524,3982 2483,3989 2453,3982 2432,3990 2413,3975 2382,4000 2359,3986 2344,3988"/>
                <Baseline points="2353,4052 2380,4053 2408,4054 2435,4056 2463,4056 2490,4057 2518,4057 2546,4055"/>
                <TextEquiv>
                    <Unicode>WR</Unicode>
                </TextEquiv>
            </TextLine>
            <TextEquiv>
                <Unicode>box 35/6
2. Die griechische Taenzer
1n
579
Die Büchlein, die er bringt, sind bei mäßigem Preise recht gut ausgestattet nach
Druck und Papier. Die Titelblätter sind gut und flott gezeichnet. Anderes, der blaue Dorstoß
der ersten beiden Seiten, ist freilich minder zu rühmen und in hinsicht des guten Ge¬
schmackes recht sehr anfechtbar.
Autoren, die man sonst ziemlich regelmäßig zu begrüßen gewohnt ist, fehlen annoch.
Neue machen sich bemerklich. So hat sich Graf Carlo Skapinelli durch Ehrlichkeit der
Arbeit und der Beobachtung eine Aufmerksamkeit erworben. Richard Schaukal, immer
noch in erster Linie Lyriker, hat seine „Mimi Lynx“ aus einem früheren Sammelband
herausgeschält — Insel=Verlag, Leipzig — und muß immer schärfer im Rug' behalten
werden. Da ist viel Feinheit; nur manchmal ins Unfaßliche übersteigert.
Ein einziges Werk größeren Umfanges sei diesmal erwähnt. Bei Cotta ist ein
Roman von Philipp Langmann „Leben und Musik“ erschienen. Er selber möchte in
drei Schlagworten zum Verständnis seines Werkes hinführen. Motiv: „Die Kunst ist
menschlich und das Leben ist grotesk.“ Stoff: „Kußere und innere Kraft.“ Inhalt: „Die
Geburt der Musik aus dem tragischen Gefühl.“ Mich haben sie nur verwirrt und ich
besorge, es wird den meisten bei diesem wunderlichen Werk eines ehrlich Ringenden nicht
anders gehen, der immer sucht, ohne zu finden.
Das Groteske fordert Humor. Daran fehlt es ganz. Ganz wunderschön setzt der
Roman ein. Die Schilderung der Eltern des helden ist ganz meisterlich; Naturbilder von
einer seltenen Schönheit und Innigkeit der Sprache wecken die höchsten Erwartungen und
auch späterhin findet man Gedanken über die Kunst von einer seltenen Tiefe und Nach¬
Lenklichkeit. Alles aber verflattert und entgleitet einer hand, die sich zu weit spannte,
 um mehr zu fassen, als sie nun einmal halten konnte. Selbst die Sprache, die ich sonst
an Langmann sehr liebe, blaßt ab und wird körperlos.
Eine Inhaltsangabe ist unmöglich. Da ist der held Ludwig Strange, der sein herz
an die schöne, aber böse Larina Gerspitz zu verlieren verdammt ist. Durch sie kommt er
um Brot und Stellung. Die unerhörten Erregungen aber lösen den musikalischen Genius
in ihm aus und im traumwandelnden Zustand schafft er das erste jener Conwerke, die
ihn hernach unsterblich machen. So ganz eigentlich im Schlaf beschert es der liebe Gott
denen, die ihm teuer sind!
Da ist Franz Dolpes. Unehelicher Sohn einer armen Magd; aber von unerhörter
Schlauheit und Kraft des Willens, die Larina so unterjochen, daß sie sich ganz ihm und
seinen Zwecken hingibt. Kleiner Beamter einer Bank, hat er ausgeklügelt, daß keine noch
so sinnreiche Kontrolle für eine gewisse Zeit die größten Unterschlagungen verhüten
könne. Nicht weniger als fünf Millionen Gulden hat er so bei Seite geschafft, um es im
gelegenen Augenblick dem Gouverneur der Bank zu sagen und seine Bedingungen für die
Rückgabe und die Vermeidung eines unerhörten Skandals zu stellen, den die Aufdeckung
einer solchen Schlamperei bedeuten würde. Eine runde Million, das Pöstchen eines
Direktors, ein hoher Orden sind sein Lohn. Damit läßt sich schon etwas beginnen; und
so wundert man sich gar nicht, daß er Multimillionär und Eisenbahnkönig wird und daß
hernach sein Sohn die Biographie Stranges schreibt.
Eine launige Willkür der Namensgebung. Ein Bildhauer, der die prächtige Figur
des Lügengeistes Minotalos schafft, der einmal auf Kreia sein Unwesen getrieben und nun
zwischen Parlament, Rathaus und Burgtheater den entsprechenden Platz findet, heißt
WR</Unicode>
            </TextEquiv>
        </TextRegion>
        <TextRegion orientation="0.0" id="r2" custom="readingOrder {index:1;}">
            <Coords points="2834,4012 2834,4164 2930,4164 2930,4012"/>
            <TextLine id="r2l1" custom="readingOrder {index:0;}">
                <Coords points="2823,4114 2911,4117 2917,4113 2941,4113 2941,4058 2911,4057 2898,4070 2881,4076 2875,4072 2871,4076 2860,4068 2843,4080 2824,4082"/>
                <Baseline points="2834,4112 2866,4113 2898,4112 2930,4114"/>
                <TextEquiv>
                    <Unicode></Unicode>
                </TextEquiv>
            </TextLine>
            <TextEquiv>
                <Unicode></Unicode>
            </TextEquiv>
        </TextRegion>
    </Page>
</PcGts>
