3392 4384
1696 259 2163 356 box 35/6
114 264 1539 370 2. Die griechische Taenzerin
208 646 464 726 Seite 436.
2249 658 2479 725 Nr. 203.
987 649 1683 726 Beilage zur Augemeinen Zeitung.
1356 773 2510 839 wie er zu sagen beliebt, an den Kopf greift und fragt: Wie
161 783 1330 842 nicht findet. Er beruhigt sich damit, daß sie einer großen
162 837 1334 884 Sache dient: „Sie wollte Mutter werden. Dazu hatte er ihr
1340 835 2515 881 ist es möglich, daß solches Geschreibsel gedruckt und einer
1341 872 2513 933 Bibliothek moderner deutscher Autoren einverleibt werden
157 879 1320 931 verholfen.“ Sehr unerquicklich wie der Stoff ist auch die
1346 924 2518 964 kann, die durch Schnitzler so verheißungsvoll inauguriert
159 922 1334 969 Darstellung. Die Sprache ist unklar, unbeholfen, gesucht, ab¬
171 966 679 1032 gequält und gezwungen.
1344 962 2524 1012 wurde? Womöglich noch peinlicher als die Lektüre der
1353 1006 2516 1061 „Nonne“ ist die des gewundenen und in endlosen Wieder¬
256 991 1335 1067 Der vierte Band enthält „Die Kunstreise nach Hüngel¬
1354 1042 2511 1106 holungen sich ergehenden Monologs „Die Andere“, in dem
157 1051 1320 1108 dorf“ von Otto Ernst. Wir haben es hier mit einer präch¬
1344 1087 2515 1138 er sein Liebesleben mit dem Mikroskop betrachtet und unnach¬
152 1099 1324 1153 tigen, von Menschenkenntnis und Lebensklugheit durchwehten,
1353 1133 2513 1185 sichtig zerfasert, sich in der Schilderung der Qualen der weibi¬
164 1142 1330 1194 Geist und Gemüt erquickenden Humoreske zu tun. Sie führt
1352 1176 2518 1243 schen Liebe und der in der männlichen Liebe beschlossenen
160 1177 1337 1238 uns aus dem Reiche der Romantik zum vollsaftigen, warm
1337 1218 2517 1268 Ruhe nicht genug tun kann. Zur Charakteristik Schlafs sei
160 1229 1323 1282 pulsierenden Leben zurück, sie atmet frischen Erdgeruch, die
1339 1265 2520 1329 nur ein Passus aus seiner ermüdenden Beichte hervorgehoben:
166 1267 1326 1325 Gestalten sind plastisch herausgearbeitet, interessante Streif¬
1355 1308 2512 1355 „In Torheit hatte ich geliebt. Sicher und gewiß in Torheit.
154 1307 1329 1365 lichter auf Land und Leute sind eingeflochten, und nicht zum
1354 1345 2514 1403 Nun ja: das alles muß also sein; dieses Sichsuchen, dieses
155 1357 1330 1409 wenigsten wird die Humoreske dadurch gewürzt, daß der Dich¬
1345 1392 2511 1439 Tasten und Sich=erfühlen zweier dunkler We#ten, dessen letzte
158 1397 1323 1452 ter sich in Erinnerungen an die goldene Zeit der Kindheit
1342 1434 2505 1493 uns wahrste Mitteilungen nicht im gesprochenen Wort sind
160 1441 1323 1502 sonnt. Bis zu den fernsten Hügeln und Wolken fliegen die
1348 1470 2508 1531 und über jedes gesprochene Wort. Diese hundertfältigen Be¬
155 1486 1324 1537 flatternden Tauben der Erinnerung fort und kommen zurück
1345 1523 2514 1572 rührungen, diese Küsse und Umarmungen; ihre zehrende
160 1520 1331 1581 auf leuchtenden Flügeln, mit grünen Knospen und Blättern
1344 1567 2510 1616 Glut, ihr Sichgeben, Sichergießen; aber ach, vor allem ihr
155 1571 1333 1623 im Schnabel. Erbaulich ist Ernsts Geißelung gewisser „sozia¬
1342 1607 2508 1662 Sichverstehenwollen! Ihr Spiel, ihr Tändeln, ihre Grausam¬
147 1604 1319 1670 ler Schmarren“ welche er folgendermaßen charaktersiert:
1339 1647 2505 1709 keiten; ihr steter unruhiger, wechselnder Rhythmus; ach, und
158 1634 1318 1714 „Frau und Kinder krank, der Mann im Zuchthaus — schreck¬
1350 1692 2510 1750 seine Eifersucht, sein Mißtrauen, seine Ermüdungen und
151 1691 1334 1761 lich. Der edle Dichter drückt sich im letzten Vers eine Träne
1343 1733 2010 1786 Ueberdrüsse: Bis? Bis es dann
2063 1726 2510 1799 der andere und die
163 1734 1335 1795 aus den Augen und möchte Christus sein.“ Und er fügt hin¬
1351 1777 2520 1829 andere ist; bis sie füreinander hervortreten in Klarheit und
157 1777 1326 1841 zu: „Die größte Kanaille hat jetzt „Mitleid mit den Ent¬
1340 1818 2518 1868 Ruhe zum Ernst und zur Stete des Selbstbesitzes und der
153 1829 1325 1884 erbten“; es ist heutzutage gestattet. Und die Enterbten be¬
1348 1863 2514 1921 Zeugungen.“ Es muß indes zu seiner Ehre gesagt werden,
153 1869 1327 1931 danken ssich so schönstens dafür!“ Eine überaus feine Prä¬
1340 1909 2517 1955 daß er auf dem besten Wege zur Selbsterkenntnis zu sein
154 1911 1323 1966 gung ist es, daß jener Armeleutpoesie das Protoplasma fehlt.
1354 1953 2515 2014 scheint; denn er gibt sich keiner Täuschung darüber hin, daß
157 1957 1334 2003 Ueberaus wohltuend ist Ernsts Goethe=Enthusiasmus. Er
1345 1993 2513 2043 der Gebrauch poetischer Symbole eine Jähigkeit voraussetzt,
157 1995 1331 2056 hat leider recht, wenn er den Kunstreisenden sagen läßt:
1343 2035 2515 2091 die er nicht „vermag“. Es läßt sich auch nicht leugnen, daß
159 2042 1328 2102 „Die Leute haben Goethe gar nicht, die Deutschen haben
1354 2074 2517 2129 er zuweilen tiefsinnig wird. Er muß eine mächtige Phantasie
631 2086 1330 2136 Für das Volk sind seine Gedichte
165 2082 571 2151 ihn noch gar nicht.
594 2096 646 2135 *
1342 2109 2531 2173 besitzen, über eine gewaltige Ideenassoziation verfügen, wenn
559 2112 1325 2185 Man muß das Blut aus diesem Goethe¬
155 2113 567 2183 noch unentdeckt.
1341 2166 2513 2222 ihn das festtägliche Treiben in einer der schönsten Verkehrs¬
168 2167 1328 2226 schen Riesenherzen, die tausend schwellenden, klingenden
1338 2203 2510 2250 adern des Berliner Westens, das ihn „mit dem Zwang irgend
159 2208 1328 2259 Bäche, man muß sie den Leuten unmittelbar in die
1349 2247 2520 2299 einer heimlichen magnetischen Affinität in diesen gemeinsamen
168 2253 1319 2311 Adern leiten — durch Transfusion,“ durch die Sinnlichkeit,
1339 2283 2516 2351 Trance bringen“ will, zur Politeia Platons, zum mindesten
153 2299 1319 2354 die Gegenständlichkeit des Vortrags. Das Herz geht uns auf,
1352 2333 2515 2386 aber zu der von Hegels Gnaden hinüberleitet, das glänzende
165 2342 1328 2394 wenn er diese an einigen Beispielen illustriert. Treffend ist
1353 2377 2521 2443 Saturnal im elegantesten Berliner Viertel ihn wie das „Zeit¬
164 2361 1339 2454 die Bemerkung, daß man bei dem Worte „himmlisch“ in
1349 2415 2359 2472 alter des gerechtfertigten Hegelianismus“ anmutet.
167 2427 519 2499 Goethes Versen:
1439 2450 2520 2514 Gern flüchten wir von Schlafs Seelenwühlerei zu Anton
443 2484 1073 2557 Mich ergreift, ich weiß nicht wie,
1346 2503 2523 2568 v. Perfall, der in der kernigen, wahrhaft poetischen Er¬
452 2526 870 2600 Himmlisches Behagen
1357 2550 2517 2608 zählung „Er lebt von seiner Frau“ die alle Bedenken über¬
1345 2593 2520 2646 fluiende alles opfernde Liebe zweier Vollblutnaturen schil¬
179 2590 1339 2658 auf den Tisch schlagen muß, daß die Gläser tanzen. „Dies
1342 2631 2520 2694 dert, eine Liebe von der Art, wie sie der Held der Erzählung
171 2653 1337 2714 ist gar nicht anders zu denken. Ich kann mir diese Verse
164 2686 1339 2766 nicht einmal lautlos wiederholen, ohne wenigstens in die
1342 2724 2520 2776 oft über Trümmer und Brandstätten, sie versengt alles mit
171 2737 1050 2799 Luft zu hauen, wenn ich keinen Tisch habe.“
1352 2761 2518 2819 ihrer Glut, sie ist kein milder Genius, kein schalkhafter Knabe
257 2779 1339 2863 Im fünften Bande wartet uns Felix Salten mit der
1354 2811 2517 2860 mit Bogen und Pfeil, es ist ein Kampf, ein wilder Kampf,
152 2818 1335 2879 Novelle „Der Schrei der Liebe“ auf, einer erotischen Erzäh¬
1344 2847 2524 2908 die ganze Natur stöhnt und ächzt in ihm. Das ist in meinen
166 2868 1335 2929 lung, die jedoch keineswegs zur lüsternen Zote herabsinkt und
1344 2894 2521 2955 Augen keine Liebe, die Rücksichten kennt, erwägt im Kampfe
166 2912 1329 2970 in ein sinniges Märchen von den Meerfrauen ausklingt, die
1345 2935 2532 2992 um die Geliebte.“ Eine solche Liebe altert nie, sie bleibt
166 2957 1323 3006 von einer Anzahl beherzter Männer niedergerungen wurden,
1347 2981 2522 3034 ewig jung, nicht einmal ihr erster Blütenstaub verwischt sich
166 3006 1329 3060 so daß sie endlich halten mußten, was ihr lockendes Singen
1355 3012 2527 3082 im rauhen Leben, und die Kinder einer solchen Liebe tragen
171 3041 1334 3102 solange verheißen hatte, wobei sie einen Schrei ausstießen,
1341 3078 2519 3128 den Stempel ihrer Abkunft in ihrem rosigen Wesen. Wie
167 3087 1330 3143 in dem sich ihre wilde, nun aber gebändigte Seele löste. Un¬
1345 3101 2522 3168 Königskinder ragen sie empor über die Kinder der kalten
170 3127 1331 3189 angenehm fallen uns einige Sprachhärten auf, wie „Sein
1345 3141 2520 3216 Pflicht mit dem matten Blick, dem matten Herzen. Jawohl,
164 3169 1336 3217 erster Gruß in der Heimat ist des Königs Eigen“, „Was er
1355 3195 2512 3247 er lebt von seiner Frau, er wird durch sie zur Arbeit geboren,
167 3209 1336 3268 jetzt vom Schrei der Liebe sprach, so muß erwähnt werden“.
1343 3237 2526 3292 sie weckt ihn zu neuem Leben, entzündet in ihm den Glauben
173 3257 1337 3311 und „Ihm war, als lege er die Jahre seiner Jugend, zu Erz
1342 3285 2514 3339 an sich selbst, entfesselt in ihm die Wollust des Schaffens, sie
175 3297 1335 3370 erstarrt, klein geworden und nicht mehr zu ihm gehörig, bei¬
1343 3319 2512 3385 teilt ihm Geist von ihrem Geiste mit, daß es ihn „überkommt“.
172 3350 315 3416 seite".
1350 3360 2519 3419 und er das Gleichnis von den feurigen Zungen des Pfingst¬
264 3377 1325 3442 Für Otto Julius Bierbaums „Kunst“ bin ich glück¬
1357 3407 2494 3472 festes zu würdigen weiß. — In dem „Sprung im Glase“
174 3428 1340 3481 licherweise noch nicht reif, daher ich den sechsten Band mit
1344 3449 2513 3507 entrollt uns Perfall ein erschütterndes Bild von den schreck¬
180 3468 1337 3530 Stillschweigen übergehen könnte. Hier wäre Schweigen
1356 3489 2511 3546 lichen Verheerungen, die der häßliche Aberglauben im Men¬
178 3516 1336 3571 Gold; es ist mir jedoch Herzenssache, die Bemerkung nicht
1350 3533 2519 3591 schenleben anrichtet, und er entpuppt sich als ein weiser, mit
171 3555 1343 3621 zu unterdrücken, daß, wer sich so an dem Publikum versün¬
1351 3580 2526 3647 den Verhältnissen rechnender, sich der kranken, verfinsterten
174 3593 1329 3650 digt, daß er ihm das Märchen „Das höllische Automobil“
1343 3617 2416 3700 Seele anpassender Bekämpfer jenes unseligen Wahns.
176 3637 1333 3697 und den „Mutigen Revierförster“ zu präsentieren wagt, auf
1434 3654 2511 3731 Der neunte Band enthält Erzählungen von Siegfried
172 3687 1332 3746 der tiefsten Stufe der Dekadenz angelangt ist und das Recht
1347 3709 2504 3773 Trebitsch. Die Titelnovelle „Das verkaufte Lächeln“
180 3724 1332 3798 verwirkt hat, ernst genommen und zu den deutschen Autoren
1350 3757 2513 3814 leidet an manchen Unwahrscheinlichkeiten. Es ist schwer an¬
177 3775 613 3850 gerechnet zu werden.
1350 3803 2513 3860 zunehmen, daß Amanda bei der Hochzeit ihres Vaters als
262 3810 1341 3866 Will man wissen, wie eine Handlung nicht entwickelt
1340 3841 2527 3908 Kranzeljungfrau fungiert, daß die Schwester ihrer verstorbenen
174 3852 1340 3913 werden darf und welcher Form sich ein Schriftsteller nicht
1353 3891 2525 3946 Mutter aus der Stadt kommt, um der Vermählungsfeier des
183 3894 1335 3955 bedienen darf, dann greife man zu dem siebenten Bande.
1346 3925 2526 3993 Witvers beizuwohnen, und daß Amanda nach den seelischen
176 3940 1337 3989 Was Johannes Schlaf hier bietet, ist so konfus, unklar und
1355 3969 2527 4030 Mißhandlungen, die sie im Hause der Tante erfuhr, sich still
181 3986 1341 4050 verschwommen und so weitschweifig, breitspurig und unter
185 4017 2534 4108 aller Kritik salopp dargestellt, daß man sich „nachdenksam“, die Liebkosungen eines Fremden gefallen, sich von ihm auf
2464 4134 2926 4204 e echenstra
2233 4136 2451 4201 —
