3392 4384
1728 226 2200 329 box 35/6
1125 245 1356 309 Taenz
147 247 1155 347 2. Die griechische.
1329 302 1579 339 —
1337 850 2261 916 unterscheidet, oder besteht dieses Gemeinsame lediglich
1336 906 2255 953 darin, daß die meisten von ihnen in Wien spielen und
1347 954 2257 995 bei wiener Verlegern erschienen sind, und gibt es eine
1353 993 2261 1037 „Wiener Novelle“ ebensowenig als es eine münchner
1333 1027 1813 1078 oder berliner Novelle gibt?
1428 1049 2248 1103 Diese Fragen werden sich wie von selbst beant¬
1334 1099 2257 1147 worten, wenn wir den Inhalt der zwölf kleinen Bücher
1343 1146 2257 1189 vor dem Leser ausschütten und dabei auf den rasch ver¬
1342 1182 2263 1227 wehenden feinen Duft acht haben, der das Eigengeartete
1345 1223 2264 1270 vor dem Charakterlosen hier wie sonst auszeichnet. Wer
1343 1263 2267 1308 weiß, vielleicht ergeben diese Buketts — oder wenigstens
1335 1295 2259 1355 einige von ihnen — eine zarte, aber spürbare Harmonie.
1421 1430 2250 1484 Unter den vier Geschichten seines neuen Novellen¬
1340 1480 2263 1521 bandes!) hat Arthur Schnitzler die „Griechische
1354 1512 2257 1559 Tänzerin“ dadurch vor den anderen erhöht, daß er sie
1344 1557 2265 1603 im Titel des Buches genannt hat. Sie gliedert sich
1346 1593 2262 1640 innerlich wie äußerlich den älteren Erzählungen des
1341 1635 2257 1675 Dichters zwanglos an. Es ist dieselbe vornehme Kunst
1337 1667 2265 1712 der wie mit dem Silberstift sparsam gezogenen Umrisse,
1347 1712 2270 1754 es ist dieselbe Art des halblauten, verschleierten, ge¬
1352 1746 2260 1799 dämpften Vortrags, nur ein einziges Mal durch einen
1354 1785 2262 1845 stärkeren Akzent unterbrochen (S. 130: „Daß sie litt
1348 1820 2266 1875 und ihr Leben lang gelitten hat wie ein Tier“), der
1346 1857 2265 1918 aber dann wie ein Schlag aufs Herz wirkt. Und es
1344 1908 2270 1950 Aa##sfeide verstebende Mitleiden mit der Frauenseele
1342 1937 2261 1983 in ihrem=anrsnmelosen KKampf gegen die natürliche
1340 1973 2261 2016 männliche Brutalität. Ganz neue Töne aber schlägt
1351 2016 2259 2061 der Dichter in der tiefen und ergreifenden italienischen
1351 2054 2258 2091 Bettlergeschichte vom „Blinden Geronimo und seinem
1352 2089 2272 2140 Bruder“ an. Geronimo ist in früher Jugend durch
1354 2136 2259 2179 das Verschulden seines älteren Bruders Carlo erblindet.
1351 2171 2266 2208 Um seine Schuld zu büßen, geleitet dieser den Blinden,
1353 2209 2265 2255 der sich durch Singen und Gitarre=Spielen einen spär¬
1355 2247 2265 2298 lichen Lebensunterhalt erbettelt, von einer Fremdenstation
1343 2284 2259 2341 zur andern, Sommer und Winter, jahrelang, und betreut
1347 2319 2270 2368 ihn, so gut er eben kann. Aber die ganze Zeit hindurch
1345 2363 2272 2419 schlummert in der Brust des Blinden ein tiefes Miß¬
1347 2413 2262 2452 trauen gegen den Bruder, der die Almosen einsammelt
1347 2437 2273 2484 und die Kasse führt; er glaubt sich von ihm betrogen,
1350 2485 2269 2530 läßt sich aber nichts merken, bis der unbedachte Scherz
1347 2522 2263 2570 eines Fremden, der ihm zuflüstert, er habe Carlo ein
1342 2568 2261 2614 Goldstück gegeben, den Funken ins Pulver fliegen läßt.
1344 2598 2278 2637 Carlo kann den ausbrechenden Haß des Unglucklichen,
1347 2634 2272 2680 dem er sein Leben opfert, nicht ertragen und wird zum
1359 2680 2259 2727 Dieb, um das Goldstück beizuschaffen. Er bringt es
1348 2712 2266 2764 ihm, Geronimo bleibt unversöhnt; erst als sein Bruder
1360 2763 2269 2805 verhaftet wird, beginne er zu verstehen — und ihn zu
1351 2794 2264 2837 lieben. „Und plötzlich blieb Geronimo stehen, so daß
1355 2832 2245 2883 auch Carlo innehalten mußte. Nun, was ist denn?“
1353 2875 2259 2922 sagte der Gendarm ärgerlich. Vorwartr, vorwartets
1352 2914 2255 2960 Aber da sah er mit Verwunderung, daß der Blinde die
1348 2941 2264 2986 Gitarre auf den Boden fallen ließ, seine Arme erhob
1077 2940 1189 3034 D0
1351 2979 2275 3041 und mit beiden Händen nach den Wangen des Bruders
1360 3020 2265 3072 tastete. Dann näherte er seine Lippen dem Munde
1360 3062 2264 3118 Carlos der zuerst nicht wußte, wie ihm geschah, und
368 3001 1278 3168 Besprechungen
1351 3109 2259 3147 küßte ihn. Seid ihr verrückt?“ fragte der Gendarm.
1359 3140 2260 3200 Vorwärts, verwärts! Ich habe keine Lust zu braten.“
1353 3188 2268 3228 Geronimo hob die Gitarre vom Boden auf, ohne ein
331 3183 1141 3282 a Wiener Novellen
1349 3218 2269 3283 Wort zu sprechen. Carlo atmete tief auf, und er legte
1353 3255 2275 3314 die Hand wieder auf den Arm des Blinden. Und er
350 3267 1179 3353 4 Von Hermann Übell (Linz)
1356 3294 2272 3350 lächelte mit einem sonderbaren Ausdruck des Glückes
1582 3335 2269 3389 „Vorwärks!“ schrie der Gendarm. „Wollt
1362 3344 1576 3397 vor sich hin.
433 3343 1301 3426 Wiener Novellen — ist das ein umschriebener
1588 3373 2275 3428 *!“ Und er gab Carlo eins zwischen die
1351 3383 1561 3432 ihr endlich
528 3388 1301 3449 literarischer Begriff, und habe ich zur Charak¬
1353 3413 2271 3464 Rippen. Und Carlo, mit festem Druck den Arm des
383 3427 1308 3476 teristik des Dutzends kleiner Bücher, die vor
1351 3448 2265 3498 Blinden leitend, ging wieder vorwärts. Er schlug einen
396 3465 1297 3523 mir liegen, etwas ausgesagt, wenn ich sie so nenne?
1359 3486 2269 3543 viel rascheren Schritt ein als früher. Das Lächeln
393 3505 1299 3553 Novellen von wiener Autoren, sind das auch „Wiener
1363 3531 2276 3592 wollte von seinem Antlitz nicht verschwinden. Ihm
395 3546 1312 3597 Novellen“, das heißt: haben sie irgend etwas Gemein¬
1362 3569 2276 3627 war, als könnte ihm jetzt nichts Schlimmes mehr ge¬
389 3586 1311 3645 sames in Ton und Haltung, das sie deutlich von anderen
1448 3650 2270 3700 .Die griechische Tänzerin.“ Von Arthur Schnitzler.
490 3666 1310 3720 Seitdem uns dieser Aufsatz zuging, ist ein neuer Noman
1352 3686 2263 3727 Novellen. Umschlag von I. Engelbart. Wien und Leipzig 1905,
394 3698 1304 3752 der Gräfin de Noailles erschienen: „La domination“ Paris,
1361 3721 1873 3776 Wiener Verlag. 131 S. M. 1.—.
387 3728 1316 3790 Calmann=Lévy). Ueber ihn in einem der nächsten Hefte. D. Red.
2316 857 3190 930 ehen, — weder vor Gericht, noch sonst irgendwo auf
2532 919 3195 969 Er hatte seinen Bruder wieder ...
2328 921 2494 971 r Welt.
2328 955 2865 1006 ein, er hatte ihn zum erstenmal.
2360 988 3206 1041 Nie hat die aristokratische Kunst Schnitzlers so
2324 1034 3206 1083 imittelbar zum Herzen gesprochen, wie in dieser
2320 1058 3202 1131 lichten, aber mit reicher, epischer Füke vergetragenen
2329 1118 3207 1163 eschichte. Sie muß den Weg in die einfachsten Seelen
2316 1146 3215 1195 iden, denen die hohe Meisterschaft der Erzählungs¬
2313 1193 3202 1243 chnif nur in ihren Resultaten zum Bewußtsein kommt.
2312 1233 3201 1279 Die gleichmäßig ist jede Situation belebt (so daß man
2319 1275 3215 1314 ch verwundert fragt, woher dem Dichter die Empirie
2318 1302 3210 1368 ieser Lebenskreife zugekommen sei), mit wie wenigen
2304 1340 3222 1405 uvergeßlichen Strichen ist die schicksalvolle Figur des
2318 1382 2655 1449 fremden eingeführt.
2371 1427 3215 1473 Gleichfalls an Tiefstes und Letztes rührt Andreas
2306 1445 3203 1519 khameyers letzter Brief“ der uns (und den Schreiber
2311 1496 3221 1548 elbst?) überzeugen soll, daß die Frau dieses kleinen
2313 1550 3219 1598 viener Privarbeamten ihm nicht, wie die Leute meinen,
2299 1577 3215 1629 nit einem der überseeischen schwarzen Gäste im Prater
2315 1624 3215 1668 intreu gewesen ist, sondern daß sie nur deshalb ein
2313 1657 3214 1707 chwarzes Kind zur Welt gebracht hat, weil sie sich
2663 1696 3225 1741 Es ist sein letzter Brief, denn
2316 1704 2652 1756 „versehen“ hat ...
2308 1731 3211 1780 im den Lästermund der Menschen, die an die Unschuld
2304 1780 3215 1829 der geliebten Frau nicht glauben wollen, zum Schweigen
2304 1809 3148 1865 zu bringen, wird er hingehen und sich erschießen
2304 1847 3214 1900 Mit wie schonender und behutsamer Hand hat hier
2300 1890 3220 1949 Schnitzler aus dem tragikomischen Motiv den reinen¬
2297 1927 3216 1977 kragischen Kern ausgelöst und wirksam gemacht, wie
2297 1984 3222 2016 überzeugend schreibt er aus dem rührend engen und
2308 2001 3224 2055 bedrückten Wesen eines „unbedeutenden“ Menschen
2306 2051 3222 2100 heraus, der doch in der Größe seines Glaubens aus
2306 2091 2635 2147 Heldenhafte streift.
2394 2109 3223 2175 Während die beiden schnitzlerschen Novellen mit
2317 2159 3221 2219 dem wahrsten Herzensanteil geschrieben sind, geben die
2309 2207 3223 2259 Erfindungen Hugo von Hofmannsthals?) dem Herzen
2318 2245 3219 2291 wenig zu denken, und ihre Wirkungen schalten in einer
2319 2293 3225 2330 and een Region unseres Bewußtseins. „Stimmungs¬
2305 2319 3219 2379 künstler“ nennen ihn, mit einem leisen, verächtlichen
2311 2369 3220 2416 Beiton, die literarischen Gequer; als ob das etwas
2319 2400 3227 2461 Geringes wäre! Als ob es ein Kleines wäre, wenn
2312 2437 3229 2484 ein Dichter die Kraft hat, die Lebensstimmung der
2319 2479 3219 2529 jungen Menschen unserer Zeit — ihre traumhafte Ver¬
2319 2525 3220 2567 sunkenheit in die Schätze alter Kulturen, ihren narziß¬
2310 2554 3222 2600 haften „Kult des Ichs“ und ihre Lebensfurcht — in
2321 2590 3219 2647 Symbolen von so fabelhafter Schönheit und Eindring¬
2310 2633 3229 2683 lichkeit auszuprägen wie Hugo von Hofmannsthal in
2317 2673 3217 2725 seinem farbenleuchtenden orientalischen Märchen, das
2309 2707 3219 2769 in unsere aufhorchende Jugend hineinfiel wie ein fremdes
2308 2755 3217 2798 buntes Wunder! (1894.) Dessen Tiefsinn wir ahnten,
2308 2784 3229 2836 aber nicht aussagen konnten, weil wir mit dem jungen
2318 2829 3229 2878 Kaufmannssohn zu sehr im gleichen Falle waren! Lange
2318 2856 3234 2927 Jahre war die jugendstrahlende Dichtung in jenen
2314 2905 3225 2952 glänzenden ersten Jahrgängen der bahrschen „Zeit“ ver¬
2322 2947 3226 2999 graben, von wenigen gekannt und geliebt; nun sie
2316 2982 3225 3035 wieder zum Vorschein gekommen; ist, wird man bald
2315 3018 3235 3069 erkennen, daß man es hier mit einem programmatischen
2327 3061 3236 3107 Werke zu tun hat, das für jenes Quinquennium genau
2322 3096 3229 3152 so aufschlußreich ist wie etwa Wackenroders „Herzens¬
2314 3135 3235 3186 ergießungen" und Schlegels „Lucinde“ für die ältere
2315 3182 2645 3234 deutsche Romantik.
2402 3218 3227 3273 In der „Reitergeschichte“ (aus den Kriegen der
2327 3247 3242 3307 Oesterreicher mit Italien) bemerke ich einen deutlichen
2325 3293 3235 3340 Ehrgeiz mit der novellistischen Technik Kleists, der wir
2327 3337 3237 3384 die besten deutschen Erzählungen verdanken, um die
2323 3368 3245 3426 Wette zu kämpfen. Hier wie dort eine Rapidität der
2333 3415 3233 3461 Erzählung, die dem Leser den Atem raubt; hier wie
2311 3452 3242 3503 dort auf dem allerengsten Raum eine traumhafte Fülle
2863 3485 3231 3540 ist ein Gedicht, das
2323 3484 2857 3544 des Lebens. Jenes „Märchen“
2328 3540 3245 3584 nur zufällig des Versgewandes entbehrt, die „Reiter¬
2330 3557 3238 3619 geschichte“ und das „Erlebnis des Marschalls von
2334 3611 3232 3664 Bassonpierre“ sind zuckende Stücke Lebens und daneben
2415 3665 3246 3713 „Das Märchen der 672. Nacht und andere Er¬
2328 3705 3241 3750 zählungen." Von Hugo von Hofmannsthal. Umschlag
2324 3744 3229 3786 von Walter Hampel. Wiener Verlag 1905. 123 S. M. 1.—.
