3392 4384
1700 239 2164 346 box 35/6
103 254 1550 339 2. Die griechische Taenzerin
1574 1279 1643 1357 M
793 1351 1930 1431 da ich ja in diesem Falle gut zu machen oder meine
1934 1360 3071 1420 wieder; das wäre ein prachtvolles Gegenstück zu seiner
92 1370 609 1472 kleton.
799 1399 1921 1455 erste Ansicht zu wiederholen habe. Das schmale
1943 1406 3052 1469 „Literatur“ aus dem Zyklus „Lebendige Stunden“.
366 1406 769 1514 Nachdruck verboten.
799 1451 1923 1514 Büchlein wäre gar nicht so übel, wenn Herr Trebitsch
1927 1449 3064 1515 Neben manchem, sicher vom Verleger mühevoll er¬
91 1469 536 1564 r und anderes.
801 1505 1923 1562 nur auf diesen ausgeklügelten Titel verzichtet hätte.
1927 1500 3064 1560 worbenen reichsdeutschen Autor findet sich auch Felix
787 1546 1933 1614 Würde ich den Autor nicht kennen und wissen, daß
108 1522 785 1606 Ratschläge zu geben, wird
1938 1536 3079 1609 Salten ein. „Der Schrei der Liebe“ heißt
797 1595 1922 1648 der es mit seinen Arbeiten wirklich sehr ernst nimmt,
102 1594 788 1660 rer. Gar, wenn es Dezember
1940 1587 3071 1666 seine neueste formvollendete Novelle. Gebräche es nur
792 1635 1920 1691 so müßte ich glauben, er habe gelegentlich im
105 1639 791 1708 chtsmarkt sich für komplett er¬
1938 1646 3076 1722 nicht an Raum und forderte nicht die Rücksicht, auch
803 1689 1927 1751 Freundeskreise gewettet, daß man auch eine Er¬
111 1681 797 1750 Qual der Wahl. Dazu kommt.
1933 1695 3068 1748 anderes zu erwähnen, ich würde diesmal gerne über
800 1739 1931 1796 zählung schreiben kann, die, wenn es sein muß, „Das
104 1720 790 1800 ugnende Tatsache, daß, pvenn
1940 1735 3058 1803 Salten weiter ausholen. Er ist noch nicht so bekannt,
803 1781 1922 1840 verkaufte Lächeln“ heißt. Schließlich sind ja schon
107 1789 796 1848 heutzutage sogar die schlechtesten
1932 1786 3070 1857 daß die Erwähnung seines Namens genügt, dami
787 1840 1928 1887 tollkühnere Wetten abgeschlossen worden. Ich bepann
122 1833 796 1891 igut geschrieben sind. Wer sich
1933 1836 3074 1901 man sofort sein neues Buch verlangt. Merkwürdig
794 1881 1922 1932 also schon mit einem Kopfschütteln das Buch zu lesen.
112 1879 789 1941 aden Roman seines Lebens zu
1942 1885 3064 1955 genug, daß es noch so steht. Es gibt in Oesterreich und
797 1931 1932 1986 Ich muß nun zugeben, daß der Kopf zu der Geschichte
107 1918 793 1984 biel besser, viel spannender und
1944 1928 3100 2003 Deutschland ein paar Autoren, für deren Novitäteng
800 1967 1928 2033 paßt, daß sie vielleicht gar nicht anders heißen könnte
109 1982 799 2032 hren, als es ein Mensch getan
1934 2001 3081 2062 das Publikum blinder Käufer ist; ich will keine Namen
801 2017 1923 2073 und daß sie recht nett und säuberlich zubereitet ist.
106 2022 786 2083 elben Talent= und Intelligenz¬
1932 2029 3070 2106 nennen, denn ich könnte ja doch schließlich einen ver¬
807 2062 1926 2126 Freilich, meine Ueberraschung kam erst viel später als
104 2064 790 2133 or zwanzig Jahren gelebt hat.
1940 2083 3074 2144 gessen. Jeder von diesen besitzt die geheime Kraft, den
805 2107 1927 2169 Belohnung für die nicht zu unterschätzende Gewissen¬
104 2106 794 2195 bekannte Gründer des Pariser
1942 2117 3076 2192 Leuten in irgend einer Weise angenehm zu sein. Für
798 2157 1923 2223 haftigkeit, daß ich mich bis zur dritten Novelle durch¬
121 2164 791 2233 gesagt: „In jedem Menschen,
1936 2187 3070 2251 solche Schriftsteller hat man sowohl in der Buchhand¬
795 2205 1918 2256 gelesen habe. Diese — „Die begrabene Puppe“ —
106 2201 796 2270 erlebt hat, steckt ein Buch, und
1934 2226 3068 2297 lung als auch im Theater immer einen feinen In¬
800 2253 1934 2316 ist ganz kurz und dem Buche fast mit Geringschätzung
144 2241 793 2324 bei einiger vernünftiger An¬
1945 2261 3073 2341 stinkt gehabt; man sage nur nicht in Kunst= und
800 2313 1925 2361 angehängt. Aber sie ist mir nicht nur das liebste,
105 2309 785 2361 ch sehr tüchtig fertig zu bringen.
1941 2317 3054 2385 Literaturdingen: „Merkwürdig, warum gerade der?“
800 2351 1928 2408 was der Schriftsteller Siegfried Trebitsch bis jetzt
103 2347 792 2420 kiele gute Bücher stecken freilich
1934 2370 3065 2443 Denn wer näher hinsieht und sich die Mühe nimmt,
796 2393 1933 2450 veröffentlicht hat, sondern überhaupt einer der besten
109 2405 799 2469 ischen.“ Wenn das also, was
1944 2434 3075 2494 objektiv zu untersuchen, der wird erkennen: es gibt da
800 2434 1934 2511 und apartesten Einfälle. Der junge Autor soll noch
108 2448 794 2520 hat, auch nur annähernd richtig
1937 2479 3074 2536 eigentlich keine Rätsel und sicher keine Wunder. Wenn
809 2486 1928 2548 ein bis zwei solche Kleinigkeiten schreiben, dann will
105 2496 804 2558 n: für ein bestimmtes Buch ist
1934 2523 3081 2576 ein Stück gefällt, so weiß es schon warum. Und ein
801 2534 1929 2597 ich gerne zugeben, daß — siehe oben — nicht bloß
110 2537 797 2605 kehr, sondern vielleicht gar schon
1941 2566 3076 2634 Buch erst recht. Widersacher und Förderer finden Gott
803 2578 1944 2657 „Die begrabene Puppe“ sein Schriftstellertalent,
124 2599 804 2659 freilich nicht gesagt sein soll,
1939 2614 3073 2677 sei dank heutzutage bald die Grenzen ihrer Macht; auf
808 2634 1028 2713 bedeutet.
94 2633 806 2713 Einmal in seinem Leben auch nur
1941 2670 3072 2724 die Dauer läßt sich die große Menge nichts einreden.
902 2651 1930 2753 Die neue, bis jetzt zehn Nummern starke Kollek¬
105 2686 362 2751 iben kann.
1946 2713 3074 2779 Und deshalb muß schließlich mit der Zeit auch Felix
798 2722 1932 2785 tion muß man wirklich ein österreichisches Ereignis
108 2706 792 2807 n dieser Stelle vor Jahresfrist
1949 2767 3074 2823 Salten ein sehr gelesener Autor werden, wenn er auch
804 2782 1941 2840 nennen: soviel gute Namen hat noch keine Sammlung
374 2779 797 2848 Herrn Siegfried
113 2782 367 2843 ften des
1945 2812 3080 2874 bis jetzt noch keine großen Auflagenerfolge gehabt hat.
809 2820 1937 2892 eines heimatlichen Verlages nebeneinander stellen
125 2822 799 2894 scharf geäußert. Das hätte ich
1946 2864 3074 2927 Denn er ist immer amüsant, originell, fesselnd, farbig
810 2865 1935 2932 können. Neben Hugo v. Hofmannsthal, der uns
136 2867 807 2942 wenn seine Bände nicht in
1936 2918 3080 2982 und schreibt das beste Deutsch, das es gibt. Bei Salten
810 2910 1944 2986 das „Märchen der 672. Nacht“ und drei
102 2903 798 2994 nen wären, an dessen Erschei¬
1930 2956 3083 3028 kann sich noch niemand gelangweilt und noch
109 2976 802 3042 n Maßstab anzulegen man an¬
815 2960 1946 3030 andere feine Stilkunststückchen beschert hat, sehen wir
1938 2987 3075 3084 niemand geärgert haben (höchstens der Philister, den
166 3015 809 3077 Von diesem fleißigen Autor
807 3015 1941 3094 Artur Schnitzler mit vier ganz verschiedenen
1940 3059 3087 3125 es fast gar nicht mehr gibt). Wer den „Schrei der
111 3063 800 3143 Bändchen heraus, das den merk¬
813 3057 1941 3155 Skizzen in seinem Bande „Die griechische
1932 3093 3085 3166 Liebe“ zur Hand genommen hat, wird sofort zur
118 3108 792 3172 as verkaufte Lächeln“
809 3114 1949 3186 Anzerin“. Man lese die in die Mitte gestellte
116 3145 796 3240 es soforl Zur Hand genommen,
812 3149 3064 3227 „Excentrique“ zuletzt, wenn man sich das beste für graziösen, frechen „Gedenktafel der Prinzessin Anna“
809 3187 3078 3280 den Schluß aufheben will. Ich glaube, dieses ent= greifen, und schon einen Tag später bei der pracht¬
115 3219 804 3321 ühmter deutscher Autoren.“ Wiener
812 3253 3083 3335 zückende Capriccio sehen wir bald in einem Einakter vollen, süßen „kleinen Veronita“ sein. Ich möchte ihn
110 3288 328 3342 zig. 1005.
129 3342 2667 3461 Den abonnierten Exemplaren der heutigen Nummer liegt die „Bedette“ bei.
1906 3428 2003 3527 W
