3392 4384
561 252 608 315 1
1062 254 1334 316 Taenz
1291 261 1542 356 rin
117 252 1219 347 2. Die gl echische
95 624 479 705 gememen Zeitung.
1063 653 1280 713 Nr. 203.
156 773 1308 837 wie er zu sagen beliebt, an den Kopf greift und fragt: Wie
162 813 1308 878 ist es möglich, daß solches Geschreibsel gedruckt und einer
157 854 1320 908 Bibliothek moderner deutscher Autoren einverleibt werden
154 897 1309 968 kann, die durch Schnitzler so verheißungsvoll inauguriert
154 948 1307 992 wurde? Womöglich noch peinlicher als die Lektüre der
164 998 1309 1049 „Nenne“ ist die des gewundenen und in endlosen Wieder¬
154 1026 1322 1087 holungen sich ergehenden Monologs „Die Andere“, in dem
157 1073 1319 1120 er sein Liebesleben mit dem Mikroskop betrachtet und unnach¬
159 1115 1305 1175 sichtig zerfasert, sich in der Schilderung der Qualen der weibi¬
153 1163 1313 1209 schen Liebe und der in der männlichen Liebe beschlossenen
149 1196 1312 1265 Ruhe nicht genug tun kann. Zur Charakteristik Schlafs sei
148 1239 1313 1308 nur ein Passus aus seiner ermüdenden Beichte hervorgehoben:
153 1290 1312 1351 „In Torheit hatte ich geliebt. Sicher und gewiß in Torheit.
155 1329 1304 1381 Nun ja: das alles muß also sein; dieses Sichsuchen, dieses
149 1373 1301 1439 Tasten und Sich=erfühlen zweier dunkler Welten, dessen letzte
149 1413 1305 1479 uns wahrste Mitteilungen nicht im gesprochenen Wort sind
153 1463 1299 1523 und über jedes gesprochene Wort. Diese hundertfältigen Be¬
146 1509 1313 1569 rührungen, diese Küsse und Umarmungen; ihre zehrende
153 1544 1297 1595 Glut, ihr Sichgeben, Sichergießen; aber ach, vor allem ihr
143 1594 1304 1656 Sichverstehenwollen! Ihr Spiel, ihr Tändeln, ihre Grausam¬
149 1630 1300 1696 keiten; ihr steter unruhiger, wechselnder Rhythmus; ach, und
150 1673 1304 1741 seine Eifersucht, sein Mißtrauen, seine Ermüdungen und
143 1717 1299 1780 Ueberdrüsse: Bis? Bis es dann — der andere und die
143 1762 1297 1807 andere ist; bis sie füreinander hervortreten in Klarheit und
136 1810 1304 1862 Ruhe zum Ernst und zur Stete des Selbstbesitzes und der
137 1851 1297 1904 Zeugungen.“ Es muß indes zu seiner Ehre gesagt werden,
141 1889 1303 1955 daß er auf dem besten Wege zur Selbsterkenntnis zu sein
144 1930 1304 2000 scheint; denn er gibt sich keiner Täuschung darüber hin, daß
140 1974 1292 2028 der Gebrauch poetischer Symbole eine Fähigkeit voraussetzt,
145 2018 1301 2082 die er nicht „vermag“. Es läßt sich auch nicht leugnen, daß
141 2066 1295 2106 er zuweilen tiefsinnig wird. Er muß eine mächtige Phantasie
139 2102 1297 2146 besitzen, über eine gewaltige Ideenassoziation verfügen, wenn
134 2138 1291 2199 ihn das festtägliche Treiben in einer der schönsten Verkehrs¬
140 2185 1292 2241 adern des Berliner Westens, das ihn „mit dem Zwang irgend
140 2240 1301 2293 einer heimlichen magnetischen Affinität in diesen gemeinsamen
137 2277 1297 2336 Trance bringen“ will, zur Politeia Platons, im mindesten
132 2324 1292 2381 aber zu der von Hegels Gnaden hinüberleitet, das glänzende
143 2360 1291 2431 Saturnal im elegantesten Berliner Viertel ihn wie das „Zeit¬
139 2404 1127 2462 alter des gerechtfertigten Hegelianismus“ anmutet.
217 2449 1298 2508 Gern flüchten wir von Schlafs Seelenwühlerei zu Anton
130 2476 1292 2552 v. Perfall, der in der kernigen, wahrhaft poetischen Er¬
130 2539 1287 2589 zählung „Er lebt von seiner Frau“ die alle Bedenken über¬
140 2581 1286 2636 flutende alles opfernde Liebe zweier Vollblutnaturen schil¬
141 2623 1290 2686 dert, eine Liebe von der Art, wie sie der Held der Erzählung
131 2665 1291 2714 mit kräftigen Accenten also zeichnet: „Sie schreitet nur zu
127 2700 1281 2763 oft über Trümmer und Brandstätten, sie versengt alles mit
142 2747 1286 2809 ihrer Glut, sie ist kein milder Genius, kein schalkhafter Knabe
140 2795 1288 2856 mit Bogen und Pfeil, es ist ein Kampf, ein wilder Kampf,
137 2833 1283 2897 die ganze Natur stöhnt und ächzt in ihm. Das ist in meinen
127 2885 1294 2939 Augen keine Liebe, die Rücksichten kennt, erwägt im Kampfe
135 2926 1289 2981 um die Geliebte.“ Eine solche Liebe altert nie, sie bleibt
127 2982 1286 3028 ewig jung, nicht einmal ihr erster Blütenstaub verwischt sich
137 3010 1298 3059 im rauhen Leben, und die Kinder einer solchen Liebe tragen
132 3047 1287 3098 den Stempel ihrer Abkunft in ihrem rosigen Wesen. Wie
121 3098 1292 3141 Königskinder ragen ssie empor über die Kinder der kalten
131 3141 1282 3187 Pflicht mit dem matten Blick, dem matten Herzen. Jawohl,
134 3181 1284 3231 er lebt von seiner Frau, er wird durch sie zur Arbeit geboren,
135 3222 1290 3272 sie weckt ihn zu neuem Leben, entzündet in ihm den Glauben
133 3267 1277 3319 an sich selbst, entfesselt in ihm die Wollust des Schaffens, sie
129 3308 1286 3358 teilt ihm Geist von ihrem Geiste mit, daß es ihn „überkommt“
123 3357 1266 3401 und er das Gleichnis von den feurigen Zungen des Pfingst¬
137 3397 1272 3449 festes zu würdigen weiß. — In dem „Sprung im Glase“
126 3452 1277 3498 entrollt uns Perfall ein erschütterndes Bild von den schreck¬
123 3488 1275 3524 lichen Verheerungen, die der häßliche Aberglauben im Men¬
123 3523 1281 3581 schenleben anrichtet, und er entpuppt sich als ein weiser, mit
122 3566 1284 3633 den Verhältnissen rechnender, sich der kranken, verfinsterten
126 3610 1172 3659 Seele anpassender Bekämpfer jenes unseligen Wahns.
196 3669 1271 3723 Der neunte Band enthält Erzählungen von Siegfried
127 3699 1258 3752 Trebitsch. Die Titelnovelle „Das verkaufte Lächeln“
120 3758 1269 3799 leidet an manchen Unwahrscheinlichkeiten. Es ist schwer an¬
121 3799 1274 3853 zunehmen, daß Amanda bei der Hochzeit ihres Vaters als
116 3838 1274 3872 Kranzeljungfrau fungiert, daß die Schwester ihrer verstorbenen
127 3877 1280 3938 Mutter aus der Stadt kommt, um der Vermählungsfeier des
127 3923 1278 3965 Witvers beizuwohnen, und daß Amanda nach den seelischen
128 3963 1272 4010 Mishandlungen, die sie im Hause der Tante erfuhr, sich still
143 4010 1276 4068 ie Liebkosungen eines Fremden gefallen, sich von ihm auf
1697 249 2162 339 box 35/6
1888 657 2092 722 Nr. 203.
2693 660 3026 734 Beilage zur Al
1858 780 3004 845 sein Lager tragen läßt und in langer, genießender Wonne
1858 835 3008 889 nimmt und gibt. Wir können es füglich begreifen, daß sie sich
1857 878 3013 945 in seine Stube flüchtet, wie ein kleiner bedrängter Vogel; wir
1850 921 3007 970 können uns jedoch mit dem Fremden nicht genug über ihre
1842 966 3019 1021 von einer seltsamen Energie begleitete Hingabe wundern.
1843 1008 3018 1056 Es scheint auch sehr unwahrscheinlich, daß sie, die der Mutter¬
1852 1047 3004 1092 schaft Entgegengehende, nicht den Mut hat, dem Geliebten ihre
1851 1089 3004 1139 Lage zu schildern und ihn an seine verfluchte Pflicht und
1851 1135 3007 1191 Schuldigkeit zu mahnen, nachdem das Gespenst der Sorgesin
1842 1178 3011 1234 ihre kahle Kammer seinen Einzug gehalten hat. Es zeugt von
1847 1214 3011 1276 Feingefühl, daß sie, nachdem sie zur Lebewelt in Beziehungen
1843 1250 3012 1312 getreten, ihr Lächeln, das ihr einen reinen, wunderbaren
1846 1309 3000 1359 Zauber verleiht, keusch für sich behält, sich gelobt, es keinem
1845 1346 2997 1394 zu zeigen. Stimmungsvoll sagt der Verfasser: „Zu diesem
1845 1388 3004 1430 Gedanken flüchtete sie nun in ihrer Scham. Ein Talisman,
1843 1436 3001 1486 ein ängstlich bewachter, sollte es sein, der heimliche Nachweis,
1840 1475 2998 1533 daß sie sich hingab in freiwilliger Liebe, falls jemals wieder
1852 1525 2997 1572 eine solche Stunde für sie schlug. Sie fühlte, daß ihr Lächeln
1854 1553 3006 1615 schützend vor der Reinheit ihrer Seele stehen, daß es ihr
1847 1599 3002 1649 Leben, wohin immer es lief, entsühnen und heiligen konnte.
1843 1646 2999 1701 Daß es Flügel hatte und sie hoch emportragen konnte aus
1837 1690 2994 1738 allem Erdenschmutz. Es barg ihre liebsten Erinnerungen,
1846 1740 3005 1788 alle Unschuld ihrer bedrückten Kinderzeit, der toten Mutter
1838 1766 3004 1830 zärtliche Grüße, des Heimatwaldes trauliches Rauschen und
1839 1816 3010 1860 das kurze Glück ihrer ersten Liebe. Sie schwur sich zu, das
2449 1851 2981 1926 Auch in der zweiten Erzah
1846 1863 2449 1915 Lächeln nicht zu verkaufen.“ —
1844 1903 2983 1958 lung offenbart sich der sinnige Dichter, die Kraßheit des Vor¬
1844 1948 2415 2009 wurfes stößt uns jedoch ab.
1941 1971 3024 2040 Den Beschluß macht eine Frau, Hans v. Kahlen¬
1840 2030 3006 2084 berg, von deren Erzählungen uns „Kameraden“ am meisten
1838 2076 2997 2120 interessieren, weil sich in ihnen ein Problem birgt. Er und
1843 2115 2995 2165 sie sind Nachbarn und Kollegen, sie studieren Frauenkrank¬
1838 2159 3101 2231 heiten. Allmählich werden sie gute Kameraden. Obgleich
1834 2203 2999 2242 ihn Frauen verwirren und reizen, läßt sie ihn kühl bis ans
1835 2251 3001 2305 Herz hinan. Sie ist ein Neutrum für ihn, ein geschlechts¬
1841 2292 2992 2343 loses Wesen, und sie ist stolz darauf, daß sie kein Weib ist,
1847 2346 3003 2393 „keines von diesen niedrigen, elenden Geschöpfen, die nichts
1840 2375 2989 2421 können als die Sinne kitzeln und Kinder in die Welt setzen“.
1832 2423 2993 2477 Eines Tages trifft er bei Natalie ihre niedliche Cousine an,
1842 2464 3001 2512 und je öfter er ihr begegnet, desto mehr Aufmerksamkeit
1834 2511 2984 2560 schenkt er ihr. Natalie beobachtet dies mit Unbehagen und
1840 2545 2998 2596 macht ihm einmal eine Szene. Sie ruft dadurch sein Miß¬
1838 2593 2983 2645 fallen hervor. Sie mißfällt ihm überhaupt, ihre ganze Er¬
1845 2646 2988 2690 scheinung, die Nachlässigkeit in ihrem Anzug, ihrer Um¬
1831 2681 2992 2735 gebung, ihre burschikose Manier. Es nützt ihr auch nicht, daß
1841 2730 2995 2786 sie in ihrem Aeußeren Wandel schafft. Er fühlt sich immer
1833 2769 2992 2822 mehr zu Mariette hingezogen, das Verhältnis zwischen ihm
1835 2801 2985 2863 und Natalie wird immer gespannter, eine Szene löst die
1837 2865 2993 2910 andere ab, und er erklärt ihr endlich, daß er eine andere
1821 2902 2990 2947 Wohnung nehmen werde. Da sinkt sie zu seinen Füßen und
1820 2933 2993 2993 schreit auf: „Liebe mich! Liebe mich! Du sollst mich lieben
1888 2986 2994 3038 hörst du — mich!“ Er sieht, daß sie schön ist in ihrer
1823 3028 2993 3067 Leidenschaft, er fühlt ihre verzehrenden Küsse auf seinen
1829 3064 2979 3129 Händen, den rasenden Pulsschlag ihres Blutes; er sieht sie
1833 3123 2978 3169 aber auch wieder, wie er sie alle Tage gesehen hat, kalt,
1823 3154 2986 3206 häßlich, brutal, mit aufgestreiftem Aermel, das blutige
1823 3202 2986 3247 Seziermesser in der Hand, und er hört ihr zynisches Lachen
1830 3250 2976 3303 in Liebe! Was ist Liebe! Er schauert zusammen, stößt sie
1822 3289 2982 3350 von sich und geht zu seinem Schätzchen. Mariettens Lieb¬
1828 3335 2978 3380 kosungen machen ihn jedoch ungeduldig, er findet sie geziert,
1824 3382 2986 3434 läppisch, ihr Gesicht hat etwas Wachspuppenhaftes, Dummes.
1821 3417 2981 3472 Der Mann, der mit einem geistig regsamen und ernst streben¬
1815 3464 2981 3520 den Mädchen lange Zeit kameradschaftlich verkehrt hat, kann
1823 3509 2987 3568 eben an einem süßen Mädel kein Genüge finden. Er treibt
1826 3552 2983 3605 sich wie wahnsinnig bis in die späte Nacht in den Straßen
1817 3594 2978 3648 umher und schleicht sich endlich leise die Treppe hinauf bis an
1829 3635 2978 3698 Nataliens Tür. Er öffnet sie, findet aber nicht die Gesuchte,
1824 3675 2985 3739 sondern an ihrer Statt einen Zettel, auf dem die schicksals¬
1831 3720 2974 3763 schweren Worte zu lesen sind: „Ich wußte, daß du wieder¬
1820 3768 2969 3817 kommen würdest, wiederkommen mußt. Suche mich nicht.
1825 3803 2469 3860 Ich will nicht gefunden werden.“
2534 3802 2991 3871 Der „Buckeljean“ ist
1815 3843 2359 3913 geradezu greulich, ekelhaft.
2440 3887 2945 3970 Bernhard Münz.
