3392 4384
1731 260 2187 357 box 35/6
1091 250 1208 333 Ta
1223 276 1339 334 n2
138 265 1585 376 2. Die griechische-enzerin
2399 687 2685 769 Jahrg. 1906
1374 693 1863 776 Das Wissen für Hlle
553 710 677 787 276
2337 705 2418 801 —
1632 820 2731 897 saal „Frl. stud. med.“ (S. 48), in dem Gedicht an
549 835 1621 904 Otto Brills Verse sind völlig talentlos und zum
1626 882 2734 958 Häckel (S. 54 f.). Brill und Glogan sind Dilettanten.
505 888 1624 974 Teil geeignet, trübe Stunden durch nicht beabsichtigte
1635 929 2737 991 Grabowsky hat Talent; er vermag aber aus Mangel
505 944 1616 998 Heiterkeit zu verklären. Er schildert z. B. (S. 33) die
1623 982 2747 1037 an künstlerischer Selbstzucht vorerst lyrische Gebilde noch
518 998 1617 1080 Rache der Locken, die ein Don Juan als Siegeszeichen
1624 1025 2737 1089 nicht zu formen. Sein Buch ist voller Lärm und Auf¬
517 1055 847 1138 gesammelt hat.
1622 1051 2746 1143 geregtheit. Vor Geräusch gelangt der Leser nicht zur
701 1073 1306 1174 „Doch Wunder! Alle Locken bald
1634 1114 2742 1201 Ruhe des klaren Hörens und vor wirren Gesten nicht
688 1152 1128 1208 Zu wachsen fingen an,
693 1158 1480 1249 Und rot und blond und schwarz und braun
1631 1182 2292 1258 zur Rast des sicheren Schauens.
703 1232 1294 1281 Entquolls des Schubfachs Bann,
1681 1204 2728 1284 Ein Buch mag noch so sehr voller Zerrissenheit, Zwie¬
707 1250 1428 1323 Es wuchs und rann und floß zur Flut —
1629 1271 2734 1346 spalt, Kampf und Chaos sein, es bedarf, auch um die
700 1302 1244 1357 Das Haar füllt das Gemach.
1630 1321 2741 1389 Unrast zu gestalten, jener (künstlerischen) Ruhe des
697 1333 1382 1411 Erstickend schlang sichs um den Hals,
1628 1364 2744 1433 Schaffens, zu welcher noch sich alle Echten durchgerungen
688 1390 1216 1460 Ihm, bis sein Auge brach. —
1629 1419 2751 1486 haben. In Grabowskys Buch kämpfen ein Romantiker
571 1432 1631 1507 Während man in Büchern von Dilettanten häufig
1636 1462 2754 1530 und ein Mensch von 1900. Er ist voller Liebe zur
518 1482 1620 1558 ernsten, innerlich bemühten Menschen begegnet, ist dies
1636 1517 2739 1593 Maschine und Arbeit und voller Sehnsucht nach ästheti¬
514 1525 1616 1593 Buch voller Oberflächlichkeit und Unreinheit (S. 25 ff.,
1628 1560 2750 1634 zistisch zarten, zärtlich gehegten Stimmungen. Ichsucht
524 1591 1623 1643 S. 52, S. 144, S. 152 u. s. w.) und man legt es
1635 1611 2751 1676 und Liebe zu den Anderen streiten in ihm, ohne daß
514 1625 1619 1704 mit Widerwillen aus der Hand. Zeit, Arbeit, Material,
1641 1657 2746 1733 ein Sieg erkennbar wird. Den letzten künstlerischen Aus¬
514 1699 1624 1745 die an dies Machwerk verwandt wurden, sind vergendet.
1637 1713 2739 1773 druck für dieses Ringen hat er noch nicht gefunden.
522 1725 1633 1801 Solche Bücher aber, wenn auch nicht immer menschlich
1630 1759 2752 1824 Gute Motive und Zeilen sind vorhanden. Allein der
527 1781 1626 1838 von gleichem Unwert, so doch künstlerisch ohne alle Be¬
1643 1813 2737 1884 Kampf und das Chaos, die er in sich spürt, vermag er
522 1826 1638 1898 deutung, derlei Dilettantenarbeiten erscheinen in einem
1631 1855 2753 1921 nicht uns anderen spüren zu machen. Diese nicht arme An¬
519 1889 1626 1942 Jahre zu tausend. Wie der Verlag Pierson in Dresden,
1635 1909 2748 1971 lage wird Gebilde schaffen, wenn sie durch eine Zeit
526 1923 1637 1996 so verschafft neuerdings das sogenannte „Moderne Ver¬
1643 1973 2745 2034 rastloser Unzufriedenheit mit sich und strenger Selbst¬
524 1986 1637 2042 lagsbureau“ in Berlin, offenbar gegen Entgelt, zahl¬
1641 2011 2743 2077 erziehung zu Klarheit, Konzentration und Anschaulichkeit
516 2024 1632 2090 reichen Stümpern den Genuß, ihre lächerlichen Verse in
1646 2059 2754 2127 hindurchgegangen ist. Vorläufig sehe ich nur Trümmer
517 2073 1633 2137 Druck zu sehen. Durch solche Büchermacherei entsteht
1650 2110 2749 2174 und Fetzen, die verworrenen Halles und in verworrenen
532 2142 1628 2192 die gewaltige Ueberproduktion an Büchern und ins¬
1640 2145 2759 2240 Kontouren vor Aug' und Ohr hin und her und für
523 2172 1642 2234 besondere die Sache der Lyrik wird geschädigt. An ein
1645 2213 2154 2281 immer vorüberschwirren.
536 2228 1638 2297 Drama, einen Roman, eine Novelle wagt sich der
1698 2225 2753 2339 Grabowsky hat noch verhältnismäßig wenig Verse
535 2276 1634 2339 Stumper nicht so leicht heran. Ein Gedicht zu machen,
1646 2299 2757 2377 veröffentlicht. „Das Zeugende“ ist wohl sein zweites
539 2318 1633 2390 scheint ihm eine leichte Mühe, und er ahnt nicht im
1648 2346 2754 2407 Gedichtbuch, er ist noch ein Suchender, und diese
525 2362 1638 2430 geringsten, welche Müh', Zeit und Kraft in ein Keller¬
1640 2395 2754 2468 Mahnung bedeutet bei ihm nicht allzuviel. Bedenklicher
541 2410 1640 2483 sches oder Stornsches Lied verarbeitet worden sind.
1645 2441 2744 2505 muß es erscheinen, wenn die gleiche Mahnung not¬
534 2460 1633 2531 Wie der Dilettant, muß auch der Künstler in den weit¬
1640 2495 2759 2560 wendig ist gegenüber Dichtern, die einen weitklingenden
522 2500 1635 2586 aus meisten Fällen den Druck seiner Verse selbst be¬
1651 2550 2756 2607 Namen tragen und schon eine größere Zahl von Dicht¬
527 2569 692 2647 zahlen.
1643 2601 2193 2668 ungen veröffentlicht haben.
569 2590 1644 2685 Die Uebermenge verwirrt das Publikum. Der lyrische
1689 2638 2774 2730 Dies ist der Fall bei Hugo Salus und bei Georg
527 2659 1629 2711 Stümper wird typisch für den „Lyrischen Dichter“, der
1651 2693 2048 2767 Busse=Palma.
523 2714 1633 2784 langgelockt, schäbig, ungedruckt und ungelesen durch die
1690 2714 2745 2807 Salus ist in Gefahr, seine ursprünglich reiche An¬
531 2749 1636 2819 Jahrgänge der „Fliegenden Blätter“ wandelt. Nachsicht
1646 2785 2751 2859 lage zu zerstören. Sein letzter lyrischer Band, „Neue
530 2801 1637 2887 gegen wohlmeinende Dilettanten und lässige Künstler ist
1649 2831 2760 2911 Garben“, seit 1897 sein sechstes Gedichtbuch, läßt
539 2870 1638 2926 immer Vergehen wider die Kunst. Glogau=Nickols¬
1648 2876 2751 2946 mit Deutlichkeit Verfall und Verflachung erkennen. Salus
534 2913 1642 2966 burgs Gedichtbuch ist von E. M. Lilien mit einer
1655 2936 2763 3000 besitzt eine reiche Phantasie; wenigen ward eine gleiche
540 2962 1637 3012 Umschlagszeichnung versehen worden, die seines bedeu¬
1655 2978 2760 3053 Fülle der Motive und Ideen zuteil. Allein es ist dem
528 3002 1639 3067 tenden Könnens durchaus unwürdig ist. Glogau=Nickols¬
1648 3030 2762 3097 Dichter nicht bewußt, daß Reichtum auch in den Künsten
537 3053 1643 3122 burg hat eine ziemlich freie unkonventionelle Stellung
1648 3083 2761 3150 Pflicht und Lasten auferlegt. Der Künstler muß, was
532 3101 1649 3178 zum Leben gewonnen. Während Brill den Typus des
1651 3130 2759 3197 ihm von irgendwoher als Geschenk wundersam zufällt,
540 3144 1637 3216 bourgeoisen philiströsen „flotten“ Studenten darstellt, ist
1645 3178 2767 3249 was ihm als Erbe von der Hand künstlerischer Ahnen
530 3199 1638 3259 Glogau=Nikolsburg von der Art jener Studenten, die
1652 3229 2752 3299 dargeboten wird, er muß es erwerben, um es zu be¬
530 3238 1636 3324 sich auf der Hochschule mit tausend Problemen des indi¬
1648 3274 2767 3357 sitzen. Dies vermag er nur, indem er jedes einzelne
539 3294 1633 3366 viduellen und sozialen Lebens herumschlagen. Glogau¬
1650 3332 2766 3398 Werk oder Werklein von innen heraus sucht und mit
538 3342 1638 3410 Nickolsburg ist Verehrer Darwins und Häckels. Er scheint
1646 3376 2757 3440 Sorgfalt bildet. Salus' Gedichte sind meist außen ge¬
540 3392 1637 3473 Zionist zu sein. Manche Gedichte, wie die an eine Prosti¬
1655 3419 2760 3488 formt, nicht gewachsen und gereift, sondern die Stoffe
544 3440 1643 3505 tuierte gerichteten, berühren in ihrem geläuterten Ver¬
1646 3473 2757 3548 sind vorzeitig ergriffen und gemacht. Die Gedichte sind
545 3506 1644 3564 stehen menschlich sympathisch: „Wer selbst den Dolch im
1647 3521 2761 3591 fast durchweg in einem Stadium vor der Vollendung
534 3536 1642 3604 Herzen trägt, verurteilt nie das fremde Leben“. (S. 93.)
1644 3569 2760 3638 belassen. Strophen können, ohne den Eindruck zu mindern,
544 3588 1638 3654 Allein, der Verfasser kann seine Empfindungen und Ge¬
1649 3618 2760 3688 herausgenommen werden. Der Reim ist ohne Sorgfalt
545 3635 1655 3709 danken nicht künstlerisch überzeugend und in eigenen
1645 3660 2758 3732 behandelt und oft nur ein Wort, das die Not einge¬
536 3680 1649 3744 Bildern und Klängen gestalten. Seine Verse sind auch
1648 3728 2758 3787 geben hat. Es fehlt an Kürze und Konzentration und
538 3731 1646 3801 da unoriginell, wo der originelle Stoff ein echtes Talent
1645 3764 2756 3828 daher an Eindringlichkeit und Dauerhaftigkeit der Wirkung.
541 3786 1638 3854 zu prägnantem Ausdruck mit Macht gezwungen hätte,
1659 3809 2767 3894 Nur das Gedicht „Verlosung“ ist eine Ausnahme. Sonst
541 3831 1632 3900 in dem „Gebet russischer Juden vor der Schlacht“
535 3859 2773 3959 (S. 59 f.), in einer Szene aus dem medizinischen Hör=, weiß ich kein Gedicht, so schön manche in Gedanken und
