3392 4320
2061 157 2332 244 —.—
168 236 1365 347 1. Panphletsofforints
1524 252 1977 344 box 36/8
637 1048 798 1107 Arthur
835 1070 2403 1119 gegenüberstellt, die beide in der Zeit ihrer sogenannten Leidenschaft füreinander
604 1098 817 1160 Schnitzler
825 1118 2398 1197 ihre eigenen Liebesbriefe kopierten, um sie beide zu dem gleichen Roman in
815 1167 2393 1251 Briefen zu verwerten. Was aber haben die Künstler von der Derewigung leben¬
813 1218 2395 1277 diger Stunden, von ihren Meisterwerken selbst, fragt der dritte Einakter. Nichts,
826 1257 2383 1343 wenn sie auf dem Totenbette ruhen. „Nachwelt gibt's nur für die Lebendigen.“
817 1312 2391 1397 Was hat ein Sterbender „mit denen zu schaffen, die morgen noch auf der Welt
820 1355 1132 1426 sein werden?“
639 1394 793 1471 Reigen
860 1412 2397 1492 In den gleichen Zusammenhang gehören schließlich die spöttisch überlegenen
814 1459 2394 1527 zehn Dialoge der 1896/97 geschriebenen Sammlung „Reigen“. Ein gewagtes,
820 1507 2394 1590 artig unartiges Spiel vom Gegaukel der niederen Liebe. Der Gaukeltanz geht
814 1562 2398 1624 durch alle Stände. Er beginnt mit einer holzschnittszene und er endet mit einer.
815 1614 2389 1684 Aber nach der Mitte zu wird Liniengebung und Farbentönung immer feiner.
819 1647 2393 1717 Und auch diese zehn Zwiegespräche wandeln Schnitzlers Lebenserkenntnis ab.
823 1703 2393 1766 Wie ist erst in der niederen Liebe alles flüchtig, flüchtiger noch als alles sonst
820 1758 2390 1808 in der Welt, zumal bei den Männern, die kurz nach dem Augenblicke höchsten
815 1801 2387 1894 Liebesgenusses die schmiegsamer, zärtlicher werdenden Frauen fast als etwas
819 1844 1232 1912 Fremdes empfinden!
860 1898 2381 1973 Zwischen den „Einsamen Stunden“ und dem „Grünen Kakadu“ liegt „Der
811 1955 2387 2014 Schleier der Beatrice“ (1901), das erste der nun folgenden längeren Dramen,
806 2007 2390 2077 des Schauspiels „Der einsame Weg“ (1903), der Komödie „Zwischenspiel“ (1905),
808 2054 2386 2108 des Schauspiels „Der Ruf des Lebens“ (1906). Ihre Themen liegen im Ge¬
810 2099 2384 2182 dankenkreise der Einakter. Ihr Bau ist ein loses Nebeneinander verschiedener,
816 2144 1347 2202 meist dünner handlungen.
596 2150 804 2228 Der Schleier
851 2191 2382 2262 Wie sonderbar wechselnd sind doch der Menschen Empfindungen, fragt „Der
594 2216 798 2269 der Beatrice
812 2235 2384 2295 Schleier der Beatrice“. Empfindungen, die ewigen Gesetzen unterworfen sind
812 2299 2386 2341 und darum nicht mit Worten wie schuldig und schuldlos bedacht werden dürfen!
809 2345 2387 2423 Wie sonderbar ist doch dieser Dichter Filippo Loschi, der heute das Lied nicht
805 2397 2381 2467 mehr kennt, das er vor wenigen Tagen gedichtet, weil die nicht mehr da ist,
814 2437 2376 2505 für die er es schrieb, weil in ihm nur noch Beatrice Kardi lebt, die sechzehn¬
808 2494 2372 2564 jährige Tochter des verrückten Wappenschneiders, mit der er leben muß, fliehen
806 2541 2382 2616 muß: heute noch, da morgen niemand mehr leben wird, denn Cesare Borgia
807 2583 2383 2650 steht vor den Toren Bolognas. Wie sonderbar ist doch diese Beatrice! Sie kommt
807 2647 2381 2683 zu Filippo, sie erzählt ihm ihren Traum, in dem sie sich als herzogin gesehen
809 2689 2379 2759 hat, sie wird von Filippo fortgetrieben, denn sie ist dadurch für ihn beschmutzt,
803 2740 2379 2792 sie willigt zu hause ein, einem Manne in die Kirche zu folgen, bei dem ihr Zu¬
813 2788 2377 2848 flucht, Ruhe und Sicherheit zu sein schien, sie folgt aber dem herzog, der sie
807 2842 2386 2902 vor dem hause ihrer Eltern gesehen, sie wird herzogin. Vom Festmahle aber
800 2892 2377 2954 schleicht sie aus übergroßer Sehnsucht unbemerkt zu Filippo, aber sie will nicht
801 2936 2356 2981 mit ihm sterben, sie flieht von dem Toten angstgepeitscht mit dem Rufe „Leben!“
795 2991 2373 3035 Ihr zurückgelassener Schleier verrät sie. Sie läßt sich verstoßen, nur um nicht
798 3036 2374 3106 bei dem Toten den Schleier holen zu müssen, und sie geht doch mit dem herzog
792 3091 2374 3124 an die Leiche, als sie selbst sterben soll. Ein Kind, das nichts Böses wollte, das
801 3132 2378 3206 nur das Grauen, die Angst vor dem Tode, von Lüge zu Lüge, von Schmach zu
787 3171 1118 3244 Schmach jagte,
1142 3273 1984 3357 „das mit der Krone spielte, weil sie glänzte, —
1141 3347 1999 3400 mit eines Dichters Seel, weil sie voll Rätsel, —
1147 3382 1972 3456 mit eines Jünglings herzen, weil's dir just
1139 3423 1457 3493 geschenkt war?“
1515 3513 1643 3590 504
2312 4053 2368 4104 100
