<?xml version="1.0" encoding="UTF-8" standalone="yes"?>
<PcGts xmlns="http://schema.primaresearch.org/PAGE/gts/pagecontent/2013-07-15" xmlns:xsi="http://www.w3.org/2001/XMLSchema-instance" xsi:schemaLocation="http://schema.primaresearch.org/PAGE/gts/pagecontent/2013-07-15 http://schema.primaresearch.org/PAGE/gts/pagecontent/2013-07-15/pagecontent.xsd">
    <Metadata>
        <Creator>prov=University of Rostock/Institute of Mathematics/CITlab/Gundram Leifert/gundram.leifert@uni-rostock.de:name=ONB_Newseye_GT_M1+(htr_id=10810)::::v=2.4.2
prov=University of Rostock/Institute of Mathematics/CITlab/Tobias Gruening/tobias.gruening@uni-rostock.de:name=de.uros.citlab.module.baseline2polygon.B2PSeamMultiOriented:v=2.4.2
prov=University of Rostock/Institute of Mathematics/CITlab/Tobias Gruening/tobias.gruening@uni-rostock.de:name=/mnt/transkribus/LA/DEA/URO/LA_news_onb_att.pb:de.uros.citlab.segmentation.CITlab_LA_ML:v=2.4.2
Transkribus</Creator>
        <Created>2019-10-07T15:16:54.694+02:00</Created>
        <LastChange>2019-10-09T02:12:55.099+02:00</LastChange>
        <TranskribusMetadata docId="224246" pageId="9515370" pageNr="15" tsid="16618877" status="IN_PROGRESS" userId="40391" imgUrl="https://files.transkribus.eu/Get?id=IKKAISKEAMDKDXMRZZAGPNJF&amp;fileType=view" xmlUrl="https://files.transkribus.eu/Get?id=AZWRQPGYFCSYDOKRRZMNSKDC" imageId="6203604"/>
    </Metadata>
    <Page imageFilename="224246_0015.jpeg" imageWidth="3392" imageHeight="4320">
        <ReadingOrder>
            <OrderedGroup id="ro_1711443487500" caption="Regions reading order">
                <RegionRefIndexed index="0" regionRef="r1"/>
                <RegionRefIndexed index="1" regionRef="r2"/>
                <RegionRefIndexed index="2" regionRef="r3"/>
            </OrderedGroup>
        </ReadingOrder>
        <TextRegion orientation="0.0" id="r1" custom="readingOrder {index:0;}">
            <Coords points="137,170 137,326 209,326 209,170"/>
            <TextLine id="r1l1" custom="readingOrder {index:0;}">
                <Coords points="127,282 147,285 155,281 159,286 163,284 187,297 193,293 199,298 217,297 220,234 191,232 169,213 163,213 150,224 131,223"/>
                <Baseline points="137,272 173,270 209,276"/>
                <TextEquiv>
                    <Unicode>1</Unicode>
                </TextEquiv>
            </TextLine>
            <TextEquiv>
                <Unicode>1</Unicode>
            </TextEquiv>
        </TextRegion>
        <TextRegion orientation="0.0" id="r2" custom="readingOrder {index:1;}">
            <Coords points="163,162 163,3429 2473,3429 2473,162"/>
            <TextLine id="r2l1" custom="readingOrder {index:0;}">
                <Coords points="2072,219 2094,209 2125,222 2162,208 2178,220 2203,198 2231,221 2254,214 2266,220 2309,202 2308,163 2242,168 2224,152 2185,165 2093,158 2071,168"/>
                <Baseline points="2082,190 2109,189 2136,189 2163,189 2190,188 2217,188 2244,187 2271,187 2298,186"/>
                <TextEquiv>
                    <Unicode></Unicode>
                </TextEquiv>
            </TextLine>
            <TextLine id="r2l2" custom="readingOrder {index:1;}">
                <Coords points="1482,318 1527,323 1559,304 1625,315 1653,294 1746,326 1772,313 1891,317 1927,306 1928,239 1861,244 1803,225 1661,255 1630,240 1544,251 1519,229 1483,236"/>
                <Baseline points="1492,291 1517,291 1542,291 1567,291 1592,292 1617,293 1642,293 1667,294 1692,295 1717,295 1742,296 1767,297 1792,297 1817,297 1842,297 1867,296 1892,295 1918,294"/>
                <TextEquiv>
                    <Unicode>box 36/8</Unicode>
                </TextEquiv>
            </TextLine>
            <TextLine id="r2l3" custom="readingOrder {index:2;}">
                <Coords points="252,298 1292,322 1316,254 866,225 803,275 666,222 253,233"/>
                <Baseline points="262,288 314,289 366,290 418,291 470,292 523,293 575,294 627,295 679,296 731,297 784,298 836,299 888,299 940,300 992,301 1045,301 1097,302 1149,303 1201,303 1253,304 1306,305"/>
                <TextEquiv>
                    <Unicode>PanphletsOfforints</Unicode>
                </TextEquiv>
            </TextLine>
            <TextLine id="r2l4" custom="readingOrder {index:3;}">
                <Coords points="153,955 184,962 202,951 253,957 294,945 329,959 353,949 390,959 443,946 443,895 239,910 204,886 153,894"/>
                <Baseline points="163,942 190,942 217,942 244,942 271,942 298,941 325,941 352,941 379,942 406,943 434,945"/>
                <TextEquiv>
                    <Unicode>eist. Es bricht</Unicode>
                </TextEquiv>
            </TextLine>
            <TextLine id="r2l5" custom="readingOrder {index:4;}">
                <Coords points="908,960 2473,989 2474,938 2388,918 909,915"/>
                <Baseline points="919,962 996,962 1073,962 1150,962 1228,962 1305,963 1382,964 1459,965 1537,966 1614,967 1691,968 1768,969 1846,970 1923,970 2000,971 2077,972 2155,972 2232,972 2309,972 2386,972 2464,972"/>
                <TextEquiv>
                    <Unicode>irdische Bestimmung die Liebe ist oder zu sein scheint, für die Frau in „Frau</Unicode>
                </TextEquiv>
            </TextLine>
            <TextLine id="r2l6" custom="readingOrder {index:5;}">
                <Coords points="170,998 210,999 264,1019 288,1000 307,1003 319,993 337,1005 376,1002 395,1016 425,1009 425,979 371,953 308,956 299,948 210,962 171,959"/>
                <Baseline points="180,991 206,993 232,994 258,995 284,995 311,995 337,995 363,996 389,996 416,997"/>
                <TextEquiv>
                    <Unicode>enn für sich,</Unicode>
                </TextEquiv>
            </TextLine>
            <TextLine id="r2l7" custom="readingOrder {index:6;}">
                <Coords points="907,1028 2476,1022 2476,985 2071,960 907,977"/>
                <Baseline points="917,1008 994,1009 1071,1011 1149,1012 1226,1014 1304,1015 1381,1015 1459,1016 1536,1017 1614,1017 1691,1017 1768,1018 1846,1018 1923,1018 2001,1019 2078,1019 2156,1020 2233,1020 2311,1021 2388,1022 2466,1023"/>
                <TextEquiv>
                    <Unicode>Beate und ihr Sohn“ (1915), für den Mann in den Novellen „Doktor Gräsler,</Unicode>
                </TextEquiv>
            </TextLine>
            <TextLine id="r2l8" custom="readingOrder {index:7;}">
                <Coords points="213,1049 244,1053 270,1038 301,1056 360,1047 375,1059 395,1044 438,1048 439,999 397,1016 374,1014 364,1004 325,1008 296,999 262,1011 249,1004 213,1008"/>
                <Baseline points="222,1039 247,1040 273,1041 299,1041 325,1041 351,1041 377,1041 403,1042 429,1044"/>
                <TextEquiv>
                    <Unicode>ie Liebes¬</Unicode>
                </TextEquiv>
            </TextLine>
            <TextLine id="r2l9" custom="readingOrder {index:8;}">
                <Coords points="895,1070 2432,1087 2480,1033 895,1025"/>
                <Baseline points="904,1057 982,1058 1060,1059 1138,1060 1217,1062 1295,1063 1373,1064 1452,1066 1530,1067 1608,1068 1687,1069 1765,1070 1843,1071 1921,1072 2000,1072 2078,1072 2156,1072 2235,1072 2313,1071 2391,1070 2470,1069"/>
                <TextEquiv>
                    <Unicode>Badearzt“ (1917) und „Casanovas heimfahrt“ (1919). Stofflich bearbeitet er (in</Unicode>
                </TextEquiv>
            </TextLine>
            <TextLine id="r2l10" custom="readingOrder {index:9;}">
                <Coords points="255,1098 268,1096 290,1106 298,1098 310,1104 327,1094 345,1104 362,1096 406,1109 443,1101 443,1058 423,1062 401,1046 376,1060 362,1049 298,1059 272,1041 254,1043"/>
                <Baseline points="264,1092 292,1091 320,1091 348,1092 376,1092 404,1091 432,1090"/>
                <TextEquiv>
                    <Unicode>eide sind</Unicode>
                </TextEquiv>
            </TextLine>
            <TextLine id="r2l11" custom="readingOrder {index:10;}">
                <Coords points="902,1109 2471,1131 2471,1089 2377,1071 902,1081"/>
                <Baseline points="912,1112 989,1111 1066,1110 1144,1110 1221,1110 1299,1110 1376,1111 1453,1112 1531,1112 1608,1113 1686,1114 1763,1115 1840,1116 1918,1117 1995,1118 2073,1118 2150,1118 2227,1118 2305,1118 2382,1117 2460,1116"/>
                <TextEquiv>
                    <Unicode>„Frau Beate und ihr Sohn“, in der „Frau des Richters“ und in der „Traum¬</Unicode>
                </TextEquiv>
            </TextLine>
            <TextLine id="r2l12" custom="readingOrder {index:11;}">
                <Coords points="295,1162 305,1162 319,1150 337,1159 358,1143 368,1149 373,1143 379,1149 393,1148 405,1140 426,1136 425,1106 406,1111 386,1099 370,1102 360,1096 341,1104 331,1095 312,1103 294,1104"/>
                <Baseline points="304,1144 332,1143 360,1142 388,1141 416,1142"/>
                <TextEquiv>
                    <Unicode>jüdi¬</Unicode>
                </TextEquiv>
            </TextLine>
            <TextLine id="r2l13" custom="readingOrder {index:12;}">
                <Coords points="908,1173 2473,1174 2473,1131 2370,1120 908,1128"/>
                <Baseline points="918,1157 995,1158 1072,1159 1149,1160 1227,1160 1304,1161 1381,1161 1458,1162 1536,1162 1613,1162 1690,1163 1767,1163 1845,1163 1922,1164 1999,1164 2076,1164 2154,1165 2231,1165 2308,1166 2385,1167 2463,1168"/>
                <TextEquiv>
                    <Unicode>novelle“ 1925) dabei ein Feld, auf dem auch die Jugend seiner Zeit sich be¬</Unicode>
                </TextEquiv>
            </TextLine>
            <TextLine id="r2l14" custom="readingOrder {index:13;}">
                <Coords points="296,1186 308,1187 325,1198 359,1199 362,1195 380,1205 384,1201 402,1205 411,1195 429,1199 429,1150 406,1158 394,1148 359,1144 335,1159 318,1149 296,1151"/>
                <Baseline points="306,1191 334,1192 363,1191 391,1191 420,1193"/>
                <TextEquiv>
                    <Unicode>beide</Unicode>
                </TextEquiv>
            </TextLine>
            <TextLine id="r2l15" custom="readingOrder {index:14;}">
                <Coords points="908,1212 2481,1203 908,1173"/>
                <Baseline points="917,1206 994,1207 1072,1208 1150,1209 1227,1209 1305,1210 1383,1210 1460,1210 1538,1211 1616,1211 1694,1211 1771,1212 1849,1212 1927,1212 2004,1212 2082,1212 2160,1213 2237,1213 2315,1213 2393,1213 2471,1214"/>
                <TextEquiv>
                    <Unicode>tätigte, das Feld des Traumes. Der Dichter, dessen Schöpfungen der Freudschen</Unicode>
                </TextEquiv>
            </TextLine>
            <TextLine id="r2l16" custom="readingOrder {index:15;}">
                <Coords points="301,1252 319,1256 343,1245 368,1259 390,1244 405,1255 430,1259 432,1201 411,1196 401,1206 389,1201 379,1205 362,1195 344,1200 303,1197"/>
                <Baseline points="311,1240 338,1239 366,1239 393,1240 421,1244"/>
                <TextEquiv>
                    <Unicode>Der</Unicode>
                </TextEquiv>
            </TextLine>
            <TextLine id="r2l17" custom="readingOrder {index:16;}">
                <Coords points="905,1250 2476,1265 2476,1228 2331,1218 905,1213"/>
                <Baseline points="914,1253 991,1255 1069,1256 1146,1257 1224,1257 1302,1258 1379,1258 1457,1258 1535,1258 1612,1258 1690,1258 1768,1258 1845,1258 1923,1258 2001,1258 2078,1258 2156,1259 2234,1259 2311,1260 2389,1261 2467,1262"/>
                <TextEquiv>
                    <Unicode>Schule Beweisstücke abgaben für ihre „psychoanalytischen“ Deutungen (Theodor</Unicode>
                </TextEquiv>
            </TextLine>
            <TextLine id="r2l18" custom="readingOrder {index:17;}">
                <Coords points="337,1298 348,1299 354,1305 366,1293 380,1295 384,1299 399,1294 409,1300 417,1292 431,1293 432,1257 398,1257 387,1246 373,1258 365,1260 353,1248 338,1245"/>
                <Baseline points="346,1285 371,1285 396,1285 422,1287"/>
                <TextEquiv>
                    <Unicode>nan</Unicode>
                </TextEquiv>
            </TextLine>
            <TextLine id="r2l19" custom="readingOrder {index:18;}">
                <Coords points="909,1317 2482,1303 910,1261"/>
                <Baseline points="920,1303 997,1303 1075,1304 1152,1304 1230,1305 1308,1305 1385,1305 1463,1305 1540,1306 1618,1306 1696,1306 1773,1307 1851,1307 1928,1307 2006,1308 2084,1308 2161,1309 2239,1310 2316,1311 2394,1312 2472,1313"/>
                <TextEquiv>
                    <Unicode>Reik: „Arthur Schnitzler als Psycholog“, 1914), kam selbst bereichert von Sig¬</Unicode>
                </TextEquiv>
            </TextLine>
            <TextLine id="r2l20" custom="readingOrder {index:19;}">
                <Coords points="323,1343 342,1350 354,1343 367,1356 384,1347 395,1354 412,1341 421,1348 429,1348 432,1299 420,1298 412,1306 395,1295 379,1300 365,1293 353,1304 346,1296 326,1294"/>
                <Baseline points="333,1336 361,1337 390,1338 419,1342"/>
                <TextEquiv>
                    <Unicode>licht.</Unicode>
                </TextEquiv>
            </TextLine>
            <TextLine id="r2l21" custom="readingOrder {index:20;}">
                <Coords points="905,1355 2476,1368 2476,1331 2276,1308 905,1316"/>
                <Baseline points="914,1353 991,1353 1069,1354 1146,1354 1224,1354 1302,1354 1379,1354 1457,1354 1535,1354 1612,1354 1690,1354 1768,1355 1845,1355 1923,1355 2001,1356 2078,1357 2156,1357 2234,1358 2311,1359 2389,1360 2467,1362"/>
                <TextEquiv>
                    <Unicode>mund Freud zurück. Als Leser in Seelen, als Deuter ihrer im Unbewußten</Unicode>
                </TextEquiv>
            </TextLine>
            <TextLine id="r2l22" custom="readingOrder {index:21;}">
                <Coords points="310,1402 322,1405 338,1394 356,1399 361,1406 394,1404 403,1399 416,1402 419,1357 390,1355 381,1350 373,1352 367,1347 359,1351 352,1342 331,1354 313,1355"/>
                <Baseline points="321,1386 350,1388 379,1390 408,1392"/>
                <TextEquiv>
                    <Unicode>s um</Unicode>
                </TextEquiv>
            </TextLine>
            <TextLine id="r2l23" custom="readingOrder {index:22;}">
                <Coords points="906,1426 2483,1410 2418,1369 906,1361"/>
                <Baseline points="915,1402 992,1402 1070,1402 1148,1402 1226,1402 1304,1403 1382,1403 1460,1403 1538,1404 1616,1404 1694,1405 1771,1405 1849,1406 1927,1407 2005,1407 2083,1408 2161,1408 2239,1409 2317,1410 2395,1410 2473,1411"/>
                <TextEquiv>
                    <Unicode>schaffenden, ein Schicksal gestaltenden Kräfte reicht der sonst in seinem Welt¬</Unicode>
                </TextEquiv>
            </TextLine>
            <TextLine id="r2l24" custom="readingOrder {index:23;}">
                <Coords points="326,1449 342,1448 351,1453 367,1443 369,1446 387,1441 395,1443 402,1451 408,1447 426,1450 428,1405 408,1404 403,1400 397,1404 361,1406 348,1395 329,1395"/>
                <Baseline points="337,1436 363,1436 390,1437 417,1440"/>
                <TextEquiv>
                    <Unicode>aus</Unicode>
                </TextEquiv>
            </TextLine>
            <TextLine id="r2l25" custom="readingOrder {index:24;}">
                <Coords points="909,1468 1955,1468 1910,1411 909,1409"/>
                <Baseline points="918,1454 969,1454 1020,1454 1072,1454 1123,1454 1175,1454 1226,1454 1277,1454 1329,1455 1380,1455 1432,1455 1483,1455 1534,1456 1586,1456 1637,1456 1689,1456 1740,1455 1791,1455 1843,1455 1894,1454 1946,1453"/>
                <TextEquiv>
                    <Unicode>gefühl der Jugend fremde Dichter ihr doch die hand.</Unicode>
                </TextEquiv>
            </TextLine>
            <TextLine id="r2l26" custom="readingOrder {index:25;}">
                <Coords points="1368,1627 1583,1609 1697,1631 1999,1620 2012,1547 1950,1565 1903,1547 1871,1571 1368,1560"/>
                <Baseline points="1378,1597 1409,1599 1440,1600 1471,1602 1502,1603 1534,1604 1565,1604 1596,1605 1627,1605 1658,1605 1690,1605 1721,1605 1752,1605 1783,1604 1814,1604 1846,1603 1877,1603 1908,1602 1939,1601 1970,1600 2002,1599"/>
                <TextEquiv>
                    <Unicode>3. Hugo von Hofmannsthal</Unicode>
                </TextEquiv>
            </TextLine>
            <TextLine id="r2l27" custom="readingOrder {index:26;}">
                <Coords points="958,1694 2474,1695 2453,1630 958,1625"/>
                <Baseline points="968,1676 1042,1676 1117,1677 1192,1677 1267,1678 1342,1678 1416,1679 1491,1679 1566,1680 1641,1680 1716,1680 1790,1681 1865,1681 1940,1681 2015,1681 2090,1681 2164,1681 2239,1681 2314,1681 2389,1681 2464,1680"/>
                <TextEquiv>
                    <Unicode>„Frühgereift und zart und traurig“: diese Worte, die 1894 Hugo von hof¬</Unicode>
                </TextEquiv>
            </TextLine>
            <TextLine id="r2l28" custom="readingOrder {index:27;}">
                <Coords points="900,1729 2444,1750 2470,1686 901,1682"/>
                <Baseline points="910,1722 987,1724 1065,1725 1142,1726 1220,1727 1297,1729 1375,1729 1452,1730 1530,1731 1607,1732 1685,1732 1762,1733 1840,1733 1917,1733 1995,1733 2072,1733 2150,1733 2227,1733 2305,1733 2382,1732 2460,1731"/>
                <TextEquiv>
                    <Unicode>mannsthal Schnitzlers „Anatol“ auf den Weg gab, enthielten auch ein Stück</Unicode>
                </TextEquiv>
            </TextLine>
            <TextLine id="r2l29" custom="readingOrder {index:28;}">
                <Coords points="904,1780 2420,1806 2474,1744 905,1739"/>
                <Baseline points="914,1770 991,1772 1068,1775 1146,1776 1223,1778 1301,1779 1378,1779 1456,1780 1533,1780 1611,1781 1688,1781 1765,1781 1843,1781 1920,1781 1998,1781 2075,1781 2153,1781 2230,1781 2308,1782 2385,1783 2463,1784"/>
                <TextEquiv>
                    <Unicode>Selbstbekenntnis. Hugo von Hofmannsthal, 1874 in Wien geboren, war damals</Unicode>
                </TextEquiv>
            </TextLine>
            <TextLine id="r2l30" custom="readingOrder {index:29;}">
                <Coords points="892,1810 996,1844 1871,1846 2014,1819 2015,1788 892,1791"/>
                <Baseline points="901,1825 956,1826 1011,1826 1066,1826 1121,1826 1176,1826 1231,1826 1287,1826 1342,1826 1397,1826 1452,1826 1507,1826 1562,1826 1617,1826 1673,1826 1728,1826 1783,1827 1838,1828 1893,1828 1948,1830 2004,1831"/>
                <TextEquiv>
                    <Unicode>20 Jahre alt; 12 Jahre jünger als Schnitzler, hatte er</Unicode>
                </TextEquiv>
            </TextLine>
            <TextLine id="r2l31" custom="readingOrder {index:30;}">
                <Coords points="899,1873 2004,1886 2004,1841 1933,1831 899,1838"/>
                <Baseline points="910,1875 964,1875 1018,1875 1072,1875 1126,1876 1181,1876 1235,1876 1289,1876 1343,1877 1397,1877 1452,1877 1506,1877 1560,1877 1614,1877 1668,1877 1723,1877 1777,1877 1831,1877 1885,1876 1939,1875 1994,1874"/>
                <TextEquiv>
                    <Unicode>doch schon mehr geschaffen: siebzehnjährig unter dem Ka¬</Unicode>
                </TextEquiv>
            </TextLine>
            <TextLine id="r2l32" custom="readingOrder {index:31;}">
                <Coords points="2077,1908 2103,1901 2116,1910 2157,1883 2170,1895 2197,1891 2235,1928 2260,1927 2284,1923 2311,1903 2345,1910 2348,1863 2326,1866 2284,1838 2259,1835 2214,1841 2199,1830 2170,1850 2135,1838 2109,1849 2080,1839"/>
                <Baseline points="2088,1891 2115,1886 2143,1884 2170,1884 2198,1886 2225,1888 2253,1892 2280,1895 2308,1896 2336,1897"/>
                <TextEquiv>
                    <Unicode></Unicode>
                </TextEquiv>
            </TextLine>
            <TextLine id="r2l33" custom="readingOrder {index:32;}">
                <Coords points="896,1937 1872,1942 1995,1885 896,1892"/>
                <Baseline points="906,1925 960,1923 1014,1922 1068,1922 1122,1921 1176,1921 1230,1922 1284,1922 1338,1923 1392,1923 1446,1924 1500,1924 1554,1925 1608,1925 1662,1926 1716,1926 1770,1925 1824,1925 1878,1924 1932,1922 1986,1921"/>
                <TextEquiv>
                    <Unicode>men Teofil Morren die dramatische Skizze „Gestern“.</Unicode>
                </TextEquiv>
            </TextLine>
            <TextLine id="r2l34" custom="readingOrder {index:33;}">
                <Coords points="889,1966 1725,1995 2005,1971 1906,1930 889,1931"/>
                <Baseline points="898,1971 952,1971 1007,1971 1062,1972 1117,1972 1172,1972 1227,1972 1282,1973 1337,1973 1392,1973 1447,1974 1501,1974 1556,1974 1611,1974 1666,1975 1721,1975 1776,1975 1831,1975 1886,1975 1941,1975 1996,1974"/>
                <TextEquiv>
                    <Unicode>achtzehnjährig den „Tod des Tizian“, neunzehnjährig „Den</Unicode>
                </TextEquiv>
            </TextLine>
            <TextLine id="r2l35" custom="readingOrder {index:34;}">
                <Coords points="896,2034 1918,2042 2004,2025 2005,1993 896,1966"/>
                <Baseline points="905,2021 959,2021 1014,2020 1068,2020 1123,2020 1177,2020 1232,2020 1286,2020 1341,2021 1395,2021 1450,2021 1504,2021 1559,2021 1613,2022 1668,2022 1722,2022 1777,2023 1831,2023 1886,2023 1940,2024 1995,2024"/>
                <TextEquiv>
                    <Unicode>Tor und den Tod“: beides unter dem Namen Loris. Es</Unicode>
                </TextEquiv>
            </TextLine>
            <TextLine id="r2l36" custom="readingOrder {index:35;}">
                <Coords points="893,2075 1968,2090 2005,2084 2006,2039 893,2038"/>
                <Baseline points="902,2070 956,2069 1011,2069 1066,2069 1120,2069 1175,2069 1230,2069 1284,2069 1339,2070 1394,2070 1449,2070 1503,2071 1558,2071 1613,2071 1667,2072 1722,2072 1777,2072 1831,2073 1886,2073 1941,2074 1996,2074"/>
                <TextEquiv>
                    <Unicode>waren seltsame Werke, seltsam durch ihre Form, noch</Unicode>
                </TextEquiv>
            </TextLine>
            <TextLine id="r2l37" custom="readingOrder {index:36;}">
                <Coords points="901,2131 2002,2125 2002,2084 1939,2079 901,2082"/>
                <Baseline points="910,2118 964,2118 1018,2118 1072,2119 1126,2119 1180,2119 1234,2119 1288,2120 1342,2120 1396,2120 1450,2120 1504,2120 1558,2121 1612,2121 1666,2121 1720,2122 1774,2122 1828,2122 1882,2122 1936,2123 1991,2123"/>
                <TextEquiv>
                    <Unicode>seltsamer durch die Art des inneren Erlebnisses, dem sie</Unicode>
                </TextEquiv>
            </TextLine>
            <TextLine id="r2l38" custom="readingOrder {index:37;}">
                <Coords points="2021,2197 2055,2189 2039,2087 2029,2088 2026,2093 2022,2091 2020,2094 2016,2092 2015,2095 2005,2096"/>
                <Baseline points="2026,2163 2040,2161"/>
                <TextEquiv>
                    <Unicode></Unicode>
                </TextEquiv>
            </TextLine>
            <TextLine id="r2l39" custom="readingOrder {index:38;}">
                <Coords points="900,2172 1975,2186 1997,2123 900,2133"/>
                <Baseline points="910,2167 963,2167 1017,2167 1071,2167 1125,2168 1179,2168 1233,2168 1287,2168 1341,2168 1395,2168 1449,2169 1502,2169 1556,2169 1610,2169 1664,2170 1718,2170 1772,2170 1826,2170 1880,2171 1934,2171 1988,2171"/>
                <TextEquiv>
                    <Unicode>ergreifenden Ausdruck goben. Denn was hatte dieser noch</Unicode>
                </TextEquiv>
            </TextLine>
            <TextLine id="r2l40" custom="readingOrder {index:39;}">
                <Coords points="2147,2215 2173,2212 2177,2216 2180,2212 2184,2216 2202,2209 2220,2219 2228,2214 2238,2222 2251,2210 2265,2207 2262,2123 2248,2122 2219,2134 2204,2131 2190,2119 2182,2126 2166,2118 2145,2123"/>
                <Baseline points="2156,2182 2188,2188 2221,2184 2254,2182"/>
                <TextEquiv>
                    <Unicode></Unicode>
                </TextEquiv>
            </TextLine>
            <TextLine id="r2l41" custom="readingOrder {index:40;}">
                <Coords points="901,2233 2000,2221 1988,2174 901,2173"/>
                <Baseline points="910,2215 964,2215 1018,2216 1072,2216 1126,2216 1180,2216 1234,2217 1288,2217 1342,2217 1396,2217 1450,2217 1504,2218 1558,2218 1612,2218 1666,2218 1720,2218 1774,2218 1828,2218 1882,2218 1936,2218 1990,2217"/>
                <TextEquiv>
                    <Unicode>nicht Zwanzigjährige in tiefster Seele erlebt! Die Seligkeit</Unicode>
                </TextEquiv>
            </TextLine>
            <TextLine id="r2l42" custom="readingOrder {index:41;}">
                <Coords points="902,2276 2001,2266 2001,2235 1934,2226 902,2231"/>
                <Baseline points="912,2263 968,2264 1025,2264 1082,2264 1139,2265 1195,2265 1252,2265 1309,2266 1366,2266 1423,2266 1479,2267 1536,2267 1593,2267 1650,2268 1707,2268 1763,2269 1820,2269 1877,2270 1934,2270 1991,2271"/>
                <TextEquiv>
                    <Unicode>früherer großer Kunstzeiten und die Unseligkeit der eige¬</Unicode>
                </TextEquiv>
            </TextLine>
            <TextLine id="r2l43" custom="readingOrder {index:42;}">
                <Coords points="899,2311 1704,2334 1964,2327 2004,2284 899,2287"/>
                <Baseline points="909,2314 963,2313 1017,2313 1071,2313 1126,2313 1180,2313 1234,2314 1288,2314 1343,2315 1397,2316 1451,2317 1505,2318 1560,2318 1614,2319 1668,2320 1722,2320 1777,2320 1831,2320 1885,2319 1939,2318 1994,2317"/>
                <TextEquiv>
                    <Unicode>nen Zeit — die Fülle einer wahren Kunstwelt und die</Unicode>
                </TextEquiv>
            </TextLine>
            <TextLine id="r2l44" custom="readingOrder {index:43;}">
                <Coords points="885,2359 1494,2391 1945,2390 2010,2357 1910,2317 886,2324"/>
                <Baseline points="896,2360 951,2360 1006,2360 1061,2361 1116,2361 1172,2362 1227,2362 1282,2363 1337,2364 1392,2364 1448,2365 1503,2366 1558,2366 1613,2367 1668,2367 1724,2368 1779,2369 1834,2369 1889,2369 1944,2369 2000,2369"/>
                <TextEquiv>
                    <Unicode>Leere einer in dem bloßen blassen Dunstkreise der Kunst</Unicode>
                </TextEquiv>
            </TextLine>
            <TextLine id="r2l45" custom="readingOrder {index:44;}">
                <Coords points="891,2418 960,2428 1134,2412 1177,2431 1209,2417 1291,2430 1407,2416 1407,2394 1344,2372 992,2380 966,2367 892,2382"/>
                <Baseline points="902,2407 928,2408 954,2408 980,2408 1006,2409 1032,2409 1058,2409 1084,2409 1110,2409 1136,2409 1162,2410 1188,2410 1214,2410 1240,2411 1266,2411 1292,2412 1318,2412 1344,2412 1370,2413 1397,2414"/>
                <TextEquiv>
                    <Unicode>erstorbenen Maskenwelt.</Unicode>
                </TextEquiv>
            </TextLine>
            <TextLine id="r2l46" custom="readingOrder {index:45;}">
                <Coords points="941,2463 1993,2467 1946,2419 941,2420"/>
                <Baseline points="950,2454 1001,2456 1053,2458 1104,2459 1156,2460 1208,2461 1259,2462 1311,2463 1363,2463 1414,2464 1466,2464 1518,2464 1569,2465 1621,2465 1673,2465 1724,2465 1776,2465 1828,2465 1879,2465 1931,2466 1983,2466"/>
                <TextEquiv>
                    <Unicode>Man muß alles dahinten lassen, was man von Jugend¬</Unicode>
                </TextEquiv>
            </TextLine>
            <TextLine id="r2l47" custom="readingOrder {index:46;}">
                <Coords points="887,2502 2003,2524 1957,2474 887,2465"/>
                <Baseline points="896,2504 950,2505 1005,2506 1060,2507 1115,2507 1170,2508 1225,2509 1279,2510 1334,2511 1389,2512 1444,2513 1499,2513 1554,2514 1609,2515 1663,2515 1718,2516 1773,2516 1828,2516 1883,2516 1938,2516 1993,2516"/>
                <TextEquiv>
                    <Unicode>werken erwartet: ein frisches Drauflosstürmen, eine junge</Unicode>
                </TextEquiv>
            </TextLine>
            <TextLine id="r2l48" custom="readingOrder {index:47;}">
                <Coords points="894,2553 1786,2583 2009,2545 1057,2507 895,2533"/>
                <Baseline points="904,2553 958,2555 1013,2556 1068,2557 1123,2558 1178,2559 1232,2560 1287,2561 1342,2562 1397,2563 1452,2563 1506,2564 1561,2564 1616,2564 1671,2564 1726,2564 1780,2563 1835,2563 1890,2562 1945,2561 2000,2560"/>
                <TextEquiv>
                    <Unicode>ungebändigte, ungebärdige Kraft, ein leidenschaftlich glut¬</Unicode>
                </TextEquiv>
            </TextLine>
            <TextLine id="r2l49" custom="readingOrder {index:48;}">
                <Coords points="897,2613 2176,2629 2176,2586 2093,2544 2026,2590 897,2568"/>
                <Baseline points="906,2602 969,2604 1032,2606 1095,2607 1158,2608 1221,2609 1284,2610 1347,2610 1410,2611 1473,2611 1536,2611 1599,2612 1662,2612 1725,2612 1788,2613 1851,2613 1914,2614 1977,2614 2040,2615 2103,2616 2166,2617"/>
                <TextEquiv>
                    <Unicode>volles Wollen, hinausgejubeltes Glück oder hinausge= CL,,</Unicode>
                </TextEquiv>
            </TextLine>
            <TextLine id="r2l50" custom="readingOrder {index:49;}">
                <Coords points="897,2656 2000,2654 1786,2608 897,2613"/>
                <Baseline points="906,2652 960,2653 1014,2654 1068,2655 1122,2656 1176,2657 1230,2658 1285,2658 1339,2659 1393,2659 1447,2659 1501,2660 1555,2660 1609,2660 1664,2660 1718,2660 1772,2660 1826,2660 1880,2660 1934,2660 1989,2661"/>
                <TextEquiv>
                    <Unicode>heulten Schmerz, die Formlosigkeit ersten reichen Ge¬</Unicode>
                </TextEquiv>
            </TextLine>
            <TextLine id="r2l51" custom="readingOrder {index:50;}">
                <Coords points="891,2709 2017,2709 1894,2656 891,2660"/>
                <Baseline points="900,2701 955,2703 1010,2704 1066,2705 1121,2706 1177,2707 1232,2707 1287,2707 1343,2707 1398,2707 1454,2707 1509,2707 1564,2707 1620,2707 1675,2708 1731,2708 1786,2708 1841,2709 1897,2710 1952,2711 2008,2712"/>
                <TextEquiv>
                    <Unicode>stammels oder die Formenglätte weicher Nachemp¬</Unicode>
                </TextEquiv>
            </TextLine>
            <TextLine id="r2l52" custom="readingOrder {index:51;}">
                <Coords points="894,2765 2473,2763 2362,2711 895,2710"/>
                <Baseline points="904,2749 982,2750 1060,2752 1138,2753 1216,2755 1294,2756 1372,2757 1450,2758 1528,2759 1606,2760 1684,2761 1762,2762 1840,2762 1918,2763 1996,2763 2074,2763 2152,2763 2230,2762 2308,2762 2386,2761 2464,2760"/>
                <TextEquiv>
                    <Unicode>findelei. — Nichts von alledem! Dafür traf man auf einen gemessenen, an</Unicode>
                </TextEquiv>
            </TextLine>
            <TextLine id="r2l53" custom="readingOrder {index:52;}">
                <Coords points="896,2799 2465,2830 2405,2767 897,2766"/>
                <Baseline points="906,2799 983,2800 1061,2801 1138,2803 1216,2804 1293,2805 1371,2806 1448,2806 1526,2807 1603,2808 1681,2808 1758,2809 1836,2809 1913,2810 1991,2810 2068,2811 2146,2811 2223,2812 2301,2812 2378,2813 2456,2814"/>
                <TextEquiv>
                    <Unicode>der Schule Stefan Georges gebildeten Stil, auf strenge, klassisch ruhige Derse,</Unicode>
                </TextEquiv>
            </TextLine>
            <TextLine id="r2l54" custom="readingOrder {index:53;}">
                <Coords points="895,2853 2472,2860 2322,2810 896,2816"/>
                <Baseline points="906,2846 983,2848 1061,2849 1139,2850 1217,2851 1295,2852 1372,2853 1450,2854 1528,2854 1606,2855 1684,2856 1761,2856 1839,2857 1917,2858 1995,2858 2073,2859 2150,2860 2228,2860 2306,2861 2384,2862 2462,2862"/>
                <TextEquiv>
                    <Unicode>die unter einer weichen, sehnsüchtigen Weise leise erbebten. Melodie, Musik nur</Unicode>
                </TextEquiv>
            </TextLine>
            <TextLine id="r2l55" custom="readingOrder {index:54;}">
                <Coords points="896,2903 2468,2892 897,2860"/>
                <Baseline points="906,2894 983,2896 1061,2897 1138,2898 1216,2900 1294,2901 1371,2902 1449,2903 1526,2903 1604,2904 1682,2905 1759,2906 1837,2906 1914,2907 1992,2907 2070,2907 2147,2908 2225,2908 2302,2908 2380,2909 2458,2909"/>
                <TextEquiv>
                    <Unicode>ist fast der ganze Ders; feierliche Schwermut ist die Stimmung. Der Ton ist nach¬</Unicode>
                </TextEquiv>
            </TextLine>
            <TextLine id="r2l56" custom="readingOrder {index:55;}">
                <Coords points="891,2948 2284,2975 2466,2960 2467,2921 892,2909"/>
                <Baseline points="902,2943 979,2945 1057,2947 1135,2949 1212,2950 1290,2952 1368,2953 1445,2954 1523,2954 1601,2955 1679,2955 1756,2956 1834,2956 1912,2956 1989,2956 2067,2956 2145,2956 2222,2956 2300,2955 2378,2955 2456,2955"/>
                <TextEquiv>
                    <Unicode>denklich, rückblickend, leise lehrhaft, die Gebärde ist die eines vielerfahrenen</Unicode>
                </TextEquiv>
            </TextLine>
            <TextLine id="r2l57" custom="readingOrder {index:56;}">
                <Coords points="893,3005 2233,3028 2469,2967 894,2961"/>
                <Baseline points="904,2990 981,2992 1059,2994 1137,2995 1214,2997 1292,2998 1370,2999 1447,3000 1525,3001 1603,3002 1681,3003 1758,3003 1836,3004 1914,3004 1991,3004 2069,3004 2147,3005 2224,3004 2302,3004 2380,3004 2458,3004"/>
                <TextEquiv>
                    <Unicode>höchstgebildeten älteren Mannes. Der junge Dichter der beiden feierlichen Trauer¬</Unicode>
                </TextEquiv>
            </TextLine>
            <TextLine id="r2l58" custom="readingOrder {index:57;}">
                <Coords points="896,3045 2416,3075 2464,3033 897,3007"/>
                <Baseline points="906,3040 983,3042 1060,3044 1138,3045 1215,3047 1292,3048 1370,3050 1447,3051 1524,3052 1602,3053 1679,3053 1756,3053 1834,3054 1911,3054 1988,3054 2066,3054 2143,3054 2220,3053 2298,3053 2375,3052 2453,3052"/>
                <TextEquiv>
                    <Unicode>gesänge vom „Tod des Tizian“ und vom „Toren und dem Tode“ hat keine Un¬</Unicode>
                </TextEquiv>
            </TextLine>
            <TextLine id="r2l59" custom="readingOrder {index:58;}">
                <Coords points="890,3103 2251,3126 2330,3070 890,3058"/>
                <Baseline points="900,3095 971,3094 1042,3094 1113,3094 1184,3095 1255,3095 1326,3096 1397,3096 1468,3097 1539,3098 1610,3099 1681,3100 1752,3101 1823,3102 1894,3103 1965,3103 2036,3103 2107,3104 2178,3104 2249,3103 2320,3103"/>
                <TextEquiv>
                    <Unicode>befangenheit mehr, er schreiht im „Tod des Tizian“ die folgenden Derse:</Unicode>
                </TextEquiv>
            </TextLine>
            <TextLine id="r2l60" custom="readingOrder {index:59;}">
                <Coords points="1244,3181 2057,3194 2057,3140 2034,3135 1244,3139"/>
                <Baseline points="1254,3179 1293,3178 1333,3178 1372,3178 1412,3178 1452,3178 1491,3178 1531,3178 1570,3179 1610,3179 1650,3179 1689,3180 1729,3180 1768,3181 1808,3181 1848,3181 1887,3182 1927,3182 1966,3183 2006,3183 2046,3183"/>
                <TextEquiv>
                    <Unicode>Denn von den leiden und von den genüssen</Unicode>
                </TextEquiv>
            </TextLine>
            <TextLine id="r2l61" custom="readingOrder {index:60;}">
                <Coords points="1242,3219 1636,3247 2042,3228 1944,3190 1243,3191"/>
                <Baseline points="1252,3224 1291,3224 1330,3225 1369,3225 1408,3225 1447,3226 1486,3226 1525,3226 1564,3227 1603,3227 1642,3227 1681,3228 1720,3228 1759,3229 1798,3229 1837,3229 1876,3230 1915,3231 1954,3232 1993,3233 2032,3234"/>
                <TextEquiv>
                    <Unicode>hab längst ich abgestreift das bunte kleid,</Unicode>
                </TextEquiv>
            </TextLine>
            <TextLine id="r2l62" custom="readingOrder {index:61;}">
                <Coords points="1244,3277 1924,3278 1924,3248 1871,3232 1244,3232"/>
                <Baseline points="1255,3266 1289,3267 1324,3268 1359,3269 1393,3269 1428,3269 1463,3270 1497,3270 1532,3270 1567,3270 1601,3270 1636,3270 1671,3270 1705,3270 1740,3270 1775,3270 1809,3271 1844,3272 1879,3272 1914,3273"/>
                <TextEquiv>
                    <Unicode>das um sie webt die unbefangenheit,</Unicode>
                </TextEquiv>
            </TextLine>
            <TextLine id="r2l63" custom="readingOrder {index:62;}">
                <Coords points="1247,3318 1347,3309 1411,3349 1553,3323 1605,3351 1717,3314 1964,3346 2025,3322 2083,3350 2084,3286 1247,3279"/>
                <Baseline points="1256,3312 1296,3313 1337,3314 1378,3315 1419,3315 1460,3316 1501,3316 1542,3316 1583,3316 1624,3317 1665,3317 1705,3317 1746,3317 1787,3317 1828,3318 1869,3318 1910,3318 1951,3319 1992,3319 2033,3320 2074,3321"/>
                <TextEquiv>
                    <Unicode>und einfach hab ich schon verlernt zu fühlen.</Unicode>
                </TextEquiv>
            </TextLine>
            <TextLine id="r2l64" custom="readingOrder {index:63;}">
                <Coords points="1613,3416 1673,3424 1679,3430 1691,3426 1699,3434 1716,3430 1732,3416 1742,3416 1742,3369 1706,3381 1695,3369 1687,3377 1677,3373 1659,3377 1652,3369 1628,3381 1612,3381"/>
                <Baseline points="1622,3417 1649,3415 1677,3415 1704,3416 1732,3415"/>
                <TextEquiv>
                    <Unicode>511</Unicode>
                </TextEquiv>
            </TextLine>
            <TextEquiv>
                <Unicode>
box 36/8
PanphletsOfforints
eist. Es bricht
irdische Bestimmung die Liebe ist oder zu sein scheint, für die Frau in „Frau
enn für sich,
Beate und ihr Sohn“ (1915), für den Mann in den Novellen „Doktor Gräsler,
ie Liebes¬
Badearzt“ (1917) und „Casanovas heimfahrt“ (1919). Stofflich bearbeitet er (in
eide sind
„Frau Beate und ihr Sohn“, in der „Frau des Richters“ und in der „Traum¬
jüdi¬
novelle“ 1925) dabei ein Feld, auf dem auch die Jugend seiner Zeit sich be¬
beide
tätigte, das Feld des Traumes. Der Dichter, dessen Schöpfungen der Freudschen
Der
Schule Beweisstücke abgaben für ihre „psychoanalytischen“ Deutungen (Theodor
nan
Reik: „Arthur Schnitzler als Psycholog“, 1914), kam selbst bereichert von Sig¬
licht.
mund Freud zurück. Als Leser in Seelen, als Deuter ihrer im Unbewußten
s um
schaffenden, ein Schicksal gestaltenden Kräfte reicht der sonst in seinem Welt¬
aus
gefühl der Jugend fremde Dichter ihr doch die hand.
3. Hugo von Hofmannsthal
„Frühgereift und zart und traurig“: diese Worte, die 1894 Hugo von hof¬
mannsthal Schnitzlers „Anatol“ auf den Weg gab, enthielten auch ein Stück
Selbstbekenntnis. Hugo von Hofmannsthal, 1874 in Wien geboren, war damals
20 Jahre alt; 12 Jahre jünger als Schnitzler, hatte er
doch schon mehr geschaffen: siebzehnjährig unter dem Ka¬

men Teofil Morren die dramatische Skizze „Gestern“.
achtzehnjährig den „Tod des Tizian“, neunzehnjährig „Den
Tor und den Tod“: beides unter dem Namen Loris. Es
waren seltsame Werke, seltsam durch ihre Form, noch
seltsamer durch die Art des inneren Erlebnisses, dem sie

ergreifenden Ausdruck goben. Denn was hatte dieser noch

nicht Zwanzigjährige in tiefster Seele erlebt! Die Seligkeit
früherer großer Kunstzeiten und die Unseligkeit der eige¬
nen Zeit — die Fülle einer wahren Kunstwelt und die
Leere einer in dem bloßen blassen Dunstkreise der Kunst
erstorbenen Maskenwelt.
Man muß alles dahinten lassen, was man von Jugend¬
werken erwartet: ein frisches Drauflosstürmen, eine junge
ungebändigte, ungebärdige Kraft, ein leidenschaftlich glut¬
volles Wollen, hinausgejubeltes Glück oder hinausge= CL,,
heulten Schmerz, die Formlosigkeit ersten reichen Ge¬
stammels oder die Formenglätte weicher Nachemp¬
findelei. — Nichts von alledem! Dafür traf man auf einen gemessenen, an
der Schule Stefan Georges gebildeten Stil, auf strenge, klassisch ruhige Derse,
die unter einer weichen, sehnsüchtigen Weise leise erbebten. Melodie, Musik nur
ist fast der ganze Ders; feierliche Schwermut ist die Stimmung. Der Ton ist nach¬
denklich, rückblickend, leise lehrhaft, die Gebärde ist die eines vielerfahrenen
höchstgebildeten älteren Mannes. Der junge Dichter der beiden feierlichen Trauer¬
gesänge vom „Tod des Tizian“ und vom „Toren und dem Tode“ hat keine Un¬
befangenheit mehr, er schreiht im „Tod des Tizian“ die folgenden Derse:
Denn von den leiden und von den genüssen
hab längst ich abgestreift das bunte kleid,
das um sie webt die unbefangenheit,
und einfach hab ich schon verlernt zu fühlen.
511</Unicode>
            </TextEquiv>
        </TextRegion>
        <TextRegion orientation="0.0" id="r3" custom="readingOrder {index:2;}">
            <Coords points="2443,941 2443,2436 2700,2436 2700,941"/>
            <TextLine id="r3l1" custom="readingOrder {index:0;}">
                <Coords points="2505,966 2534,974 2548,966 2579,974 2597,968 2611,973 2620,967 2632,969 2654,955 2669,957 2669,930 2642,930 2630,918 2614,928 2579,915 2559,897 2544,909 2528,902 2504,904"/>
                <Baseline points="2515,963 2543,962 2572,961 2601,961 2630,962 2659,961"/>
                <TextEquiv>
                    <Unicode>Arthur</Unicode>
                </TextEquiv>
            </TextLine>
            <TextLine id="r3l2" custom="readingOrder {index:1;}">
                <Coords points="2487,1005 2533,1021 2543,1014 2588,1012 2608,1030 2622,1028 2641,1010 2657,1016 2671,1006 2690,1010 2690,965 2657,971 2645,963 2610,973 2547,967 2534,974 2508,962 2487,966"/>
                <Baseline points="2497,1001 2523,1002 2549,1003 2575,1004 2602,1004 2628,1004 2654,1003 2681,1001"/>
                <TextEquiv>
                    <Unicode>Schnitzler</Unicode>
                </TextEquiv>
            </TextLine>
            <TextLine id="r3l3" custom="readingOrder {index:2;}">
                <Coords points="2464,2098 2492,2101 2502,2111 2533,2100 2543,2110 2576,2109 2584,2101 2654,2109 2662,2101 2689,2099 2688,2046 2661,2054 2624,2045 2585,2072 2500,2052 2483,2070 2464,2075"/>
                <Baseline points="2474,2100 2499,2099 2525,2098 2551,2097 2577,2096 2602,2096 2628,2095 2654,2095 2680,2096"/>
                <TextEquiv>
                    <Unicode>Hugo von</Unicode>
                </TextEquiv>
            </TextLine>
            <TextLine id="r3l4" custom="readingOrder {index:3;}">
                <Coords points="2435,2145 2470,2144 2498,2162 2513,2150 2554,2142 2656,2148 2685,2129 2684,2098 2663,2109 2596,2103 2557,2111 2533,2102 2502,2111 2472,2098 2457,2115 2434,2118"/>
                <Baseline points="2444,2146 2469,2141 2495,2140 2521,2138 2546,2137 2572,2137 2598,2137 2623,2136 2649,2135 2675,2133"/>
                <TextEquiv>
                    <Unicode>Hofmanns¬</Unicode>
                </TextEquiv>
            </TextLine>
            <TextLine id="r3l5" custom="readingOrder {index:4;}">
                <Coords points="2520,2177 2536,2179 2559,2195 2585,2182 2593,2188 2608,2182 2616,2188 2630,2178 2640,2178 2640,2147 2616,2147 2601,2141 2593,2145 2556,2142 2520,2148"/>
                <Baseline points="2530,2175 2555,2175 2580,2175 2605,2175 2630,2176"/>
                <TextEquiv>
                    <Unicode>thal</Unicode>
                </TextEquiv>
            </TextLine>
            <TextLine id="r3l6" custom="readingOrder {index:5;}">
                <Coords points="2445,2234 2464,2236 2488,2222 2521,2229 2537,2220 2592,2225 2619,2217 2705,2233 2705,2184 2662,2194 2629,2180 2584,2182 2556,2194 2513,2173 2499,2186 2445,2177"/>
                <Baseline points="2455,2220 2481,2219 2508,2218 2535,2218 2562,2217 2588,2217 2615,2217 2642,2217 2669,2218 2696,2220"/>
                <TextEquiv>
                    <Unicode>Karikatur von</Unicode>
                </TextEquiv>
            </TextLine>
            <TextLine id="r3l7" custom="readingOrder {index:6;}">
                <Coords points="2456,2246 2534,2263 2557,2245 2575,2255 2602,2252 2633,2279 2657,2266 2690,2274 2691,2225 2620,2219 2456,2227"/>
                <Baseline points="2466,2246 2492,2247 2519,2247 2546,2247 2573,2247 2600,2247 2627,2248 2654,2248 2681,2250"/>
                <TextEquiv>
                    <Unicode>B. J. Dolbin</Unicode>
                </TextEquiv>
            </TextLine>
            <TextLine id="r3l8" custom="readingOrder {index:7;}">
                <Coords points="2518,2276 2536,2273 2548,2283 2562,2282 2566,2286 2575,2280 2595,2281 2603,2273 2609,2275 2612,2271 2622,2271 2622,2251 2590,2250 2573,2255 2557,2245 2537,2254 2518,2254"/>
                <Baseline points="2529,2277 2557,2275 2585,2274 2613,2275"/>
                <TextEquiv>
                    <Unicode>Aus</Unicode>
                </TextEquiv>
            </TextLine>
            <TextLine id="r3l9" custom="readingOrder {index:8;}">
                <Coords points="2444,2297 2485,2319 2510,2307 2541,2314 2567,2308 2575,2316 2596,2308 2676,2323 2698,2312 2699,2282 2681,2288 2661,2276 2634,2279 2620,2271 2571,2283 2522,2270 2507,2278 2444,2277"/>
                <Baseline points="2454,2305 2480,2305 2506,2305 2532,2304 2558,2305 2584,2305 2610,2305 2636,2306 2662,2307 2688,2309"/>
                <TextEquiv>
                    <Unicode>Dolbin=Polgar,</Unicode>
                </TextEquiv>
            </TextLine>
            <TextLine id="r3l10" custom="readingOrder {index:9;}">
                <Coords points="2477,2332 2494,2340 2539,2343 2592,2338 2600,2345 2616,2339 2622,2345 2639,2341 2659,2346 2677,2340 2677,2313 2664,2311 2477,2311"/>
                <Baseline points="2487,2336 2512,2333 2538,2332 2564,2332 2589,2333 2615,2335 2641,2336 2667,2338"/>
                <TextEquiv>
                    <Unicode>Literarische</Unicode>
                </TextEquiv>
            </TextLine>
            <TextLine id="r3l11" custom="readingOrder {index:10;}">
                <Coords points="2474,2370 2489,2366 2544,2374 2552,2366 2572,2376 2579,2368 2599,2374 2666,2368 2666,2342 2623,2346 2589,2336 2474,2339"/>
                <Baseline points="2483,2367 2511,2362 2540,2360 2569,2361 2597,2362 2626,2363 2655,2363"/>
                <TextEquiv>
                    <Unicode>Kopfstücke,</Unicode>
                </TextEquiv>
            </TextLine>
            <TextLine id="r3l12" custom="readingOrder {index:11;}">
                <Coords points="2433,2409 2453,2403 2482,2411 2494,2401 2522,2409 2535,2398 2573,2396 2710,2420 2710,2359 2677,2355 2647,2371 2579,2368 2571,2376 2551,2366 2490,2370 2434,2356"/>
                <Baseline points="2443,2395 2468,2394 2494,2394 2520,2393 2545,2393 2571,2393 2597,2393 2622,2393 2648,2394 2674,2395 2700,2398"/>
                <TextEquiv>
                    <Unicode>Krystall=Verlag,</Unicode>
                </TextEquiv>
            </TextLine>
            <TextLine id="r3l13" custom="readingOrder {index:12;}">
                <Coords points="2517,2445 2527,2445 2533,2439 2542,2445 2562,2432 2574,2444 2578,2442 2595,2452 2607,2443 2631,2439 2631,2402 2620,2404 2596,2397 2518,2400"/>
                <Baseline points="2527,2423 2558,2423 2590,2422 2622,2426"/>
                <TextEquiv>
                    <Unicode>Wien</Unicode>
                </TextEquiv>
            </TextLine>
            <TextEquiv>
                <Unicode>Arthur
Schnitzler
Hugo von
Hofmanns¬
thal
Karikatur von
B. J. Dolbin
Aus
Dolbin=Polgar,
Literarische
Kopfstücke,
Krystall=Verlag,
Wien</Unicode>
            </TextEquiv>
        </TextRegion>
    </Page>
</PcGts>
