3392 4320
1576 224 2052 311 box 36/8
231 223 1434 327 1. Panphlets offprints
801 1000 2370 1058 leon gemütlich zu verwienern. Und dann kommt eine Zeit, wo neben „Farcen“ und
796 1072 2370 1117 „Grotesken“ und einer so bitterbösen Theatersatire wie der „gelben Nachtigall“
802 1112 2371 1169 (1907) die stoffliche Teilnahme wieder mehr dem Verhältnis der Geschlechter gilt,
794 1161 2375 1207 von einem Überlegenen angeblich überlegen betrachtet. Das ist die Zeit der Komödie
793 1207 2377 1275 „Der Meister“ (1903), des Schauspiels „Die Andere“ (1905), der Komödie
794 1259 2374 1322 „Ringelspiel“ (1907) und des „Konzerts“ (1909). Und diese Zeit klingt bis in die
802 1305 2379 1346 Gegenwart nach. Die überlegenen Apostelnaturen, die Genies freilich haben
804 1360 2362 1420 kaum den Wert neuer Menschheitsbilder, mögen sie sich auch als „Meister“
797 1412 2374 1457 fühlen. Und schlimme Niederlagen bedeuten einige dieser Werke. Der Drama¬
801 1451 2374 1509 tiker Bahr schien — in Wirklichkeit zog ein Einsamer Betriebsame mit grim¬
795 1501 2377 1562 migen Späßen auf — mit dem „Ringelspiel“ und der „gelben Nachtigall“ nur
796 1552 2375 1604 noch den Ehrgeiz zu haben, schamlos und boshaft zu sein. Da aber kam sein
806 1601 2383 1661 „Konzert“, gewiß kein tiefes, aber sicher Bahrs anmutigstes Werk. Und zu
798 1647 2375 1700 gleicher Zeit entstanden, aus dem Drange heraus, sein Inneres abzubilden,
797 1698 2358 1761 seine besten Romane: „Die Rahl“ (1908), „Drut“ (1909) und „O Mensch!“
797 1743 2374 1797 (1910), der Anfang einer Folge von 12 Romanen, in welcher Bahr die Lebens¬
793 1798 2378 1857 formen der heutigen Menschheit darstellen will. „Die alten und die neuen
792 1845 2383 1908 Mächte' nenne ich sie bei mir selbst“ hat Bahr geschrieben. „Mein Wunsch wäre
797 1894 2369 1955 nämlich, in ihnen darzustellen, welche geistigen Lebensmächte sich heute dem ein¬
788 1942 2378 1998 zelnen Menschen zu seiner Bestimmung, zu seiner Erfüllung anbieten. Jede
797 1992 2372 2032 dieser Lebensmächte, dieser Lebensformen soll dort gezeigt werden, wo sie die
785 2044 2382 2101 besten Bedingungen hat. Nach meinem ersten Plan, den ich freilich in der Arbeit
786 2094 2375 2159 noch vielfach ändern werde, sollen im ganzen vier dieser Romane in Österreich,
792 2145 2377 2177 drei im Deutschen Reich, drei ganz international und die beiden letzten im Pro¬
798 2181 2377 2244 letariat spielen.“ Nur „Himmelfahrt“ (1916) und „Die Rotte Korahs“ (1918)
797 2237 2368 2279 sind bisher erschienen: diese beiden schon nicht mehr in Wien, sondern in einer
796 2277 2366 2346 der „Städte seiner Seele“, in Salzburg entstanden. Auch diese Romane sind noch
790 2323 2324 2393 nicht reine Werke der Darstellung, auch sie sind voll Predigten und Aufsätze, —
796 2383 2377 2425 aber wie viele deutsche Dichter sind davon ganz frei, können in fragwürdigen
790 2434 2131 2488 Zeiten davon frei sein! Es liegt Bahr selbst jede Überschätzung fern:
834 2483 2374 2549 Wer sich so deutlich in den Raum Bauernfelds verwiesen weiß wie ich, sollte vor dem
784 2539 2361 2601 Verdachte bewahrt sein, sich mit Balzac messen zu wollen; es ist ungefähr, wie mir zu¬
788 2584 2357 2641 zumuten, ich hätte mit dem „Konzert“ den Sommernachtstraum überbieren wollen ...
788 2634 2383 2697 Nur meine Welt an innerer Figur will in jenen Romanen erscheinen; sie versuchen mein
790 2678 2371 2723 inneres Alphabet durchzubuchstabieren. Ich bin zunächst nach dem fünften stecken ge¬
789 2721 2376 2782 blieben; der sechste, mir ganz gegenwärtig, zögert noch immer. Ich bin ja jetzt endlich so
796 2763 2365 2808 weit, in allem irdischen Geschehen, überall, ja bis in des Menschen geheimste Tiefen der
796 2806 2369 2850 letzten Einsamkeit hinein, den Doppelkampf zu sehen: Kampf von Natut und Übernatur
796 2852 2371 2909 in ihm, aber darüber in den Lüften auch noch den Kampf von Übernatur mit Übernatur
782 2908 2367 2961 um ihn, der gottestreuen Übernatur mit der abgefallenen, der himmlischen Mächte mit den
788 2942 2073 3010 dämonischen; und der Kampfpreis ist das Angesicht unserer lieben Erde.
832 3007 2366 3070 Ruhe und Reife des Alters sprechen aus diesen Worten des unruhigsten aller
787 3068 2375 3130 „Modernen". Man führe nicht als Gegenzeugnisse die vielen schwankartigen
783 3110 2362 3160 Komödien ins Feld: halb entstanden in der Fron des Kampfes ums Leben, halb
796 3156 2371 3207 geboren aus dem Bahrschen Urtrieb, reden, plaudern zu müssen. Wie die Bauern¬
792 3204 2361 3261 feldschen Lustspiele sollen es „leichtgeschürzte“ dramatische Spiele sein, „harm¬
795 3257 2370 3300 los“, launig, voll dankbarer Rollen, durch ihren Gesprächsreiz so wirkend, daß
793 3299 2372 3361 man nicht nach einer „bedeutenden handlung“ und einem festen Bau fragt. Aber
790 3357 2379 3412 man wende den Blick von diesen Spielen weg zu dem ernsten Schauspiel des
782 3427 1367 3529 32 Soergel, Dichtung und Dichter.
1506 3426 1651 3520 497
2380 1004 2575 1070 Hermann
2413 1058 2548 1111 Bahr
