3436 4224
2135 135 2554 240 box 21/2
300 145 1969 269 16.1. Lebendige Stunden zyklus
2950 986 3016 1094 *
2231 1067 2654 1154 Telefon 12801.
1759 1146 3128 1305 Alex. Weigl's Unternehmen für Zeitungs-Ausschnitte
2797 1218 2995 1289 Ausschuilt
763 1171 1337 1339 Kar Goldse
626 1267 1232 1397 N. „ Bureau für 4
2124 1251 3120 1416 „OBSER· — N. 14
1339 1309 1458 1411 %
680 1369 1387 1447 Zeitungsausschnitte und Verlag
1725 1345 3197 1502 I. österr. behördl. conc. Bureau für Zeitungsberichte u. Personalnachrichten
679 1427 1376 1481 der Wissenschaftlichen Revue.
1920 1423 3023 1573 Wien, IX/, Türkenstrasse 17.
602 1476 1496 1558 BERLIN N., Auguststr. 87 part.
771 1542 1334 1619 Telephon Amt III. No. 3051.
2133 1530 2794 1633 Filiale in Budapest: „Flgrele“
1734 1555 3194 1707 Vertretungen in Berlin, Chicago, Genf, London, Newyork, Paris, Rom, Stockholm.
877 1644 1223 1721 Ausschnitt
508 1630 873 1717 Teierumm Züreser
506 1693 864 1778 GOL0SCHMIDT. Auguststr. 87
998 1711 1094 1782 aus
1739 1748 2281 1861 Ausschnitt aus:
753 1787 1453 1912 Vossische Zeitung, Berlin
537 1913 599 1999 0
1761 1902 2001 2014 vom 2
2439 1899 3216 2030 Dratsche Tageszeitung, Barlin
1965 1950 2440 2055 L
854 2108 1064 2205 SEIAN
696 2289 1351 2396 Theater und Musik.
452 2368 1599 2468 Der neue Einakterzyllus Arthur Schnitzlers, unseres feinen
2090 2358 2157 2458 62
2912 2343 3078 2471 40
2436 2379 2838 2480 Theater.
429 2416 1595 2509 Poeten, dem die lustige Melancholie, der wehmüthige Uebermuth
2096 2458 3160 2518 E. B. Im Deutschen Theater gelangte gestern Arthi
427 2457 1595 2566 und noch einige Gaben mehr gegeben sind, endete gestern abend
2050 2495 3120 2575 Schnitzlers neuer Einakter=Cyklus „Lebendige Stund
425 2505 1594 2603 im Deutschen Theater nach einem zögernden Einsatz mit einem
2047 2550 3177 2619 zur ersten Aufführung. Der Erfolg, den der Abend den
426 2567 1595 2661 kräftigen Erfolge. Das erste Stück „Lebendige Stunden“, gab
2051 2599 3204 2653 Dichter und der Darstellung brachte, war kein ein¬
418 2615 1595 2705 dem Zyklus, dem es den Namen gegeben hat mit einem melaucho¬
2046 2635 3151 2694 heitlich starker. Der Wiener Poet hat unter d
423 2647 1597 2755 kischen Auftakt zugleich den ernsten Ekün, die beiden nächsten
2059 2687 3065 2742 Gesamttitel des ersten Stückes vier Einakter vor
418 2714 1584 2801 „Die Frau mit dem Dolche" und Z. Die letzten Masken“.
1827 2719 3068 2800 Für 50 Ze ungleichem Charakter und Werte vereint, die alle Vorzüg
2044 2767 2997 2840 auch die deutlichen Schwächen seiner aus dem Bode
413 2768 1587 2858 zogen uns mit überlegener wennsauchchäufig überlegender Mache
1919 2813 2028 2863 200
2051 2820 2927 2873 wirklichkeit erwachsenen Litteraturkunst öffenbaren.
1857 2806 1926 2880 3
423 2804 1581 2897 in den tragikomischen Maskenzug, den man Leben heißt, und
1924 2859 2024 2902 500
1863 2867 1931 2933 „
2054 2862 2922 2918 der Name des Schlußschwankes hätte dem Abend d
412 2841 1586 2949 das letzte „Literatur“, das sich anspruchslos Schwank nannte,
1856 2897 2033 2966 „ 1000
2056 2900 2932 2960 Signatur gegeben: es ist wirklich nur Litterat
408 2906 1593 3005 befreite uns von den wechselvollen, verwirrenden Gesichten durch
1927 2947 1995 3004 Ir
2047 2952 2701 3002 Leben, was da den Inhalt der ersten
414 2963 1582 3039 ein klärendes herzliches Gelächter über uns, über unsere
1812 2973 2052 3050 Abonnemen
2063 2995 2688 3043 Stunden“ und „Die Frau mit dem
410 2984 1577 3088 Narrenwelt, die so eitel ist, sich noch einmal in Dichter¬
1824 3034 2044 3102 Abonpenten
2049 3033 2560 3099 die Sensation des Aben
412 3039 1574 3140 träumen zu bespiegeln. War das Publikum zuerst durch die Viel¬
2054 3082 2547 3141 ein überraschender Aufsch
414 3102 1572 3196 heit und Verschiedenheit dieser Gaben etwas benommen, so
2634 3111 2734 3183 asken“
2884 3128 2954 3176 durch
2057 3133 2548 3194 das Schauspiel. „Die letzte
408 3154 1584 3250 empfand es am Schlufse die Einheit der künstlerischen Auschauung
2176 3170 2431 3229 pfychologischen
405 3205 1578 3285 und es nahm die vier Stücke als vier Akte derselben Tragi¬
401 3235 1576 3338 komödie des Lebens. Damit hatte der Dichter seinen Zweck er¬
404 3288 1577 3384 reicht. Wir müssen uns vorbehalten, auf ihre einzelnen Theile
396 3332 1569 3440 sowie auf die meist vortreffliche Aufführung, in der Fräulein
386 3404 1570 3484 Triesch, die Herren Reinhardt, Rittner, Fischer, Basser¬
389 3429 1570 3531 mann, Sommerstoff hervorragten, noch des Näheren ein¬
390 3489 722 3572 zugehen. A. E.
2078 3524 2194 3574 bleiben.
