3484 4320
1957 195 2407 297 box 21/5
236 205 1958 311 16.1. Lebendige Stunden Zuklus
1228 1187 2406 1306 desran W NSap
1232 1306 2122 1423 d Icbtadd.
1300 1548 2291 1624 (Lebendige Stunden. —4 Akte von Arthur Schnitz¬
1217 1603 2294 1673 ler.] Der wahre Dichter ist — das weiß man am besten
1209 1648 2300 1720 von Goethe — immer ein Gelegenheitsdichter. Seine
1219 1696 2294 1776 Werke sind stets entweder die künstlerischen Memoiren
1215 1748 2282 1808 äußerer, oder die künstlerischen Evolutionen innerer Er¬
1214 1798 2287 1856 lebnisse. Goethe bekennt, daß er ein Erlebnis erst dann
1207 1847 2289 1914 wirklich „hinter sich“ und erst dann in aller Form über¬
1219 1893 2297 1948 wunden hatte, wenn es ihm mit einem Gedichte von der
1227 1947 2298 2024 Seele geschrieben war. Heinrich Heine hat dieser Tatsache
1223 1995 1813 2062 wiederholt Ausdruck verliehen:
1393 2035 1990 2118 Aus meinen großen Schmerzen
1394 2102 2037 2182 Mach' ich die kleinen Lieder ...
1217 2140 1354 2231 oder:
1401 2173 2070 2264 Ich wollt', meine Schmerzen ergößen
1401 2245 1932 2313 Sich all in ein einzig Wort,
1397 2290 2048 2354 Das gäb' ich den lustigen Winden,
1392 2345 1913 2418 Sie trügen es lustig fort.
1209 2370 2101 2473 Und wie sagt Marie Ebner=Eschenbach so schön?
1355 2449 2111 2514 Ein kleines Lied, — wie geht's nur an,
1355 2512 1970 2573 Daß es uns so erfreuen kann?
1349 2555 1957 2630 Was liegt darin? Erzähle! —
1340 2603 1990 2656 Es liegt darin ein wenig Klang,
1350 2655 2023 2736 Ein wenig Wohllaut und Gesang
1342 2699 1909 2773 Und eine ganze Seele.
1310 2756 2296 2819 Die ganze Seele mit ihrem großen, geheimen Leben,
1218 2806 2295 2860 mit den tausend Erlebnissen, die sich darin vollziehen, mit
1217 2853 2296 2919 den tausend Akten und Katastrophen, die darin vor sich
1222 2912 2293 2975 gehen. Und vielleicht ist es vom rein menschlichen Stand¬
1214 2947 2298 3002 punkte gar nicht so ungerecht, diese Umwertung des inneren
1218 3003 2300 3078 Lebens als eine Art von beneidenswerter oder bedauerns¬
