<?xml version="1.0" encoding="UTF-8" standalone="yes"?>
<PcGts xmlns="http://schema.primaresearch.org/PAGE/gts/pagecontent/2013-07-15" xmlns:xsi="http://www.w3.org/2001/XMLSchema-instance" xsi:schemaLocation="http://schema.primaresearch.org/PAGE/gts/pagecontent/2013-07-15 http://schema.primaresearch.org/PAGE/gts/pagecontent/2013-07-15/pagecontent.xsd">
    <Metadata>
        <Creator>prov=University of Rostock/Institute of Mathematics/CITlab/Gundram Leifert/gundram.leifert@uni-rostock.de:name=ONB_Newseye_GT_M1+(htr_id=10810)::::v=2.4.2
prov=University of Rostock/Institute of Mathematics/CITlab/Tobias Gruening/tobias.gruening@uni-rostock.de:name=de.uros.citlab.module.baseline2polygon.B2PSeamMultiOriented:v=2.4.2
prov=University of Rostock/Institute of Mathematics/CITlab/Tobias Gruening/tobias.gruening@uni-rostock.de:name=/mnt/transkribus/LA/DEA/URO/LA_news_onb_att.pb:de.uros.citlab.segmentation.CITlab_LA_ML:v=2.4.2
Transkribus</Creator>
        <Created>2019-10-07T11:33:52.134+02:00</Created>
        <LastChange>2019-10-08T13:19:16.551+02:00</LastChange>
        <TranskribusMetadata docId="223975" pageId="9500530" pageNr="117" tsid="16580660" status="IN_PROGRESS" userId="40391" imgUrl="https://files.transkribus.eu/Get?id=VBDRXYPPCGYKDTAJKQCXPWKV&amp;fileType=view" xmlUrl="https://files.transkribus.eu/Get?id=LMYOZHHPNOSYFMHNXHORPVGR" imageId="6190752"/>
    </Metadata>
    <Page imageFilename="223975_0117.jpeg" imageWidth="3484" imageHeight="4256">
        <ReadingOrder>
            <OrderedGroup id="ro_1711449717045" caption="Regions reading order">
                <RegionRefIndexed index="0" regionRef="r1"/>
                <RegionRefIndexed index="1" regionRef="r2"/>
            </OrderedGroup>
        </ReadingOrder>
        <TextRegion orientation="0.0" id="r1" custom="readingOrder {index:0;}">
            <Coords points="2071,111 2071,4109 2937,4109 2937,111"/>
            <TextLine id="r1l1" custom="readingOrder {index:0;}">
                <Coords points="2087,143 2777,150 2864,134 2864,113 2087,115"/>
                <Baseline points="2093,139 2131,140 2169,140 2207,140 2246,140 2284,140 2322,139 2361,139 2399,138 2437,138 2476,137 2514,137 2552,136 2590,135 2629,135 2667,134 2705,134 2744,134 2782,134 2820,134 2859,134"/>
                <TextEquiv>
                    <Unicode>Elsker, Maleren Leonardo, hun i Grun¬</Unicode>
                </TextEquiv>
            </TextLine>
            <TextLine id="r1l2" custom="readingOrder {index:1;}">
                <Coords points="2091,181 2209,202 2297,179 2868,185 2867,151 2812,143 2649,141 2608,172 2541,146 2182,162 2091,144"/>
                <Baseline points="2096,190 2134,189 2172,188 2211,187 2249,186 2287,186 2326,185 2364,185 2402,185 2441,184 2479,184 2517,184 2556,184 2594,183 2632,183 2671,183 2709,182 2747,182 2786,181 2824,181 2863,180"/>
                <TextEquiv>
                    <Unicode>den ikke bryder sig om. Agtemanden</Unicode>
                </TextEquiv>
            </TextLine>
            <TextLine id="r1l3" custom="readingOrder {index:2;}">
                <Coords points="2086,243 2661,224 2877,250 2862,185 2086,197"/>
                <Baseline points="2091,236 2130,236 2169,235 2208,235 2247,234 2286,233 2325,233 2364,232 2403,232 2442,231 2481,230 2520,230 2559,229 2598,229 2637,228 2676,227 2715,227 2754,227 2793,226 2832,226 2871,226"/>
                <TextEquiv>
                    <Unicode>kommer pludselig hjem, den trolese Hu¬</Unicode>
                </TextEquiv>
            </TextLine>
            <TextLine id="r1l4" custom="readingOrder {index:3;}">
                <Coords points="2082,282 2880,296 2880,248 2081,245"/>
                <Baseline points="2087,285 2126,284 2165,282 2205,281 2244,280 2284,279 2323,279 2362,278 2402,277 2441,277 2481,277 2520,276 2559,276 2599,276 2638,276 2678,276 2717,276 2756,276 2796,276 2835,276 2875,276"/>
                <TextEquiv>
                    <Unicode>stru tilstaar sin Brede for ham og dreber</Unicode>
                </TextEquiv>
            </TextLine>
            <TextLine id="r1l5" custom="readingOrder {index:4;}">
                <Coords points="2093,334 2872,328 2872,294 2768,283 2441,305 2093,285"/>
                <Baseline points="2098,330 2136,329 2174,328 2213,328 2251,327 2290,327 2328,326 2367,326 2405,326 2444,325 2482,325 2520,325 2559,325 2597,324 2636,324 2674,324 2713,323 2751,323 2790,323 2828,322 2867,321"/>
                <TextEquiv>
                    <Unicode>for hans Ojne den unge Mand, med hvem</Unicode>
                </TextEquiv>
            </TextLine>
            <TextLine id="r1l6" custom="readingOrder {index:5;}">
                <Coords points="2097,383 2542,378 2542,360 2503,342 2458,345 2431,330 2299,347 2196,338 2177,350 2117,334 2097,348"/>
                <Baseline points="2102,374 2127,373 2153,372 2178,372 2204,371 2229,371 2255,371 2281,370 2306,370 2332,370 2357,369 2383,369 2409,369 2434,369 2460,369 2485,369 2511,369 2537,369"/>
                <TextEquiv>
                    <Unicode>hun har bedraget ham.</Unicode>
                </TextEquiv>
            </TextLine>
            <TextLine id="r1l7" custom="readingOrder {index:6;}">
                <Coords points="2164,405 2203,433 2397,436 2878,411 2852,387 2714,372 2604,393 2164,387"/>
                <Baseline points="2169,421 2204,420 2239,420 2274,420 2309,420 2345,419 2380,419 2415,419 2450,419 2485,419 2521,419 2556,419 2591,419 2626,419 2661,420 2697,420 2732,420 2767,420 2802,420 2837,420 2873,420"/>
                <TextEquiv>
                    <Unicode>Men medens hun svinger Dolkon, ser</Unicode>
                </TextEquiv>
            </TextLine>
            <TextLine id="r1l8" custom="readingOrder {index:7;}">
                <Coords points="2086,493 2489,463 2832,469 2880,497 2880,412 2832,437 2427,422 2086,455"/>
                <Baseline points="2091,469 2130,468 2169,467 2208,467 2247,466 2287,466 2326,466 2365,465 2404,465 2443,465 2483,465 2522,465 2561,465 2600,464 2639,464 2679,464 2718,464 2757,464 2796,463 2835,463 2875,463"/>
                <TextEquiv>
                    <Unicode>Manden i hende ikke den angrende Hustra,</Unicode>
                </TextEquiv>
            </TextLine>
            <TextLine id="r1l9" custom="readingOrder {index:8;}">
                <Coords points="2102,521 2875,520 2874,488 2795,468 2685,491 2408,467 2102,488"/>
                <Baseline points="2107,516 2145,516 2183,516 2221,516 2259,516 2297,515 2335,515 2373,515 2411,515 2449,514 2488,514 2526,514 2564,513 2602,513 2640,513 2678,512 2716,512 2754,511 2792,510 2830,510 2869,509"/>
                <TextEquiv>
                    <Unicode>men den ypperlige Model til et Billedo.</Unicode>
                </TextEquiv>
            </TextLine>
            <TextLine id="r1l10" custom="readingOrder {index:9;}">
                <Coords points="2098,561 2843,571 2876,563 2876,528 2212,537 2097,508"/>
                <Baseline points="2103,566 2141,566 2179,565 2218,565 2256,564 2295,564 2333,563 2371,562 2410,562 2448,561 2487,560 2525,560 2563,559 2602,558 2640,558 2679,558 2717,558 2755,558 2794,558 2832,558 2871,558"/>
                <TextEquiv>
                    <Unicode>Medens Leonardo raller paa Gulvet i Deds¬</Unicode>
                </TextEquiv>
            </TextLine>
            <TextLine id="r1l11" custom="readingOrder {index:10;}">
                <Coords points="2094,650 2205,614 2609,612 2640,633 2670,612 2877,614 2866,561 2093,589"/>
                <Baseline points="2099,610 2137,611 2176,612 2214,612 2253,612 2292,612 2330,612 2369,612 2407,612 2446,611 2485,611 2523,611 2562,610 2600,609 2639,609 2678,608 2716,607 2755,607 2793,606 2832,605 2871,604"/>
                <TextEquiv>
                    <Unicode>kampen, griber Remigio Pensel og Palet</Unicode>
                </TextEquiv>
            </TextLine>
            <TextLine id="r1l12" custom="readingOrder {index:11;}">
                <Coords points="2096,691 2278,659 2805,671 2878,662 2878,621 2222,620 2095,648"/>
                <Baseline points="2101,659 2139,659 2178,659 2216,659 2255,658 2294,658 2332,657 2371,657 2409,656 2448,656 2487,655 2525,655 2564,654 2602,654 2641,654 2680,654 2718,654 2757,654 2795,654 2834,654 2873,655"/>
                <TextEquiv>
                    <Unicode>og maler Hustruen. Saaledes er Mandene,</Unicode>
                </TextEquiv>
            </TextLine>
            <TextLine id="r1l13" custom="readingOrder {index:12;}">
                <Coords points="2093,724 2809,699 2881,730 2888,663 2092,683"/>
                <Baseline points="2098,708 2137,708 2176,708 2215,708 2255,708 2294,707 2333,707 2373,706 2412,705 2451,704 2491,703 2530,703 2569,702 2608,701 2648,700 2687,700 2726,699 2766,699 2805,699 2844,699 2884,700"/>
                <TextEquiv>
                    <Unicode>siger Schnitzler. Og da Drommen er</Unicode>
                </TextEquiv>
            </TextLine>
            <TextLine id="r1l14" custom="readingOrder {index:13;}">
                <Coords points="2086,740 2250,771 2570,741 2883,756 2882,725 2789,712 2086,723"/>
                <Baseline points="2091,755 2130,755 2169,755 2208,754 2248,754 2287,753 2326,753 2366,752 2405,751 2444,751 2484,750 2523,749 2562,749 2601,748 2641,747 2680,747 2719,746 2759,746 2798,746 2837,746 2877,747"/>
                <TextEquiv>
                    <Unicode>svundet, og Fru Paola atter er bleven</Unicode>
                </TextEquiv>
            </TextLine>
            <TextLine id="r1l15" custom="readingOrder {index:14;}">
                <Coords points="2098,798 2801,794 2893,819 2892,780 2823,753 2677,753 2632,777 2561,755 2336,780 2098,769"/>
                <Baseline points="2103,802 2142,802 2181,802 2220,802 2259,801 2299,801 2338,800 2377,800 2416,799 2455,798 2495,797 2534,796 2573,796 2612,795 2651,795 2691,794 2730,794 2769,795 2808,795 2847,796 2887,797"/>
                <TextEquiv>
                    <Unicode>Fru Pauline, havner hun sit Kon paa</Unicode>
                </TextEquiv>
            </TextLine>
            <TextLine id="r1l16" custom="readingOrder {index:15;}">
                <Coords points="2101,850 2423,857 2453,832 2564,856 2826,842 2901,867 2901,832 2797,802 2274,823 2101,798"/>
                <Baseline points="2106,849 2145,849 2185,849 2224,849 2264,848 2303,848 2343,847 2382,846 2422,845 2461,844 2501,844 2540,843 2580,842 2619,842 2659,842 2698,842 2738,843 2777,844 2817,845 2856,846 2896,849"/>
                <TextEquiv>
                    <Unicode>Mrendene vod as bevilge Kurmageren,</Unicode>
                </TextEquiv>
            </TextLine>
            <TextLine id="r1l17" custom="readingOrder {index:16;}">
                <Coords points="2090,892 2552,905 2608,885 2772,909 2881,887 2880,866 2805,848 2384,868 2089,851"/>
                <Baseline points="2095,897 2134,896 2173,895 2212,894 2251,893 2290,892 2329,891 2368,890 2407,890 2446,889 2485,889 2524,888 2563,888 2602,888 2641,888 2680,888 2719,888 2758,889 2797,890 2836,890 2876,892"/>
                <TextEquiv>
                    <Unicode>der i Grunden er hendo temmelig lige¬</Unicode>
                </TextEquiv>
            </TextLine>
            <TextLine id="r1l18" custom="readingOrder {index:17;}">
                <Coords points="2096,943 2175,960 2313,938 2363,953 2508,938 2584,951 2618,939 2618,900 2368,913 2326,896 2138,914 2095,893"/>
                <Baseline points="2101,947 2126,945 2152,943 2177,941 2203,940 2229,939 2254,938 2280,937 2305,937 2331,937 2357,937 2382,937 2408,937 2433,937 2459,937 2485,937 2510,937 2536,936 2561,936 2587,935 2613,934"/>
                <TextEquiv>
                    <Unicode>gyidig, det begeerede Mede.</Unicode>
                </TextEquiv>
            </TextLine>
            <TextLine id="r1l19" custom="readingOrder {index:18;}">
                <Coords points="2176,1001 2854,991 2904,980 2904,938 2176,969"/>
                <Baseline points="2181,987 2216,987 2252,987 2288,986 2324,986 2360,986 2396,986 2432,985 2468,985 2504,985 2540,984 2575,984 2611,983 2647,983 2683,982 2719,982 2755,981 2791,981 2827,980 2863,979 2899,978"/>
                <TextEquiv>
                    <Unicode>„De eidste Masker“ foregaar paa et</Unicode>
                </TextEquiv>
            </TextLine>
            <TextLine id="r1l20" custom="readingOrder {index:19;}">
                <Coords points="2091,1061 2167,1038 2866,1039 2900,1030 2900,983 2699,1012 2631,994 2601,1017 2453,990 2292,1014 2090,994"/>
                <Baseline points="2095,1035 2135,1035 2175,1035 2215,1035 2255,1035 2295,1035 2335,1034 2375,1034 2415,1034 2455,1034 2495,1034 2535,1033 2575,1033 2615,1032 2655,1032 2695,1031 2735,1031 2775,1030 2815,1029 2855,1028 2895,1027"/>
                <TextEquiv>
                    <Unicode>Hospitel, som Schnitzler, der selv har</Unicode>
                </TextEquiv>
            </TextLine>
            <TextLine id="r1l21" custom="readingOrder {index:20;}">
                <Coords points="2104,1103 2447,1075 2899,1080 2872,1037 2104,1057"/>
                <Baseline points="2109,1082 2148,1082 2187,1082 2226,1082 2265,1082 2305,1082 2344,1082 2383,1082 2422,1082 2461,1082 2501,1081 2540,1081 2579,1080 2618,1080 2657,1079 2697,1078 2736,1077 2775,1076 2814,1075 2853,1074 2893,1072"/>
                <TextEquiv>
                    <Unicode>studeret Mediein, forstaar at tegne med</Unicode>
                </TextEquiv>
            </TextLine>
            <TextLine id="r1l22" custom="readingOrder {index:21;}">
                <Coords points="2110,1122 2181,1147 2486,1124 2891,1139 2896,1077 2109,1104"/>
                <Baseline points="2115,1128 2153,1129 2192,1130 2231,1130 2270,1130 2309,1130 2347,1129 2386,1129 2425,1128 2464,1128 2503,1127 2541,1126 2580,1125 2619,1124 2658,1123 2697,1122 2735,1122 2774,1121 2813,1120 2852,1120 2891,1120"/>
                <TextEquiv>
                    <Unicode>megen Nejagtighed. Den udt#erede deende</Unicode>
                </TextEquiv>
            </TextLine>
            <TextLine id="r1l23" custom="readingOrder {index:22;}">
                <Coords points="2114,1175 2913,1175 2912,1143 2865,1131 2114,1146"/>
                <Baseline points="2119,1174 2158,1174 2197,1174 2237,1173 2276,1173 2316,1173 2355,1172 2394,1172 2434,1171 2473,1171 2513,1171 2552,1170 2591,1170 2631,1170 2670,1169 2710,1169 2749,1169 2788,1169 2828,1170 2867,1170 2907,1171"/>
                <TextEquiv>
                    <Unicode>Journalist Karl Rademacher vil, fer han</Unicode>
                </TextEquiv>
            </TextLine>
            <TextLine id="r1l24" custom="readingOrder {index:23;}">
                <Coords points="2114,1214 2199,1241 2907,1220 2907,1196 2806,1176 2114,1192"/>
                <Baseline points="2119,1219 2158,1220 2197,1221 2236,1221 2275,1222 2314,1222 2353,1222 2393,1222 2432,1221 2471,1221 2510,1221 2549,1220 2588,1220 2627,1219 2667,1219 2706,1218 2745,1218 2784,1218 2823,1218 2862,1218 2902,1218"/>
                <TextEquiv>
                    <Unicode>forlader Livet, fortselle sin Ungdoms¬</Unicode>
                </TextEquiv>
            </TextLine>
            <TextLine id="r1l25" custom="readingOrder {index:24;}">
                <Coords points="2106,1286 2758,1265 2792,1284 2904,1256 2888,1222 2164,1244 2105,1221"/>
                <Baseline points="2111,1272 2150,1272 2189,1271 2229,1271 2268,1271 2308,1271 2347,1270 2386,1270 2426,1269 2465,1269 2505,1268 2544,1268 2583,1268 2623,1267 2662,1267 2702,1267 2741,1267 2780,1266 2820,1266 2859,1267 2899,1267"/>
                <TextEquiv>
                    <Unicode>kammerat Alexander Weihgast, der er</Unicode>
                </TextEquiv>
            </TextLine>
            <TextLine id="r1l26" custom="readingOrder {index:25;}">
                <Coords points="2092,1342 2270,1309 2538,1348 2732,1309 2853,1338 2912,1327 2912,1288 2528,1266 2092,1292"/>
                <Baseline points="2097,1321 2137,1321 2178,1320 2218,1320 2259,1320 2299,1319 2340,1319 2380,1319 2421,1318 2461,1318 2502,1318 2542,1318 2583,1317 2623,1317 2664,1317 2704,1317 2745,1317 2785,1317 2826,1317 2866,1317 2907,1317"/>
                <TextEquiv>
                    <Unicode>Ablevc1 en beremt Digter, hvilken hul,</Unicode>
                </TextEquiv>
            </TextLine>
            <TextLine id="r1l27" custom="readingOrder {index:26;}">
                <Coords points="2093,1400 2346,1371 2491,1391 2529,1368 2565,1391 2859,1389 2915,1366 2845,1333 2093,1343"/>
                <Baseline points="2098,1375 2138,1375 2179,1375 2219,1375 2260,1376 2301,1376 2341,1376 2382,1376 2422,1376 2463,1376 2504,1376 2544,1376 2585,1376 2625,1376 2666,1376 2707,1376 2747,1377 2788,1377 2828,1377 2869,1377 2910,1377"/>
                <TextEquiv>
                    <Unicode>elendig Fyr hau er, og hvor hans Suk¬</Unicode>
                </TextEquiv>
            </TextLine>
            <TextLine id="r1l28" custom="readingOrder {index:27;}">
                <Coords points="2113,1412 2261,1440 2296,1421 2914,1428 2914,1401 2857,1387 2572,1399 2529,1368 2475,1397 2325,1379 2113,1398"/>
                <Baseline points="2118,1418 2157,1420 2197,1420 2236,1421 2276,1422 2315,1422 2355,1423 2394,1423 2434,1423 2473,1423 2513,1423 2552,1423 2592,1423 2631,1423 2671,1423 2710,1423 2750,1422 2789,1422 2829,1422 2868,1422 2908,1422"/>
                <TextEquiv>
                    <Unicode>ces’er or ufortiente. Ja, han vil endogena</Unicode>
                </TextEquiv>
            </TextLine>
            <TextLine id="r1l29" custom="readingOrder {index:28;}">
                <Coords points="2116,1470 2910,1480 2904,1428 2117,1430"/>
                <Baseline points="2122,1464 2161,1464 2200,1465 2239,1466 2278,1467 2317,1467 2356,1468 2395,1468 2434,1469 2473,1469 2513,1469 2552,1469 2591,1469 2630,1469 2669,1469 2708,1469 2747,1469 2786,1469 2825,1469 2864,1469 2904,1469"/>
                <TextEquiv>
                    <Unicode>afslere ham haus huslige Ulykke ved at</Unicode>
                </TextEquiv>
            </TextLine>
            <TextLine id="r1l30" custom="readingOrder {index:29;}">
                <Coords points="2113,1515 2917,1520 2917,1477 2847,1471 2435,1474 2384,1499 2289,1469 2113,1482"/>
                <Baseline points="2118,1509 2157,1510 2197,1510 2237,1511 2276,1512 2316,1513 2356,1513 2395,1514 2435,1515 2475,1516 2515,1516 2554,1517 2594,1517 2634,1517 2673,1517 2713,1517 2753,1517 2792,1517 2832,1517 2872,1516 2912,1515"/>
                <TextEquiv>
                    <Unicode>fortselle ham, at haus Hustru bedrager</Unicode>
                </TextEquiv>
            </TextLine>
            <TextLine id="r1l31" custom="readingOrder {index:30;}">
                <Coords points="2119,1562 2908,1576 2908,1531 2883,1524 2343,1536 2268,1515 2204,1537 2119,1515"/>
                <Baseline points="2124,1555 2165,1557 2206,1559 2247,1560 2288,1561 2329,1562 2370,1562 2411,1563 2452,1563 2493,1563 2534,1563 2575,1563 2616,1563 2657,1563 2698,1562 2739,1562 2780,1562 2821,1561 2862,1561 2903,1560"/>
                <TextEquiv>
                    <Unicode>ham. Som on Slags Generalpreve spiller</Unicode>
                </TextEquiv>
            </TextLine>
            <TextLine id="r1l32" custom="readingOrder {index:31;}">
                <Coords points="2109,1613 2907,1618 2907,1587 2841,1563 2674,1584 2570,1565 2195,1580 2109,1558"/>
                <Baseline points="2114,1604 2153,1604 2192,1604 2232,1604 2271,1604 2311,1604 2350,1604 2389,1604 2429,1604 2468,1604 2508,1604 2547,1604 2586,1605 2626,1605 2665,1605 2705,1606 2744,1606 2783,1607 2823,1608 2862,1608 2902,1609"/>
                <TextEquiv>
                    <Unicode>han forinden Digterens Komme hele Sce¬</Unicode>
                </TextEquiv>
            </TextLine>
            <TextLine id="r1l33" custom="readingOrder {index:32;}">
                <Coords points="2112,1647 2908,1676 2902,1618 2623,1613 2581,1635 2113,1609"/>
                <Baseline points="2118,1651 2157,1651 2196,1651 2235,1651 2275,1651 2314,1652 2353,1652 2393,1653 2432,1653 2471,1654 2511,1655 2550,1655 2589,1656 2628,1656 2668,1657 2707,1657 2746,1657 2786,1657 2825,1657 2864,1657 2904,1656"/>
                <TextEquiv>
                    <Unicode>nen sammen med en vigtig, brystsyg</Unicode>
                </TextEquiv>
            </TextLine>
            <TextLine id="r1l34" custom="readingOrder {index:33;}">
                <Coords points="2102,1712 2313,1713 2337,1692 2570,1722 2896,1712 2922,1689 2826,1659 2655,1687 2433,1655 2342,1680 2103,1667"/>
                <Baseline points="2108,1695 2148,1696 2188,1697 2229,1698 2269,1699 2310,1699 2350,1700 2390,1701 2431,1702 2471,1703 2512,1703 2552,1704 2592,1704 2633,1705 2673,1705 2714,1706 2754,1706 2794,1706 2835,1707 2875,1707 2916,1707"/>
                <TextEquiv>
                    <Unicode>Skuespiller, der ligger paa samme Stue</Unicode>
                </TextEquiv>
            </TextLine>
            <TextLine id="r1l35" custom="readingOrder {index:34;}">
                <Coords points="2106,1742 2138,1752 2145,1748 2163,1758 2172,1750 2185,1756 2213,1748 2275,1752 2289,1742 2304,1746 2305,1734 2279,1730 2259,1712 2231,1719 2199,1703 2185,1711 2174,1707 2145,1716 2127,1714 2118,1721 2106,1718"/>
                <Baseline points="2111,1742 2137,1741 2164,1740 2191,1740 2218,1741 2245,1742 2272,1742 2299,1744"/>
                <TextEquiv>
                    <Unicode>som han.</Unicode>
                </TextEquiv>
            </TextLine>
            <TextLine id="r1l36" custom="readingOrder {index:35;}">
                <Coords points="2169,1795 2562,1810 2629,1793 2771,1817 2850,1809 2851,1770 2479,1744 2286,1773 2170,1753"/>
                <Baseline points="2174,1789 2207,1790 2241,1791 2274,1791 2308,1792 2341,1793 2375,1793 2408,1794 2442,1794 2475,1794 2509,1795 2543,1795 2576,1795 2610,1796 2643,1796 2677,1796 2710,1797 2744,1797 2777,1798 2811,1798 2845,1799"/>
                <TextEquiv>
                    <Unicode>Men da saa Weihgast kommer,</Unicode>
                </TextEquiv>
            </TextLine>
            <TextLine id="r1l37" custom="readingOrder {index:36;}">
                <Coords points="2101,1838 2778,1863 2900,1853 2901,1814 2101,1807"/>
                <Baseline points="2106,1833 2145,1835 2184,1837 2224,1838 2263,1839 2303,1840 2342,1841 2382,1842 2421,1842 2461,1843 2500,1843 2539,1844 2579,1844 2618,1844 2658,1844 2697,1844 2737,1845 2776,1845 2816,1845 2855,1845 2895,1846"/>
                <TextEquiv>
                    <Unicode>Journalisten rigtig ser, hvor tom, hvor</Unicode>
                </TextEquiv>
            </TextLine>
            <TextLine id="r1l38" custom="readingOrder {index:37;}">
                <Coords points="2100,1918 2165,1888 2907,1904 2907,1861 2873,1852 2130,1845 2101,1865"/>
                <Baseline points="2106,1883 2145,1884 2185,1884 2225,1884 2265,1885 2305,1886 2344,1886 2384,1887 2424,1887 2464,1888 2504,1889 2543,1889 2583,1890 2623,1890 2663,1890 2703,1890 2742,1890 2782,1890 2822,1890 2862,1889 2902,1888"/>
                <TextEquiv>
                    <Unicode>intetsigende, hvor latterlig han er i al</Unicode>
                </TextEquiv>
            </TextLine>
            <TextLine id="r1l39" custom="readingOrder {index:38;}">
                <Coords points="2103,1927 2531,1955 2907,1941 2877,1905 2688,1915 2627,1894 2179,1911 2141,1893 2103,1917"/>
                <Baseline points="2108,1929 2147,1930 2187,1930 2227,1931 2266,1932 2306,1933 2346,1933 2385,1934 2425,1935 2465,1936 2505,1936 2544,1937 2584,1937 2624,1938 2663,1938 2703,1938 2743,1938 2782,1938 2822,1937 2862,1937 2902,1936"/>
                <TextEquiv>
                    <Unicode>sin greenselese Forfeengelighed og Dum¬</Unicode>
                </TextEquiv>
            </TextLine>
            <TextLine id="r1l40" custom="readingOrder {index:39;}">
                <Coords points="2093,2010 2173,1981 2898,1995 2879,1945 2094,1944"/>
                <Baseline points="2099,1980 2138,1980 2178,1980 2218,1981 2257,1981 2297,1981 2337,1981 2376,1982 2416,1982 2456,1983 2496,1983 2535,1983 2575,1984 2615,1984 2654,1984 2694,1984 2734,1985 2773,1985 2813,1985 2853,1985 2893,1985"/>
                <TextEquiv>
                    <Unicode>bed, saa gider han ikke heevne sig paa en</Unicode>
                </TextEquiv>
            </TextLine>
            <TextLine id="r1l41" custom="readingOrder {index:40;}">
                <Coords points="2096,2035 2906,2045 2906,2014 2847,1992 2525,1986 2462,2010 2177,1984 2097,2007"/>
                <Baseline points="2102,2026 2144,2026 2186,2027 2228,2027 2270,2027 2312,2027 2354,2027 2396,2027 2438,2027 2480,2028 2522,2028 2564,2029 2606,2030 2648,2031 2690,2032 2732,2033 2774,2034 2816,2036 2858,2037 2901,2040"/>
                <TextEquiv>
                    <Unicode>eaadant Karikatur. Digterens hele Liv,</Unicode>
                </TextEquiv>
            </TextLine>
            <TextLine id="r1l42" custom="readingOrder {index:41;}">
                <Coords points="2091,2096 2159,2076 2548,2094 2584,2072 2619,2093 2804,2092 2818,2063 2711,2036 2466,2038 2439,2058 2091,2039"/>
                <Baseline points="2096,2075 2131,2075 2167,2074 2203,2074 2239,2074 2275,2074 2310,2074 2346,2074 2382,2074 2418,2075 2454,2075 2489,2076 2525,2076 2561,2077 2597,2078 2633,2079 2668,2079 2704,2080 2740,2081 2776,2082 2812,2083"/>
                <TextEquiv>
                    <Unicode>der beror paa en eneste stor Legn,</Unicode>
                </TextEquiv>
            </TextLine>
            <TextLine id="r1l43" custom="readingOrder {index:42;}">
                <Coords points="2106,2132 2225,2133 2256,2110 2305,2135 2909,2124 2909,2104 2821,2084 2524,2102 2452,2078 2107,2082"/>
                <Baseline points="2112,2116 2151,2118 2191,2119 2230,2120 2270,2121 2310,2122 2349,2122 2389,2124 2428,2124 2468,2125 2508,2125 2547,2126 2587,2126 2626,2126 2666,2126 2706,2126 2745,2126 2785,2126 2824,2125 2864,2125 2904,2124"/>
                <TextEquiv>
                    <Unicode>veebner Journalisten. Han finder ikke</Unicode>
                </TextEquiv>
            </TextLine>
            <TextLine id="r1l44" custom="readingOrder {index:43;}">
                <Coords points="2100,2171 2825,2191 2912,2183 2913,2153 2730,2128 2100,2136"/>
                <Baseline points="2105,2168 2145,2168 2185,2167 2225,2167 2265,2167 2305,2167 2345,2167 2385,2167 2425,2167 2465,2168 2506,2168 2546,2169 2586,2170 2626,2171 2666,2172 2706,2174 2746,2175 2786,2177 2826,2179 2866,2181 2907,2183"/>
                <TextEquiv>
                    <Unicode>mere sin egen Skeebne saa utaalelig og</Unicode>
                </TextEquiv>
            </TextLine>
            <TextLine id="r1l45" custom="readingOrder {index:44;}">
                <Coords points="2181,2274 2409,2257 2440,2281 2870,2279 2903,2264 2903,2223 2608,2240 2292,2213 2181,2242"/>
                <Baseline points="2186,2262 2221,2263 2257,2264 2292,2264 2328,2265 2364,2265 2399,2266 2435,2266 2470,2266 2506,2266 2542,2266 2577,2266 2613,2267 2648,2267 2684,2267 2720,2267 2755,2267 2791,2267 2826,2268 2862,2268 2898,2268"/>
                <TextEquiv>
                    <Unicode>„Literatur“ er 1 Modsetning til de</Unicode>
                </TextEquiv>
            </TextLine>
            <TextLine id="r1l46" custom="readingOrder {index:45;}">
                <Coords points="2101,2332 2581,2305 2641,2330 2905,2328 2905,2288 2839,2275 2662,2295 2102,2280"/>
                <Baseline points="2107,2305 2146,2306 2186,2307 2225,2309 2265,2310 2305,2310 2344,2311 2384,2312 2424,2312 2463,2313 2503,2313 2543,2314 2582,2314 2622,2314 2662,2315 2701,2315 2741,2316 2781,2317 2820,2317 2860,2318 2900,2319"/>
                <TextEquiv>
                    <Unicode>andre tre Stykker en ren og skeer Farce,</Unicode>
                </TextEquiv>
            </TextLine>
            <TextLine id="r1l47" custom="readingOrder {index:46;}">
                <Coords points="2107,2365 2805,2373 2893,2361 2893,2325 2716,2321 2648,2345 2616,2322 2107,2327"/>
                <Baseline points="2112,2353 2150,2355 2189,2356 2228,2357 2267,2358 2306,2359 2344,2360 2383,2361 2422,2361 2461,2362 2500,2362 2538,2362 2577,2363 2616,2363 2655,2363 2694,2363 2732,2363 2771,2362 2810,2362 2849,2362 2888,2361"/>
                <TextEquiv>
                    <Unicode>som det synes nogel i Smag med Gustav</Unicode>
                </TextEquiv>
            </TextLine>
            <TextLine id="r1l48" custom="readingOrder {index:47;}">
                <Coords points="2101,2394 2549,2425 2678,2396 2776,2422 2905,2402 2824,2368 2102,2362"/>
                <Baseline points="2106,2401 2145,2402 2185,2403 2225,2404 2264,2405 2304,2406 2344,2407 2383,2408 2423,2409 2463,2409 2503,2410 2542,2410 2582,2410 2622,2410 2661,2410 2701,2410 2741,2409 2780,2409 2820,2408 2860,2407 2900,2405"/>
                <TextEquiv>
                    <Unicode>Wieds Satyrspil. Stykkets kvindelige</Unicode>
                </TextEquiv>
            </TextLine>
            <TextLine id="r1l49" custom="readingOrder {index:48;}">
                <Coords points="2092,2476 2203,2453 2907,2463 2907,2419 2826,2413 2544,2433 2092,2415"/>
                <Baseline points="2097,2451 2137,2451 2177,2452 2217,2453 2257,2453 2298,2454 2338,2454 2378,2455 2418,2455 2458,2456 2499,2456 2539,2457 2579,2457 2619,2457 2659,2457 2700,2457 2740,2456 2780,2456 2820,2455 2860,2454 2901,2453"/>
                <TextEquiv>
                    <Unicode>Hovedperson, den unge, kenne, flotte Fru</Unicode>
                </TextEquiv>
            </TextLine>
            <TextLine id="r1l50" custom="readingOrder {index:49;}">
                <Coords points="2090,2500 2831,2522 2893,2507 2894,2472 2090,2465"/>
                <Baseline points="2095,2500 2134,2500 2174,2499 2213,2499 2253,2500 2293,2500 2332,2501 2372,2501 2412,2502 2451,2503 2491,2504 2531,2505 2570,2505 2610,2505 2650,2506 2689,2506 2729,2506 2769,2506 2808,2505 2848,2504 2888,2503"/>
                <TextEquiv>
                    <Unicode>Margrethe, har en „Fortid“. Hun var gift</Unicode>
                </TextEquiv>
            </TextLine>
            <TextLine id="r1l51" custom="readingOrder {index:50;}">
                <Coords points="2090,2563 2209,2544 2711,2567 2899,2543 2899,2517 2774,2505 2477,2522 2091,2501"/>
                <Baseline points="2095,2547 2137,2547 2179,2546 2221,2546 2263,2546 2305,2547 2347,2547 2389,2548 2431,2549 2473,2549 2515,2550 2557,2551 2599,2552 2641,2552 2683,2552 2725,2552 2767,2552 2809,2551 2851,2550 2894,2548"/>
                <TextEquiv>
                    <Unicode>med en Spidsborger, har gjort sig fri, er</Unicode>
                </TextEquiv>
            </TextLine>
            <TextLine id="r1l52" custom="readingOrder {index:51;}">
                <Coords points="2070,2630 2172,2592 2866,2602 2894,2597 2894,2555 2070,2556"/>
                <Baseline points="2075,2595 2115,2594 2156,2594 2197,2594 2237,2594 2278,2594 2319,2594 2359,2595 2400,2595 2441,2596 2482,2596 2522,2597 2563,2598 2604,2598 2644,2598 2685,2598 2726,2598 2766,2598 2807,2597 2848,2597 2889,2595"/>
                <TextEquiv>
                    <Unicode>(bleven Digterinde, har i München moret</Unicode>
                </TextEquiv>
            </TextLine>
            <TextLine id="r1l53" custom="readingOrder {index:52;}">
                <Coords points="2082,2662 2587,2638 2877,2659 2895,2613 2623,2602 2482,2625 2422,2600 2194,2596 2082,2628"/>
                <Baseline points="2087,2643 2127,2641 2167,2641 2207,2640 2247,2640 2287,2640 2327,2640 2367,2640 2407,2641 2447,2641 2488,2642 2528,2643 2568,2644 2608,2644 2648,2645 2688,2645 2728,2645 2768,2645 2808,2644 2848,2643 2889,2642"/>
                <TextEquiv>
                    <Unicode>(sig i Bohemekredse, men vil nu atter ind</Unicode>
                </TextEquiv>
            </TextLine>
            <TextLine id="r1l54" custom="readingOrder {index:53;}">
                <Coords points="2078,2691 2825,2702 2904,2693 2904,2650 2126,2643 2078,2669"/>
                <Baseline points="2083,2688 2123,2688 2164,2688 2205,2688 2246,2688 2287,2688 2327,2688 2368,2688 2409,2688 2450,2688 2491,2688 2531,2688 2572,2688 2613,2688 2654,2689 2695,2689 2735,2689 2776,2689 2817,2689 2858,2690 2899,2690"/>
                <TextEquiv>
                    <Unicode>1i roligere og mere betryggende Forhold</Unicode>
                </TextEquiv>
            </TextLine>
            <TextLine id="r1l55" custom="readingOrder {index:54;}">
                <Coords points="2066,2720 2218,2743 2897,2740 2897,2695 2066,2702"/>
                <Baseline points="2071,2735 2112,2734 2153,2734 2194,2734 2235,2735 2276,2735 2317,2735 2358,2735 2399,2736 2440,2736 2481,2736 2522,2737 2563,2737 2604,2738 2645,2738 2686,2738 2727,2739 2768,2739 2809,2739 2850,2739 2892,2739"/>
                <TextEquiv>
                    <Unicode>ved at vandre til Alteret med en ind¬</Unicode>
                </TextEquiv>
            </TextLine>
            <TextLine id="r1l56" custom="readingOrder {index:55;}">
                <Coords points="2097,2789 2839,2800 2901,2790 2902,2764 2807,2741 2190,2753 2097,2723"/>
                <Baseline points="2102,2782 2141,2782 2181,2782 2221,2782 2260,2782 2300,2782 2340,2782 2379,2782 2419,2782 2459,2782 2499,2782 2538,2782 2578,2782 2618,2782 2657,2783 2697,2783 2737,2784 2776,2785 2816,2786 2856,2787 2896,2788"/>
                <TextEquiv>
                    <Unicode>skreenket adelig Sportsmand Baron Clemens.</Unicode>
                </TextEquiv>
            </TextLine>
            <TextLine id="r1l57" custom="readingOrder {index:56;}">
                <Coords points="2097,2829 2901,2844 2901,2816 2864,2800 2742,2786 2547,2814 2357,2784 2242,2806 2097,2790"/>
                <Baseline points="2102,2825 2141,2826 2181,2827 2221,2828 2260,2829 2300,2829 2340,2830 2379,2830 2419,2830 2459,2830 2499,2830 2538,2830 2578,2830 2618,2830 2657,2829 2697,2829 2737,2829 2776,2829 2816,2828 2856,2828 2896,2828"/>
                <TextEquiv>
                    <Unicode>Denne vil ikke have, at hans Hustru</Unicode>
                </TextEquiv>
            </TextLine>
            <TextLine id="r1l58" custom="readingOrder {index:57;}">
                <Coords points="2099,2873 2253,2899 2280,2873 2361,2872 2897,2893 2897,2849 2830,2837 2774,2862 2705,2834 2611,2854 2099,2836"/>
                <Baseline points="2104,2871 2143,2873 2182,2874 2222,2875 2261,2876 2300,2876 2340,2876 2379,2876 2418,2876 2458,2875 2497,2875 2536,2874 2576,2874 2615,2873 2654,2873 2694,2873 2733,2873 2772,2874 2812,2875 2851,2875 2891,2877"/>
                <TextEquiv>
                    <Unicode>fremtidig skal skrive Beger som fer. Han</Unicode>
                </TextEquiv>
            </TextLine>
            <TextLine id="r1l59" custom="readingOrder {index:58;}">
                <Coords points="2096,2922 2890,2936 2890,2899 2776,2880 2096,2896"/>
                <Baseline points="2102,2919 2141,2921 2180,2922 2219,2923 2258,2923 2297,2923 2336,2923 2375,2923 2414,2923 2453,2923 2493,2923 2532,2922 2571,2922 2610,2922 2649,2921 2688,2921 2727,2921 2766,2921 2805,2922 2844,2922 2884,2923"/>
                <TextEquiv>
                    <Unicode>finder, at det er plebejish at selge Op¬</Unicode>
                </TextEquiv>
            </TextLine>
            <TextLine id="r1l60" custom="readingOrder {index:59;}">
                <Coords points="2091,2983 2362,2960 2406,2982 2822,2988 2890,2980 2891,2936 2258,2946 2092,2911"/>
                <Baseline points="2096,2965 2135,2966 2174,2967 2214,2968 2253,2968 2293,2969 2332,2969 2372,2969 2411,2969 2451,2969 2490,2969 2529,2969 2569,2969 2608,2969 2648,2969 2687,2970 2727,2970 2766,2971 2806,2972 2845,2973 2885,2975"/>
                <TextEquiv>
                    <Unicode>levelser, selv om de kun er opfundne, 1</Unicode>
                </TextEquiv>
            </TextLine>
            <TextLine id="r1l61" custom="readingOrder {index:60;}">
                <Coords points="2091,3021 2894,3036 2894,2978 2594,2979 2550,3003 2513,2976 2379,2992 2091,2966"/>
                <Baseline points="2096,3013 2135,3014 2175,3014 2214,3014 2254,3015 2294,3015 2333,3015 2373,3016 2413,3016 2452,3016 2492,3016 2532,3016 2571,3016 2611,3016 2651,3016 2690,3017 2730,3017 2770,3018 2809,3018 2849,3019 2889,3020"/>
                <TextEquiv>
                    <Unicode>Form af Beger til Folk. Han aner ikke,</Unicode>
                </TextEquiv>
            </TextLine>
            <TextLine id="r1l62" custom="readingOrder {index:61;}">
                <Coords points="2083,3094 2147,3060 2855,3082 2896,3064 2877,3032 2760,3024 2680,3045 2597,3022 2083,3027"/>
                <Baseline points="2088,3060 2128,3060 2168,3060 2208,3060 2248,3060 2288,3060 2328,3060 2368,3061 2408,3061 2448,3061 2489,3061 2529,3062 2569,3062 2609,3063 2649,3063 2689,3064 2729,3064 2769,3065 2809,3066 2849,3067 2890,3068"/>
                <TextEquiv>
                    <Unicode>at Oplevelsorne kun er altfor sande, og</Unicode>
                </TextEquiv>
            </TextLine>
            <TextLine id="r1l63" custom="readingOrder {index:62;}">
                <Coords points="2076,3111 2789,3109 2893,3133 2893,3099 2808,3076 2077,3067"/>
                <Baseline points="2082,3106 2122,3107 2162,3107 2202,3107 2243,3107 2283,3108 2323,3108 2364,3108 2404,3109 2444,3109 2485,3110 2525,3110 2565,3110 2605,3111 2646,3111 2686,3112 2726,3113 2767,3114 2807,3115 2847,3115 2888,3116"/>
                <TextEquiv>
                    <Unicode>at en feerdigtrykt Bog, af hvilken han,</Unicode>
                </TextEquiv>
            </TextLine>
            <TextLine id="r1l64" custom="readingOrder {index:63;}">
                <Coords points="2072,3166 2844,3174 2884,3159 2885,3126 2105,3106 2072,3127"/>
                <Baseline points="2077,3157 2117,3155 2157,3154 2197,3153 2237,3153 2277,3153 2317,3153 2357,3153 2397,3154 2437,3154 2478,3155 2518,3156 2558,3156 2598,3157 2638,3157 2678,3158 2718,3158 2758,3158 2798,3157 2838,3156 2879,3155"/>
                <TextEquiv>
                    <Unicode>lige forinden den er udkommet, har opkebt</Unicode>
                </TextEquiv>
            </TextLine>
            <TextLine id="r1l65" custom="readingOrder {index:64;}">
                <Coords points="2080,3206 2881,3209 2881,3174 2823,3163 2339,3179 2080,3154"/>
                <Baseline points="2085,3201 2124,3201 2164,3201 2203,3201 2243,3201 2282,3202 2322,3202 2361,3203 2401,3203 2440,3204 2480,3204 2520,3205 2559,3205 2599,3205 2638,3206 2678,3206 2717,3206 2757,3206 2796,3205 2836,3205 2876,3204"/>
                <TextEquiv>
                    <Unicode>hele Oplaget, kun er Beretning om Mar¬</Unicode>
                </TextEquiv>
            </TextLine>
            <TextLine id="r1l66" custom="readingOrder {index:65;}">
                <Coords points="2086,3271 2250,3243 2398,3268 2880,3251 2849,3217 2725,3210 2215,3221 2170,3202 2086,3222"/>
                <Baseline points="2091,3252 2130,3251 2169,3249 2208,3248 2247,3248 2287,3247 2326,3247 2365,3247 2404,3247 2443,3248 2483,3248 2522,3249 2561,3249 2600,3250 2639,3250 2679,3251 2718,3251 2757,3252 2796,3252 2835,3252 2875,3252"/>
                <TextEquiv>
                    <Unicode>grethes Aventyr med en Münchener¬</Unicode>
                </TextEquiv>
            </TextLine>
            <TextLine id="r1l67" custom="readingOrder {index:66;}">
                <Coords points="2092,3325 2099,3326 2118,3309 2132,3308 2143,3297 2162,3297 2191,3308 2210,3297 2247,3296 2247,3259 2183,3258 2172,3250 2163,3254 2152,3249 2143,3258 2113,3255 2092,3269"/>
                <Baseline points="2097,3292 2126,3288 2155,3286 2184,3286 2213,3288 2242,3291"/>
                <TextEquiv>
                    <Unicode>Literat.</Unicode>
                </TextEquiv>
            </TextLine>
            <TextLine id="r1l68" custom="readingOrder {index:67;}">
                <Coords points="2151,3360 2883,3372 2883,3316 2674,3284 2622,3314 2151,3313"/>
                <Baseline points="2156,3341 2192,3345 2228,3348 2264,3350 2300,3352 2336,3353 2372,3353 2408,3354 2444,3354 2480,3354 2517,3353 2553,3353 2589,3352 2625,3352 2661,3351 2697,3351 2733,3351 2769,3351 2805,3351 2841,3352 2878,3353"/>
                <TextEquiv>
                    <Unicode>Baronen faar det imidlertid tilfseldig¬</Unicode>
                </TextEquiv>
            </TextLine>
            <TextLine id="r1l69" custom="readingOrder {index:68;}">
                <Coords points="2079,3412 2490,3394 2896,3413 2896,3373 2851,3366 2769,3388 2678,3357 2373,3373 2080,3347"/>
                <Baseline points="2084,3393 2124,3392 2164,3392 2205,3392 2245,3392 2285,3392 2326,3393 2366,3394 2406,3394 2447,3395 2487,3396 2527,3396 2568,3397 2608,3398 2648,3399 2689,3399 2729,3400 2769,3400 2810,3401 2850,3401 2891,3401"/>
                <TextEquiv>
                    <Unicode>vis at vide. I sidste Ojeblik bilder man</Unicode>
                </TextEquiv>
            </TextLine>
            <TextLine id="r1l70" custom="readingOrder {index:69;}">
                <Coords points="2087,3462 2192,3437 2351,3462 2456,3440 2894,3466 2894,3418 2870,3411 2088,3417"/>
                <Baseline points="2093,3439 2132,3440 2172,3441 2212,3443 2252,3444 2292,3445 2331,3446 2371,3446 2411,3447 2451,3447 2491,3448 2530,3448 2570,3448 2610,3448 2650,3447 2690,3447 2729,3447 2769,3446 2809,3446 2849,3445 2889,3444"/>
                <TextEquiv>
                    <Unicode>ham dog ind, at det hele beror paa en</Unicode>
                </TextEquiv>
            </TextLine>
            <TextLine id="r1l71" custom="readingOrder {index:70;}">
                <Coords points="2089,3502 2892,3491 2826,3457 2090,3460"/>
                <Baseline points="2095,3488 2134,3488 2174,3490 2213,3490 2253,3491 2293,3492 2332,3492 2372,3493 2411,3493 2451,3494 2491,3494 2530,3494 2570,3494 2609,3494 2649,3494 2689,3493 2728,3493 2768,3492 2807,3491 2847,3490 2887,3489"/>
                <TextEquiv>
                    <Unicode>Misforstaaelse, og fastere end fer vil han</Unicode>
                </TextEquiv>
            </TextLine>
            <TextLine id="r1l72" custom="readingOrder {index:71;}">
                <Coords points="2079,3536 2871,3552 2888,3513 2266,3491 2119,3494 2079,3519"/>
                <Baseline points="2084,3534 2123,3534 2163,3535 2203,3536 2243,3536 2283,3536 2323,3537 2363,3538 2403,3538 2443,3538 2483,3538 2522,3539 2562,3539 2602,3539 2642,3539 2682,3539 2722,3538 2762,3538 2802,3538 2842,3537 2882,3536"/>
                <TextEquiv>
                    <Unicode>tro paa sin Margrethes grundmurede Dyd.</Unicode>
                </TextEquiv>
            </TextLine>
            <TextLine id="r1l73" custom="readingOrder {index:72;}">
                <Coords points="2087,3582 2693,3597 2778,3568 2844,3598 2881,3594 2882,3552 2677,3546 2603,3571 2494,3540 2266,3540 2087,3562"/>
                <Baseline points="2092,3581 2131,3581 2170,3581 2209,3581 2248,3581 2288,3582 2327,3583 2366,3583 2405,3584 2444,3585 2484,3585 2523,3586 2562,3586 2601,3587 2640,3587 2680,3587 2719,3587 2758,3587 2797,3586 2836,3586 2876,3585"/>
                <TextEquiv>
                    <Unicode>Fra den bekendte Samling „Anatol“ ved</Unicode>
                </TextEquiv>
            </TextLine>
            <TextLine id="r1l74" custom="readingOrder {index:73;}">
                <Coords points="2082,3647 2298,3628 2891,3645 2891,3595 2860,3591 2083,3594"/>
                <Baseline points="2087,3629 2129,3630 2171,3630 2213,3630 2255,3630 2297,3630 2339,3630 2381,3631 2423,3631 2465,3631 2507,3631 2549,3632 2591,3632 2633,3632 2675,3633 2717,3633 2759,3633 2801,3634 2843,3635 2886,3636"/>
                <TextEquiv>
                    <Unicode>man, at Jehnitzler kan verre en meget</Unicode>
                </TextEquiv>
            </TextLine>
            <TextLine id="r1l75" custom="readingOrder {index:74;}">
                <Coords points="2091,3680 2131,3699 2332,3675 2715,3700 2766,3678 2766,3655 2697,3639 2428,3657 2299,3627 2265,3652 2092,3644"/>
                <Baseline points="2097,3672 2130,3673 2163,3674 2196,3674 2229,3675 2262,3675 2295,3675 2329,3676 2362,3676 2395,3676 2428,3676 2461,3676 2494,3676 2527,3676 2561,3676 2594,3676 2627,3676 2660,3677 2693,3677 2726,3677 2760,3677"/>
                <TextEquiv>
                    <Unicode>vittig Mand. Han er det ogsaa ker.</Unicode>
                </TextEquiv>
            </TextLine>
            <TextLine id="r1l76" custom="readingOrder {index:75;}">
                <Coords points="2156,3722 2814,3748 2888,3727 2888,3695 2743,3686 2157,3693"/>
                <Baseline points="2162,3725 2198,3725 2234,3724 2270,3723 2306,3723 2342,3723 2378,3723 2414,3723 2450,3724 2486,3724 2522,3724 2558,3725 2594,3726 2630,3726 2666,3727 2702,3727 2738,3728 2774,3728 2810,3728 2846,3728 2883,3728"/>
                <TextEquiv>
                    <Unicode>„Deutsehes Theater“s bedste Tropper</Unicode>
                </TextEquiv>
            </TextLine>
            <TextLine id="r1l77" custom="readingOrder {index:76;}">
                <Coords points="2093,3779 2882,3785 2882,3745 2833,3739 2093,3741"/>
                <Baseline points="2098,3769 2139,3770 2180,3770 2221,3770 2262,3770 2303,3771 2344,3771 2385,3771 2426,3771 2467,3772 2508,3772 2549,3772 2590,3773 2631,3773 2672,3773 2713,3774 2754,3774 2795,3775 2836,3776 2877,3776"/>
                <TextEquiv>
                    <Unicode>er naturligvis i Ilden. Bassermann var</Unicode>
                </TextEquiv>
            </TextLine>
            <TextLine id="r1l78" custom="readingOrder {index:77;}">
                <Coords points="2088,3833 2757,3838 2801,3814 2893,3833 2893,3789 2834,3780 2238,3793 2088,3762"/>
                <Baseline points="2093,3820 2132,3819 2172,3818 2212,3818 2252,3817 2291,3817 2331,3817 2371,3817 2411,3817 2450,3817 2490,3817 2530,3817 2570,3818 2609,3818 2649,3819 2689,3819 2729,3820 2768,3820 2808,3821 2848,3822 2888,3822"/>
                <TextEquiv>
                    <Unicode>Digteren i det tredje og Baronen i det</Unicode>
                </TextEquiv>
            </TextLine>
            <TextLine id="r1l79" custom="readingOrder {index:78;}">
                <Coords points="2092,3870 2887,3879 2887,3835 2771,3829 2404,3829 2371,3851 2214,3822 2092,3843"/>
                <Baseline points="2097,3867 2136,3868 2175,3868 2214,3868 2254,3868 2293,3868 2332,3867 2371,3867 2411,3867 2450,3867 2489,3867 2528,3867 2568,3867 2607,3867 2646,3867 2685,3867 2725,3867 2764,3867 2803,3868 2842,3868 2882,3869"/>
                <TextEquiv>
                    <Unicode>fjerde Stykke, Max Reiphardt spiller</Unicode>
                </TextEquiv>
            </TextLine>
            <TextLine id="r1l80" custom="readingOrder {index:79;}">
                <Coords points="2087,3937 2337,3912 2469,3941 2498,3917 2548,3938 2640,3918 2884,3932 2864,3889 2759,3873 2087,3891"/>
                <Baseline points="2092,3913 2131,3914 2170,3914 2210,3915 2249,3915 2288,3915 2328,3914 2367,3914 2406,3914 2446,3914 2485,3914 2524,3914 2564,3914 2603,3914 2642,3914 2682,3915 2721,3916 2760,3917 2800,3918 2839,3920 2879,3922"/>
                <TextEquiv>
                    <Unicode>Rodemacher, Irene Triesch Pauline og</Unicode>
                </TextEquiv>
            </TextLine>
            <TextLine id="r1l81" custom="readingOrder {index:80;}">
                <Coords points="2082,3980 2106,3978 2117,3986 2145,3972 2181,3974 2227,3960 2257,3972 2285,3967 2318,3976 2318,3939 2292,3942 2256,3922 2172,3932 2160,3921 2131,3921 2109,3925 2095,3938 2081,3936"/>
                <Baseline points="2087,3958 2112,3958 2137,3959 2162,3959 2187,3959 2212,3958 2237,3958 2262,3957 2287,3956 2313,3955"/>
                <TextEquiv>
                    <Unicode>Margrethe.</Unicode>
                </TextEquiv>
            </TextLine>
            <TextLine id="r1l82" custom="readingOrder {index:81;}">
                <Coords points="2541,4011 2613,4041 2676,4036 2700,4047 2733,4030 2817,4023 2816,3998 2798,4004 2755,3982 2705,3991 2661,3982 2646,3992 2602,3962 2541,3985"/>
                <Baseline points="2546,4020 2572,4021 2599,4023 2625,4023 2652,4025 2679,4025 2705,4026 2732,4026 2758,4025 2785,4025 2812,4023"/>
                <TextEquiv>
                    <Unicode>Theatrophil.</Unicode>
                </TextEquiv>
            </TextLine>
            <TextLine id="r1l83" custom="readingOrder {index:82;}">
                <Coords points="2831,4114 2846,4118 2852,4114 2868,4125 2883,4119 2896,4123 2911,4109 2942,4111 2944,4069 2905,4072 2880,4059 2863,4061 2846,4047 2834,4050"/>
                <Baseline points="2837,4092 2862,4094 2887,4096 2912,4096 2937,4098"/>
                <TextEquiv>
                    <Unicode>Sahn rchesieen</Unicode>
                </TextEquiv>
            </TextLine>
            <TextEquiv>
                <Unicode>Elsker, Maleren Leonardo, hun i Grun¬
den ikke bryder sig om. Agtemanden
kommer pludselig hjem, den trolese Hu¬
stru tilstaar sin Brede for ham og dreber
for hans Ojne den unge Mand, med hvem
hun har bedraget ham.
Men medens hun svinger Dolkon, ser
Manden i hende ikke den angrende Hustra,
men den ypperlige Model til et Billedo.
Medens Leonardo raller paa Gulvet i Deds¬
kampen, griber Remigio Pensel og Palet
og maler Hustruen. Saaledes er Mandene,
siger Schnitzler. Og da Drommen er
svundet, og Fru Paola atter er bleven
Fru Pauline, havner hun sit Kon paa
Mrendene vod as bevilge Kurmageren,
der i Grunden er hendo temmelig lige¬
gyidig, det begeerede Mede.
„De eidste Masker“ foregaar paa et
Hospitel, som Schnitzler, der selv har
studeret Mediein, forstaar at tegne med
megen Nejagtighed. Den udt#erede deende
Journalist Karl Rademacher vil, fer han
forlader Livet, fortselle sin Ungdoms¬
kammerat Alexander Weihgast, der er
Ablevc1 en beremt Digter, hvilken hul,
elendig Fyr hau er, og hvor hans Suk¬
ces’er or ufortiente. Ja, han vil endogena
afslere ham haus huslige Ulykke ved at
fortselle ham, at haus Hustru bedrager
ham. Som on Slags Generalpreve spiller
han forinden Digterens Komme hele Sce¬
nen sammen med en vigtig, brystsyg
Skuespiller, der ligger paa samme Stue
som han.
Men da saa Weihgast kommer,
Journalisten rigtig ser, hvor tom, hvor
intetsigende, hvor latterlig han er i al
sin greenselese Forfeengelighed og Dum¬
bed, saa gider han ikke heevne sig paa en
eaadant Karikatur. Digterens hele Liv,
der beror paa en eneste stor Legn,
veebner Journalisten. Han finder ikke
mere sin egen Skeebne saa utaalelig og
„Literatur“ er 1 Modsetning til de
andre tre Stykker en ren og skeer Farce,
som det synes nogel i Smag med Gustav
Wieds Satyrspil. Stykkets kvindelige
Hovedperson, den unge, kenne, flotte Fru
Margrethe, har en „Fortid“. Hun var gift
med en Spidsborger, har gjort sig fri, er
(bleven Digterinde, har i München moret
(sig i Bohemekredse, men vil nu atter ind
1i roligere og mere betryggende Forhold
ved at vandre til Alteret med en ind¬
skreenket adelig Sportsmand Baron Clemens.
Denne vil ikke have, at hans Hustru
fremtidig skal skrive Beger som fer. Han
finder, at det er plebejish at selge Op¬
levelser, selv om de kun er opfundne, 1
Form af Beger til Folk. Han aner ikke,
at Oplevelsorne kun er altfor sande, og
at en feerdigtrykt Bog, af hvilken han,
lige forinden den er udkommet, har opkebt
hele Oplaget, kun er Beretning om Mar¬
grethes Aventyr med en Münchener¬
Literat.
Baronen faar det imidlertid tilfseldig¬
vis at vide. I sidste Ojeblik bilder man
ham dog ind, at det hele beror paa en
Misforstaaelse, og fastere end fer vil han
tro paa sin Margrethes grundmurede Dyd.
Fra den bekendte Samling „Anatol“ ved
man, at Jehnitzler kan verre en meget
vittig Mand. Han er det ogsaa ker.
„Deutsehes Theater“s bedste Tropper
er naturligvis i Ilden. Bassermann var
Digteren i det tredje og Baronen i det
fjerde Stykke, Max Reiphardt spiller
Rodemacher, Irene Triesch Pauline og
Margrethe.
Theatrophil.
Sahn rchesieen</Unicode>
            </TextEquiv>
        </TextRegion>
        <TextRegion orientation="0.0" id="r2" custom="readingOrder {index:1;}">
            <Coords points="3210,3991 3210,4148 3389,4148 3389,3991"/>
            <TextLine id="r2l1" custom="readingOrder {index:0;}">
                <Coords points="3204,4100 3215,4098 3241,4112 3331,4098 3377,4112 3394,4106 3396,4051 3374,4045 3315,4060 3303,4071 3270,4047 3241,4058 3206,4055"/>
                <Baseline points="3210,4091 3235,4092 3261,4093 3286,4094 3312,4094 3337,4095 3363,4096 3389,4098"/>
                <TextEquiv>
                    <Unicode> d </Unicode>
                </TextEquiv>
            </TextLine>
            <TextEquiv>
                <Unicode> d </Unicode>
            </TextEquiv>
        </TextRegion>
    </Page>
</PcGts>
