<?xml version="1.0" encoding="UTF-8" standalone="yes"?>
<PcGts xmlns="http://schema.primaresearch.org/PAGE/gts/pagecontent/2013-07-15" xmlns:xsi="http://www.w3.org/2001/XMLSchema-instance" xsi:schemaLocation="http://schema.primaresearch.org/PAGE/gts/pagecontent/2013-07-15 http://schema.primaresearch.org/PAGE/gts/pagecontent/2013-07-15/pagecontent.xsd">
    <Metadata>
        <Creator>prov=University of Rostock/Institute of Mathematics/CITlab/Gundram Leifert/gundram.leifert@uni-rostock.de:name=ONB_Newseye_GT_M1+(htr_id=10810)::::v=2.4.2
prov=University of Rostock/Institute of Mathematics/CITlab/Tobias Gruening/tobias.gruening@uni-rostock.de:name=de.uros.citlab.module.baseline2polygon.B2PSeamMultiOriented:v=2.4.2
prov=University of Rostock/Institute of Mathematics/CITlab/Tobias Gruening/tobias.gruening@uni-rostock.de:name=/mnt/transkribus/LA/DEA/URO/LA_news_onb_att.pb:de.uros.citlab.segmentation.CITlab_LA_ML:v=2.4.2
Transkribus</Creator>
        <Created>2019-10-07T11:34:24.727+02:00</Created>
        <LastChange>2019-10-08T14:45:13.989+02:00</LastChange>
        <TranskribusMetadata docId="223975" pageId="9500975" pageNr="216" tsid="16593524" status="IN_PROGRESS" userId="40391" imgUrl="https://files.transkribus.eu/Get?id=HFOKOVGNTBXZEGUXFIWYZGNO&amp;fileType=view" xmlUrl="https://files.transkribus.eu/Get?id=CWCXSZWJVZXPOZUAQDVGEDKJ" imageId="6191197"/>
    </Metadata>
    <Page imageFilename="223975_0216.jpeg" imageWidth="3436" imageHeight="4320">
        <ReadingOrder>
            <OrderedGroup id="ro_1711449772243" caption="Regions reading order">
                <RegionRefIndexed index="0" regionRef="r1"/>
                <RegionRefIndexed index="1" regionRef="r2"/>
            </OrderedGroup>
        </ReadingOrder>
        <TextRegion orientation="0.0" id="r1" custom="readingOrder {index:0;}">
            <Coords points="252,163 252,317 266,317 266,163"/>
            <TextLine id="r1l1" custom="readingOrder {index:0;}">
                <Coords points="253,303 260,300 267,301 273,292 276,294 285,291 265,220 255,223 248,236 235,240"/>
                <Baseline points="252,267 266,263"/>
                <TextEquiv>
                    <Unicode>*</Unicode>
                </TextEquiv>
            </TextLine>
            <TextEquiv>
                <Unicode>*</Unicode>
            </TextEquiv>
        </TextRegion>
        <TextRegion orientation="0.0" id="r2" custom="readingOrder {index:1;}">
            <Coords points="289,218 289,3398 2521,3398 2521,218"/>
            <TextLine id="r2l1" custom="readingOrder {index:0;}">
                <Coords points="2090,262 2264,251 2381,267 2471,251 2498,268 2530,256 2531,180 2463,194 2431,179 2359,199 2339,188 2279,225 2250,204 2211,214 2091,184"/>
                <Baseline points="2101,244 2127,245 2153,245 2179,246 2206,247 2232,248 2258,249 2284,250 2311,250 2337,251 2363,251 2389,251 2416,251 2442,250 2468,249 2494,247 2521,244"/>
                <TextEquiv>
                    <Unicode>box 21/2</Unicode>
                </TextEquiv>
            </TextLine>
            <TextLine id="r2l2" custom="readingOrder {index:1;}">
                <Coords points="278,264 522,310 1937,275 1937,205 1734,184 1541,250 1339,194 278,211"/>
                <Baseline points="289,252 370,258 452,263 534,267 616,270 698,271 780,273 861,273 943,273 1025,272 1107,271 1189,270 1271,269 1353,268 1434,267 1516,266 1598,265 1680,265 1762,266 1844,267 1926,269"/>
                <TextEquiv>
                    <Unicode>16.1. Lebendige Stunden Zyklus</Unicode>
                </TextEquiv>
            </TextLine>
            <TextLine id="r2l3" custom="readingOrder {index:2;}">
                <Coords points="1292,1425 1398,1455 1434,1425 1532,1425 1560,1446 1645,1429 1974,1457 1975,1385 1941,1376 1765,1358 1742,1378 1633,1380 1576,1356 1529,1378 1294,1341"/>
                <Baseline points="1302,1418 1335,1419 1368,1419 1401,1420 1434,1420 1467,1421 1500,1421 1534,1422 1567,1422 1600,1422 1633,1423 1666,1423 1699,1424 1732,1424 1766,1425 1799,1426 1832,1427 1865,1429 1898,1430 1931,1432 1965,1434"/>
                <TextEquiv>
                    <Unicode>Theater=Korrespondenz.</Unicode>
                </TextEquiv>
            </TextLine>
            <TextLine id="r2l4" custom="readingOrder {index:3;}">
                <Coords points="1004,1571 2041,1621 2141,1614 2143,1550 1004,1545"/>
                <Baseline points="1014,1574 1069,1577 1125,1579 1181,1581 1237,1583 1293,1585 1349,1586 1405,1588 1461,1589 1517,1590 1573,1591 1628,1592 1684,1593 1740,1594 1796,1595 1852,1597 1908,1598 1964,1600 2020,1602 2076,1603 2132,1606"/>
                <TextEquiv>
                    <Unicode>Das Theatergeschäft und der Theaterschriftsteller.</Unicode>
                </TextEquiv>
            </TextLine>
            <TextLine id="r2l5" custom="readingOrder {index:4;}">
                <Coords points="1002,1627 1337,1673 1401,1639 1654,1682 1800,1650 2332,1675 2333,1634 2188,1607 1003,1580"/>
                <Baseline points="1012,1625 1077,1629 1143,1633 1208,1635 1274,1637 1339,1640 1405,1641 1470,1642 1536,1643 1601,1644 1667,1645 1733,1646 1798,1646 1864,1647 1929,1648 1995,1650 2060,1651 2126,1653 2191,1655 2257,1658 2323,1661"/>
                <TextEquiv>
                    <Unicode>Lessing=Theater. Ueber den Wassern. Drama in drei Aufzügen¬</Unicode>
                </TextEquiv>
            </TextLine>
            <TextLine id="r2l6" custom="readingOrder {index:5;}">
                <Coords points="919,1686 990,1693 1026,1680 1039,1695 1121,1708 1199,1694 1241,1716 1297,1700 1299,1653 1269,1648 1225,1663 1170,1648 1145,1660 1078,1655 1023,1633 998,1650 971,1649 921,1623"/>
                <Baseline points="930,1682 955,1682 981,1682 1006,1683 1032,1684 1057,1685 1083,1686 1109,1688 1134,1689 1160,1690 1185,1691 1211,1692 1236,1692 1262,1692 1288,1691"/>
                <TextEquiv>
                    <Unicode>von Georg Engel.</Unicode>
                </TextEquiv>
            </TextLine>
            <TextLine id="r2l7" custom="readingOrder {index:6;}">
                <Coords points="1000,1745 2178,1780 2323,1740 1449,1693 1000,1717"/>
                <Baseline points="1010,1737 1075,1739 1140,1742 1205,1743 1270,1745 1335,1747 1400,1749 1465,1750 1530,1751 1595,1753 1661,1754 1726,1755 1791,1756 1856,1758 1921,1759 1986,1760 2051,1761 2116,1762 2181,1763 2246,1765 2312,1766"/>
                <TextEquiv>
                    <Unicode>Deutsches Theater: Drei Einakter: Puß, eine Kindergeschichte</Unicode>
                </TextEquiv>
            </TextLine>
            <TextLine id="r2l8" custom="readingOrder {index:7;}">
                <Coords points="917,1790 2319,1835 2291,1779 918,1743"/>
                <Baseline points="928,1787 997,1790 1066,1793 1135,1796 1204,1798 1273,1800 1342,1802 1411,1804 1480,1805 1549,1807 1618,1808 1687,1810 1756,1810 1825,1812 1894,1813 1963,1814 2032,1815 2101,1816 2170,1818 2239,1819 2308,1821"/>
                <TextEquiv>
                    <Unicode>Ecelesia triumphuns, eine Ehegeschichte. Vollsaufklärung, eine Komödie.</Unicode>
                </TextEquiv>
            </TextLine>
            <TextLine id="r2l9" custom="readingOrder {index:8;}">
                <Coords points="916,1856 2332,1903 2333,1852 2211,1823 917,1809"/>
                <Baseline points="927,1845 996,1846 1066,1848 1136,1849 1206,1851 1275,1853 1345,1854 1415,1856 1485,1858 1554,1859 1624,1861 1694,1862 1764,1864 1833,1866 1903,1867 1973,1869 2043,1870 2112,1872 2182,1874 2252,1875 2322,1877"/>
                <TextEquiv>
                    <Unicode>Von Max Dreyer. — Lebendige Stunden: Die Frau mit dem Dolche,</Unicode>
                </TextEquiv>
            </TextLine>
            <TextLine id="r2l10" custom="readingOrder {index:9;}">
                <Coords points="913,1904 970,1914 1013,1898 1092,1927 1146,1911 1166,1926 1189,1912 1320,1925 1367,1914 1368,1857 1288,1874 1186,1859 1140,1876 1075,1857 914,1859"/>
                <Baseline points="924,1895 949,1896 974,1898 1000,1898 1025,1899 1051,1900 1076,1900 1101,1900 1127,1901 1152,1901 1178,1901 1203,1902 1228,1902 1254,1903 1279,1904 1305,1904 1330,1906 1356,1907"/>
                <TextEquiv>
                    <Unicode>von Arthur Schnitzler.</Unicode>
                </TextEquiv>
            </TextLine>
            <TextLine id="r2l11" custom="readingOrder {index:10;}">
                <Coords points="999,1975 2214,2008 2332,1977 2332,1942 2056,1913 1527,1947 1000,1905"/>
                <Baseline points="1010,1957 1075,1958 1141,1960 1206,1961 1272,1962 1338,1964 1403,1965 1469,1966 1534,1967 1600,1969 1666,1970 1731,1971 1797,1972 1862,1973 1928,1974 1993,1975 2059,1976 2125,1977 2190,1977 2256,1978 2322,1979"/>
                <TextEquiv>
                    <Unicode>Jüngst ist die Behauptung ausgesprochen worden, daß Deutschlands</Unicode>
                </TextEquiv>
            </TextLine>
            <TextLine id="r2l12" custom="readingOrder {index:11;}">
                <Coords points="909,2018 2326,2045 2294,1985 910,1981"/>
                <Baseline points="920,2006 989,2008 1059,2010 1129,2012 1199,2013 1269,2014 1338,2016 1408,2017 1478,2018 1548,2019 1618,2020 1687,2021 1757,2023 1827,2024 1897,2025 1967,2027 2036,2028 2106,2030 2176,2032 2246,2033 2316,2035"/>
                <TextEquiv>
                    <Unicode>dramatische Dichtung „in den letzten Jahrzehnten durch den politischen und</Unicode>
                </TextEquiv>
            </TextLine>
            <TextLine id="r2l13" custom="readingOrder {index:12;}">
                <Coords points="908,2062 2312,2120 2291,2046 1609,2060 909,2007"/>
                <Baseline points="918,2055 987,2058 1056,2061 1125,2063 1194,2065 1264,2068 1333,2069 1402,2071 1471,2073 1540,2074 1610,2075 1679,2076 1748,2078 1817,2079 1886,2081 1956,2082 2025,2083 2094,2084 2163,2086 2232,2087 2302,2089"/>
                <TextEquiv>
                    <Unicode>kulturellen Aufschwung der Nation ... das Reich ihres Wirkens in be¬</Unicode>
                </TextEquiv>
            </TextLine>
            <TextLine id="r2l14" custom="readingOrder {index:13;}">
                <Coords points="905,2133 2157,2168 2311,2158 2312,2119 906,2061"/>
                <Baseline points="915,2114 984,2116 1053,2118 1122,2120 1192,2121 1261,2122 1330,2124 1400,2126 1469,2127 1538,2128 1608,2129 1677,2131 1746,2132 1815,2133 1885,2135 1954,2136 2023,2137 2093,2138 2162,2139 2231,2141 2301,2142"/>
                <TextEquiv>
                    <Unicode>deutsamer Weise erweitert und sich mit neuen künstlerischen Formen zu¬</Unicode>
                </TextEquiv>
            </TextLine>
            <TextLine id="r2l15" custom="readingOrder {index:14;}">
                <Coords points="911,2170 2276,2218 2320,2165 912,2135"/>
                <Baseline points="921,2172 990,2174 1059,2175 1129,2176 1198,2178 1268,2179 1337,2180 1406,2182 1476,2183 1545,2184 1615,2185 1684,2186 1753,2187 1823,2188 1892,2190 1962,2191 2031,2192 2100,2193 2170,2194 2239,2195 2309,2197"/>
                <TextEquiv>
                    <Unicode>gleich auch neue, tief in das Leben des Volkes eindringende Stoff¬</Unicode>
                </TextEquiv>
            </TextLine>
            <TextLine id="r2l16" custom="readingOrder {index:15;}">
                <Coords points="914,2236 2332,2276 2333,2202 915,2174"/>
                <Baseline points="924,2225 997,2226 1071,2228 1144,2229 1218,2231 1292,2232 1365,2234 1439,2235 1513,2237 1586,2238 1660,2239 1733,2240 1807,2241 1881,2242 1954,2243 2028,2244 2102,2244 2175,2245 2249,2245 2323,2245"/>
                <TextEquiv>
                    <Unicode>gebiete erobert“ hat. Und man hat ferner gemeint: „Die gedeihliche¬</Unicode>
                </TextEquiv>
            </TextLine>
            <TextLine id="r2l17" custom="readingOrder {index:16;}">
                <Coords points="907,2277 2265,2327 2316,2266 907,2243"/>
                <Baseline points="916,2276 985,2278 1054,2279 1124,2281 1193,2282 1263,2283 1332,2285 1401,2286 1471,2287 1540,2288 1610,2290 1679,2291 1748,2292 1818,2293 1887,2294 1957,2296 2026,2297 2095,2298 2165,2300 2234,2301 2304,2302"/>
                <TextEquiv>
                    <Unicode>Fortentwicklung des deutschen Dramßs erscheint heute nicht blos als eine</Unicode>
                </TextEquiv>
            </TextLine>
            <TextLine id="r2l18" custom="readingOrder {index:17;}">
                <Coords points="899,2341 2313,2388 2314,2322 899,2298"/>
                <Baseline points="909,2333 978,2334 1048,2334 1118,2335 1187,2336 1257,2338 1327,2339 1396,2340 1466,2342 1536,2343 1606,2345 1675,2346 1745,2348 1815,2349 1884,2350 1954,2352 2024,2353 2093,2354 2163,2355 2233,2355 2303,2356"/>
                <TextEquiv>
                    <Unicode>Förderung schöngeistiger Interessen, sondern weithingreifend als eine Frage</Unicode>
                </TextEquiv>
            </TextLine>
            <TextLine id="r2l19" custom="readingOrder {index:18;}">
                <Coords points="899,2380 2316,2413 2316,2374 2214,2362 900,2345"/>
                <Baseline points="909,2385 978,2387 1048,2389 1118,2391 1188,2392 1258,2393 1327,2394 1397,2396 1467,2396 1537,2397 1607,2398 1676,2399 1746,2400 1816,2401 1886,2402 1956,2403 2025,2404 2095,2405 2165,2408 2235,2409 2305,2411"/>
                <TextEquiv>
                    <Unicode>des Volkswohls.“ Hier wird also die Behauptung ausgesprochen, daß im</Unicode>
                </TextEquiv>
            </TextLine>
            <TextLine id="r2l20" custom="readingOrder {index:19;}">
                <Coords points="903,2438 2298,2484 2318,2433 903,2401"/>
                <Baseline points="913,2440 982,2440 1052,2441 1122,2442 1191,2443 1261,2444 1331,2445 1400,2446 1470,2447 1540,2448 1610,2450 1679,2451 1749,2452 1819,2454 1888,2455 1958,2457 2028,2459 2097,2461 2167,2463 2237,2465 2307,2468"/>
                <TextEquiv>
                    <Unicode>Allgemeinen politischer und wirthschaftlicher Aufschwung auch einen solchen</Unicode>
                </TextEquiv>
            </TextLine>
            <TextLine id="r2l21" custom="readingOrder {index:20;}">
                <Coords points="895,2498 2309,2539 2310,2477 895,2445"/>
                <Baseline points="905,2493 974,2495 1044,2497 1114,2498 1183,2500 1253,2501 1323,2502 1392,2503 1462,2504 1532,2505 1602,2506 1671,2507 1741,2508 1811,2509 1880,2510 1950,2511 2020,2512 2089,2513 2159,2514 2229,2516 2299,2517"/>
                <TextEquiv>
                    <Unicode>in künstlerischer und speziell in dramatischer Beziehung im Gefolge hat und</Unicode>
                </TextEquiv>
            </TextLine>
            <TextLine id="r2l22" custom="readingOrder {index:21;}">
                <Coords points="894,2542 976,2582 1164,2550 2204,2592 2320,2534 895,2505"/>
                <Baseline points="905,2545 975,2548 1045,2550 1115,2552 1185,2554 1255,2556 1325,2557 1396,2558 1466,2559 1536,2560 1606,2561 1676,2562 1746,2562 1816,2563 1887,2563 1957,2564 2027,2565 2097,2566 2167,2567 2237,2568 2308,2570"/>
                <TextEquiv>
                    <Unicode>daß dies im Besonderen im neuen Deutschland der Fall gewesen ist. Und</Unicode>
                </TextEquiv>
            </TextLine>
            <TextLine id="r2l23" custom="readingOrder {index:22;}">
                <Coords points="905,2612 2265,2637 2309,2586 906,2567"/>
                <Baseline points="915,2600 984,2601 1053,2602 1122,2603 1191,2605 1260,2606 1329,2607 1399,2608 1468,2609 1537,2610 1606,2611 1675,2613 1744,2614 1813,2615 1883,2617 1952,2619 2021,2620 2090,2622 2159,2624 2228,2626 2298,2628"/>
                <TextEquiv>
                    <Unicode>es wird ferner die zweite allgemeine Behauptung hingestellt, daß die</Unicode>
                </TextEquiv>
            </TextLine>
            <TextLine id="r2l24" custom="readingOrder {index:23;}">
                <Coords points="899,2664 2312,2679 2224,2626 900,2613"/>
                <Baseline points="909,2656 978,2657 1048,2658 1117,2659 1187,2660 1257,2661 1326,2662 1396,2663 1465,2664 1535,2666 1605,2667 1674,2668 1744,2669 1813,2670 1883,2671 1953,2673 2022,2674 2092,2675 2161,2676 2231,2677 2301,2677"/>
                <TextEquiv>
                    <Unicode>künstlerische Kultur dem „Volkswohl“, also doch wohl auch dem Staats¬</Unicode>
                </TextEquiv>
            </TextLine>
            <TextLine id="r2l25" custom="readingOrder {index:24;}">
                <Coords points="891,2712 2312,2735 2149,2677 892,2675"/>
                <Baseline points="901,2709 971,2710 1041,2711 1111,2712 1181,2713 1251,2714 1321,2715 1391,2716 1461,2717 1531,2718 1601,2719 1671,2720 1741,2722 1811,2723 1881,2724 1951,2726 2021,2727 2091,2729 2161,2730 2231,2732 2301,2734"/>
                <TextEquiv>
                    <Unicode>bestand und der Staatsentwicklung dient. Das berührte Problem ist</Unicode>
                </TextEquiv>
            </TextLine>
            <TextLine id="r2l26" custom="readingOrder {index:25;}">
                <Coords points="890,2766 2302,2812 2303,2744 890,2727"/>
                <Baseline points="900,2766 969,2767 1039,2767 1108,2768 1178,2769 1248,2770 1317,2770 1387,2771 1457,2773 1526,2774 1596,2775 1666,2776 1735,2777 1805,2779 1875,2780 1944,2781 2014,2782 2084,2783 2153,2784 2223,2785 2293,2786"/>
                <TextEquiv>
                    <Unicode>wichtig genug, auch einmal an dieser Stelle erörtert zu werden. Und das</Unicode>
                </TextEquiv>
            </TextLine>
            <TextLine id="r2l27" custom="readingOrder {index:26;}">
                <Coords points="889,2827 2304,2839 2223,2795 890,2772"/>
                <Baseline points="900,2817 969,2818 1039,2819 1109,2820 1178,2821 1248,2823 1318,2824 1387,2825 1457,2826 1527,2827 1597,2829 1666,2830 1736,2831 1806,2832 1875,2833 1945,2835 2015,2836 2084,2837 2154,2838 2224,2840 2294,2841"/>
                <TextEquiv>
                    <Unicode>Recht der Erörterung besteht um so mehr, als ich dadurch — wie meine</Unicode>
                </TextEquiv>
            </TextLine>
            <TextLine id="r2l28" custom="readingOrder {index:27;}">
                <Coords points="890,2872 2253,2914 2301,2868 890,2829"/>
                <Baseline points="900,2867 969,2869 1039,2872 1108,2873 1178,2875 1247,2876 1317,2877 1386,2878 1456,2879 1525,2880 1595,2881 1664,2882 1734,2883 1803,2884 1873,2885 1942,2887 2012,2888 2081,2890 2151,2893 2220,2896 2290,2899"/>
                <TextEquiv>
                    <Unicode>Leser schließlich sehen werden — ein ganz bestimmtes praktisches Resultat,</Unicode>
                </TextEquiv>
            </TextLine>
            <TextLine id="r2l29" custom="readingOrder {index:28;}">
                <Coords points="889,2923 1591,2966 2209,2963 2306,2924 890,2871"/>
                <Baseline points="899,2927 968,2927 1038,2927 1108,2927 1178,2928 1248,2929 1318,2930 1387,2931 1457,2933 1527,2934 1597,2937 1667,2938 1737,2940 1807,2942 1876,2944 1946,2946 2016,2947 2086,2949 2156,2950 2226,2951 2296,2951"/>
                <TextEquiv>
                    <Unicode>ein tieferes, eindringenderes Verständniß für das Wesen des modernen</Unicode>
                </TextEquiv>
            </TextLine>
            <TextLine id="r2l30" custom="readingOrder {index:29;}">
                <Coords points="885,2977 2297,3036 2260,2955 886,2930"/>
                <Baseline points="896,2978 965,2981 1035,2983 1104,2985 1174,2986 1244,2988 1313,2989 1383,2990 1452,2991 1522,2991 1592,2992 1661,2993 1731,2993 1800,2994 1870,2995 1940,2996 2009,2998 2079,2999 2148,3001 2218,3003 2288,3005"/>
                <TextEquiv>
                    <Unicode>Theatergetriebes nicht nur, sondern auch für den Zustand der modernen</Unicode>
                </TextEquiv>
            </TextLine>
            <TextLine id="r2l31" custom="readingOrder {index:30;}">
                <Coords points="886,3034 1070,3063 1146,3044 1244,3064 1640,3057 1641,2997 1532,3022 1223,2988 1147,3009 1116,2990 887,3005"/>
                <Baseline points="897,3028 933,3029 970,3031 1006,3033 1043,3034 1080,3035 1116,3036 1153,3037 1189,3037 1226,3038 1263,3038 1299,3039 1336,3039 1372,3039 1409,3040 1446,3040 1482,3041 1519,3041 1555,3041 1592,3042 1629,3042"/>
                <TextEquiv>
                    <Unicode>dramatischen Dichterseele erreichen will.</Unicode>
                </TextEquiv>
            </TextLine>
            <TextLine id="r2l32" custom="readingOrder {index:31;}">
                <Coords points="979,3099 2298,3104 2225,3058 1862,3076 1679,3034 1522,3068 980,3052"/>
                <Baseline points="989,3088 1057,3089 1125,3091 1194,3092 1262,3094 1330,3096 1399,3097 1467,3099 1535,3100 1604,3101 1672,3102 1741,3103 1809,3104 1877,3106 1946,3106 2014,3108 2082,3108 2151,3109 2219,3110 2288,3111"/>
                <TextEquiv>
                    <Unicode>Die übrigens nicht zum ersten Mal aufgestellte Behauptung, daß die</Unicode>
                </TextEquiv>
            </TextLine>
            <TextLine id="r2l33" custom="readingOrder {index:32;}">
                <Coords points="891,3144 2258,3184 2296,3119 1033,3110 892,3072"/>
                <Baseline points="901,3141 970,3142 1039,3142 1108,3143 1177,3144 1246,3144 1315,3145 1385,3146 1454,3147 1523,3148 1592,3149 1661,3150 1730,3151 1799,3153 1869,3154 1938,3156 2007,3158 2076,3159 2145,3161 2214,3163 2284,3165"/>
                <TextEquiv>
                    <Unicode>künstlerische Entwicklung das Volkswohl weithingreifend bedinge, ist durch</Unicode>
                </TextEquiv>
            </TextLine>
            <TextLine id="r2l34" custom="readingOrder {index:33;}">
                <Coords points="882,3213 2297,3216 2214,3171 883,3147"/>
                <Baseline points="893,3196 962,3196 1032,3196 1101,3197 1171,3198 1241,3199 1310,3200 1380,3202 1450,3203 1519,3205 1589,3207 1659,3209 1728,3210 1798,3212 1868,3213 1937,3214 2007,3215 2077,3216 2146,3216 2216,3216 2286,3215"/>
                <TextEquiv>
                    <Unicode>die geschichtliche Betrachtung schwerlich zu halten. Schiller, unser Dichter</Unicode>
                </TextEquiv>
            </TextLine>
            <TextLine id="r2l35" custom="readingOrder {index:34;}">
                <Coords points="882,3257 2167,3290 2292,3271 2293,3218 882,3214"/>
                <Baseline points="893,3249 962,3251 1031,3252 1101,3253 1170,3255 1240,3256 1309,3257 1379,3258 1448,3259 1518,3261 1587,3262 1656,3263 1726,3264 1795,3265 1865,3266 1934,3266 2004,3267 2073,3268 2143,3268 2212,3269 2282,3269"/>
                <TextEquiv>
                    <Unicode>Schiller, der über diese Dinge denn doch auch ein Urtheil hatte, schreibt</Unicode>
                </TextEquiv>
            </TextLine>
            <TextLine id="r2l36" custom="readingOrder {index:35;}">
                <Coords points="877,3328 2285,3347 2298,3282 877,3278"/>
                <Baseline points="888,3308 958,3308 1028,3309 1098,3310 1168,3311 1238,3312 1308,3313 1378,3314 1448,3315 1518,3317 1588,3318 1658,3319 1728,3320 1798,3321 1868,3322 1938,3323 2008,3323 2078,3324 2148,3325 2218,3325 2288,3325"/>
                <TextEquiv>
                    <Unicode>zu dem Thema in seinen Briefen „über die ästhetische Erziehung des</Unicode>
                </TextEquiv>
            </TextLine>
            <TextLine id="r2l37" custom="readingOrder {index:36;}">
                <Coords points="869,3376 2226,3417 2305,3361 1790,3314 870,3329"/>
                <Baseline points="880,3364 950,3365 1021,3367 1092,3368 1163,3370 1233,3371 1304,3372 1375,3373 1446,3375 1516,3376 1587,3377 1658,3378 1729,3380 1799,3380 1870,3381 1941,3382 2012,3383 2082,3384 2153,3384 2224,3385 2295,3385"/>
                <TextEquiv>
                    <Unicode>Menschen": „In der That muß es Nachdenken erregen, daß man beinahe.</Unicode>
                </TextEquiv>
            </TextLine>
            <TextEquiv>
                <Unicode>box 21/2
16.1. Lebendige Stunden Zyklus
Theater=Korrespondenz.
Das Theatergeschäft und der Theaterschriftsteller.
Lessing=Theater. Ueber den Wassern. Drama in drei Aufzügen¬
von Georg Engel.
Deutsches Theater: Drei Einakter: Puß, eine Kindergeschichte
Ecelesia triumphuns, eine Ehegeschichte. Vollsaufklärung, eine Komödie.
Von Max Dreyer. — Lebendige Stunden: Die Frau mit dem Dolche,
von Arthur Schnitzler.
Jüngst ist die Behauptung ausgesprochen worden, daß Deutschlands
dramatische Dichtung „in den letzten Jahrzehnten durch den politischen und
kulturellen Aufschwung der Nation ... das Reich ihres Wirkens in be¬
deutsamer Weise erweitert und sich mit neuen künstlerischen Formen zu¬
gleich auch neue, tief in das Leben des Volkes eindringende Stoff¬
gebiete erobert“ hat. Und man hat ferner gemeint: „Die gedeihliche¬
Fortentwicklung des deutschen Dramßs erscheint heute nicht blos als eine
Förderung schöngeistiger Interessen, sondern weithingreifend als eine Frage
des Volkswohls.“ Hier wird also die Behauptung ausgesprochen, daß im
Allgemeinen politischer und wirthschaftlicher Aufschwung auch einen solchen
in künstlerischer und speziell in dramatischer Beziehung im Gefolge hat und
daß dies im Besonderen im neuen Deutschland der Fall gewesen ist. Und
es wird ferner die zweite allgemeine Behauptung hingestellt, daß die
künstlerische Kultur dem „Volkswohl“, also doch wohl auch dem Staats¬
bestand und der Staatsentwicklung dient. Das berührte Problem ist
wichtig genug, auch einmal an dieser Stelle erörtert zu werden. Und das
Recht der Erörterung besteht um so mehr, als ich dadurch — wie meine
Leser schließlich sehen werden — ein ganz bestimmtes praktisches Resultat,
ein tieferes, eindringenderes Verständniß für das Wesen des modernen
Theatergetriebes nicht nur, sondern auch für den Zustand der modernen
dramatischen Dichterseele erreichen will.
Die übrigens nicht zum ersten Mal aufgestellte Behauptung, daß die
künstlerische Entwicklung das Volkswohl weithingreifend bedinge, ist durch
die geschichtliche Betrachtung schwerlich zu halten. Schiller, unser Dichter
Schiller, der über diese Dinge denn doch auch ein Urtheil hatte, schreibt
zu dem Thema in seinen Briefen „über die ästhetische Erziehung des
Menschen": „In der That muß es Nachdenken erregen, daß man beinahe.</Unicode>
            </TextEquiv>
        </TextRegion>
    </Page>
</PcGts>
