3484 4384
1310 227 1368 300 10
2115 229 2584 327 box 21/3
314 231 1981 352 16.1. Lebendige Stun zyklus
1352 540 1827 663 Telephon 12801.—
1099 621 2214 770 Weigl’s Unternehmen für Zeitungs-Ausschnitte
1981 686 2216 760 Ausschnitt
2034 742 2293 839 Nr. 30
1215 728 1897 870 „OBSERYER‘
882 822 2342 954 I. österr. behördl. conc. Bureau für Zeitungsberichte u. Personalnachrichten
1117 889 2132 1004 Wien, IX/1, Türkenstrasse 17.
1287 964 1938 1075 — Filiale in Budapest: „Pigyelo“ -
908 1008 2332 1131 Vertretungen in Berlin, Chicago, Genf, London, Newyork, Paris, Rom, Stockholm.
917 1193 1450 1307 Ausschnitt aus:
1548 1185 2234 1342 Breslauer Zeitung
911 1319 1467 1449 gon: 7/2 /771-
1221 1546 2457 1651 H. H—r. Lobe=Theater. „Lebendige Skunden.“ Der
1164 1601 2458 1714 Schnitzlersche Einattercyklus „Lebendige Stunden" (Lebendige
1167 1657 2453 1736 Stunden — Die Frau mit dem Dolche — Die letzten Masken — Litte¬
1170 1736 2452 1804 ratur) errang bei seiner gestrigen Erstaufführung im Lobe=Theater einen
1163 1762 2457 1845 starlen, ehrlichen Erfolg. Der Beifall war am lebhaftesten und nachbrück¬
1166 1837 2444 1889 lichsten nach den be den mittelsten Stücken; nach der „Frau mit dem Dolche“.
1172 1887 2464 1955 weil hier die eigenthümliche, visionäre Form der Dichtung, die auch den
1175 1915 2463 2002 Darstellenden die meiste Gelegenheit zu künstlerischem Erfolge bietet,
1168 1973 2454 2051 das Publikum fesselte, und nach den „Letzten Masken“, weil die schlichte
1166 2019 2449 2086 und herbe Tragik dieser Dichtung am meisten ergreifen und erschüttern
1173 2071 2453 2147 mochte. Das Lustspiel am Schlusse „Litteratur“ erweckte herzliche Heiter¬
1083 2099 1162 2173 50
1160 2114 2462 2199 keit. — Schnitzler hat scheinbar in seinen vier Einaktern ein interessantes
1073 2166 2495 2245 100 fThema von möglichst viel Seiten angefaßt; in Wahrheit hat er dasselbe
1071 2210 2470 2296 200 1 Thema nur in verschiedener Form behandelt, während er gewisse Grund¬“
1063 2233 1174 2294 500
1064 2271 2459 2322 1000 bedingungen als gegeben voraussetzte, deren unbedingte innere Rothwendie
1089 2321 1159 2374 In
1170 2321 2536 2391 keit immerhin erst erwiesen werden müßte. Es dreht sich in den Dichtungen 4
1001 2363 1156 2419 bonnem
1165 2374 2444 2424 um das Verhältniß des Künstlers zum Leben, vielleicht auch nur um das
1004 2411 1162 2469 bonnen
1163 2402 2451 2491 Verhältniß von der Kunst zum Leben; um die oft erörterte Frage, wie weit
1148 2471 2455 2544 der Künstler alle Vorgänge des Lebens um sich und in sich künstlerisch
1008 2522 2444 2573 ahaltse nicht nur verwerthen darf, sondern muß; wie weit der Kunst, der die
1015 2570 2455 2628 lätt! Ewigkeit gehört, ein höheres Recht gebührt, als dem kurzen Leben, als
1020 2607 1157 2660 odurch
1154 2592 2451 2684 der einzelnen lebendigen Stunde. Zweifellos wird der echte Künstler für
1010 2651 1148 2697 eben
1155 2663 2456 2742 sich, um das oft gemißbrauchte Wort anzuwenden, alle Werthe des Lebens
1014 2684 1152 2747 heilung
1151 2718 2452 2783 umwerthen müssen; vielfach wird ihm nur Kunstmodell (im weitesten
1154 2762 2435 2843 Sinne) sein, was Anderen unüberwindliches Lebensschickfal scheint.
1150 2819 2440 2869 Schnitzler geht nun von der Voraussetzung aus, daß ein beständiger, uner¬
1154 2867 2440 2931 bittlicher Kampf zwischen Kunst und Leben bestehe, aus dem nur eines von
1148 2902 2444 2988 beiden siegreich hervorgehen könne, und er hält es ferner für das selbst¬
1143 2964 2447 3021 verständliche Recht, zuweilen auch nur für das Geschick der Kunst über
1146 3011 2448 3074 das Leben zu triumphiren. Beide Voraussetzungen dürften nicht einwands¬
1142 3046 2438 3133 frei sein. Wenn der Künstler auch Vieles von seinem Leben in der Kunst
1150 3103 2447 3189 aufgehen läßt, wenn auch die beste Kunst aus Selbsterlebtem, Selbst¬
1130 3147 2437 3238 empfundenen entspringen wird, so wird doch ein Kampf nicht immer nöthig
1143 3194 2441 3258 sein, so werden doch beide Begriffe nicht immer unvereinbar sein. Man
1140 3246 2446 3336 wird Goethes Wort „Spät erklingt, was früh erklang, Glück und Unglück
1125 3275 2446 3357 wird Gesang“ als Beweis citiren. Aber gerade Goethe, an dessen selbst¬
1124 3336 2463 3414 erlebter Kunst wohl Niemand zweifeln wird, ist der Beweis, daß es möglich,
1122 3392 2463 3469 ist, Kunst und Leben zu einheitlicher Harmonie zu gestalten; er war ein¬
1130 3458 2434 3513 Lebenskünstler, wie er ein in Kunst Lebender war. Das Verhältniß von
1125 3476 2441 3558 Kunst zum Leben und die Frage, ob dem Leben oder der Kunst größeres
1125 3553 2432 3611 Recht gebührt, ist ja in der letzten Zeit vielfach dramatisch behandelt worden:
1126 3596 2464 3672 zwei Dramen haben bei uns in Breslau besonders starke Wirkung gehabt:
1106 3629 2423 3724 d'Annunzios „Gioconda“ und Ibsens „Wenn wir Todien erwachen“. Der
1118 3703 2427 3765 Italiener läßt in fast allzu krasser Symbolik die Kunst das Leben besiegen,
1112 3742 2430 3792 die Staiue der Gioconda zermalmt die zarten Hände der Sylvia Settala.
1118 3801 2436 3845 Anders Ibfen. Der Bildhauer Rubet geht zu Grunde, auch künstlerisch
1123 3839 2434 3909 zu Grunde, weil ihm die „lebendigen Stunde“ nur eiee Epifode war, weil
1123 3899 2417 3962 er das Leben der Kunst opferte. — Von den Schnitzlerschen Einaktern be¬
1121 3927 2419 3997 handelt der erste, der dem Cyklus den Namen giebt, in schlichtester Form
1122 3984 2432 4052 das Recht der Kunst gegenüber dem Lehen. Eine Mutter kürzt ihr Leben
1137 4036 2417 4109 freiwillig um ein paar Jahre ab, damit ihr Sohn, ein Dichter, die
1119 4062 2429 4144 Schaffensfrende und Freiheit wiedererlangt, die er an ihrem mehrjährigen
1132 4143 2415 4192 Krankenlager verloren. Ein alter, treuester Freund der Mutter wirft
