3436 4224
2089 106 2527 208 box 21/2
269 119 1932 215 16. 1. Lebendige Stunden— Zyklus
153 773 674 1003 beldschmge,
160 907 421 1005 reau für
160 977 589 1081 schnitte und Verlag
152 1044 589 1141 chaftlichen Revue.
164 1081 726 1188 Auguststr. 87 part.
157 1158 534 1254 Amt III. No. 3051.
201 1178 765 1295 RAT
175 1267 439 1355 usschnitt
225 1333 327 1393 aus
175 1424 621 1540 r-Zeitung, Berlin
200 1543 790 1679 G0 GO
175 1639 873 1802 T u 7
182 1749 249 1810 20
2227 1920 2289 2011 —
2439 1935 2599 2010 S
904 1992 3328 2062 verzweifelter Stimmung, die sogar die Absicht, sich nun selbst1 fesseln vermag. Es ist völlig originell und atmet den
169 2018 696 2104 altungsblatt.
2099 2033 3306 2087 tragischen Humor, der sich schon im „Grünen Kakadik“
1614 2038 2109 2105 Indessen verfliegt diese
908 2033 1601 2108 töten zu wollen, wach werden läßt.
2104 2080 3324 2138 Schnitzler's glänzend enthüllte. Der fiebernde Jour¬
911 2086 2114 2145 Stimmung bald wieder, und das von den Herren Rein¬
163 2074 897 2145 ter. Zum ersten Male „Lebendige
2121 2125 3314 2185 nalist drängt seinen Arzt dazu, schleunigst noch einen
892 2129 2106 2195 hardt und Rittner vortrefflich gespielte Schauspielchen
367 2143 898 2213 r 1. „Lebendige
2114 2165 3322 2219 ehemaligen Kameraden und Kollegen herbeizuzitieren, dessen
899 2182 2110 2250 schließt mit einer Art von Versandung. Bizarr in der Grund¬
160 2157 909 2247 el2. „Die Frau mit dem
2125 2208 3318 2262 Name litterarisches Gewicht besitzt, aber niemals verdient
912 2208 2108 2277 Idee, verpufft die Durchführung, läßt aber den seinen
176 2211 896 2274 „Die letzten Masken“, Schau¬
2114 2261 3324 2310 hat. Der Kranke ist ein Charakter, er haßt den gesunden
907 2259 2112 2313 Stimmungs=Maler und gewandten Dialog=Künstler wieder
168 2250 899 2331 ur“, Schwank. Der Gesamt=Titel
2115 2285 3326 2351 Kameraden, der durch Charakterlosigkeit emporgekommen ist.
913 2307 2115 2363 eindrucksvoll hervortreten. Bei dem zweiten Schauspiel liegt
173 2310 907 2370 r Küche servierten Einakter=Menus, ist
2106 2332 3326 2391 Nun drängt es den Kranken, sich seine Galle vom Herzen zu
163 2360 2105 2408 mmen, welchem kein sonderlicher Wert! eine eigenartige Verschmelzung des Modernen mit der Romantik
2116 2371 3321 2443 reden, bevor er stirbt, und er thut das in einem sehr lustig
161 2393 2100 2465 h eine sehr künstliche Konstruktion der des Cinquecento vor. Das italienische Wort deutet sofort auf
2121 2434 3329 2484 herbeigeführten Probegespräch mit dem Schauspieler, der den
908 2436 2115 2500 ein Malerstücklein. Allerdings beginnt das Schauspiel mit dem
167 2436 902 2499 die den natürlichen Verhältnissen des
2112 2473 3316 2535 schlechten Kameraden vorzustellen hat. Wenn dann der
909 2477 2108 2540 Begegnis zwischen einer jungen Künstlersgattin und ihrem
167 2480 910 2552 Der einheitliche Gesamt=Titel für ein
2123 2511 3318 2565 Richtige selbst angelangt ist, bleibt der alte Journalist mit
907 2523 2112 2584 leidenschaftlichen Anbeter in einer Gemäldegalerie, und
172 2526 898 2583 aus gleicher Feder ist auch eine neue
2117 2552 3322 2610 den Vorsätzen seines Hasses alles schuldig und stirbt als stolzer
897 2563 2114 2627 zwar vor dem imposanten Bilde eines unbekannten Malers
185 2571 910 2628 Schwächen hat. Sie führt zu ver¬
2108 2597 3316 2654 Philosoph. Die Herren Reinhardt, Bassermann,
904 2606 2115 2674 aus dem 16. Jahrhundert. Das Gemälde stellt eine Dame
180 2619 906 2683 und Auslegungen von Dingen, die
2110 2639 3276 2700 Fischer und Hofmeister stellten dieses ganz hervorragen
156 2651 2119 2711 Etikette bedürfen. Bei manchem der mit einem Dolch in der Hand dar, und der Umstand gewisser
2107 2688 3336 2749 Schauspiel Schnitzler's mit den feinsten Charakterfarbes
167 2692 2108 2750 Gedanke im Kollektiv=Titel klar und  äußerer Gesichtsähnlichkeiten zwischen Bild und Beschauerin
2110 2725 3288 2786 der Lebenswahrheit dar und der Dichter durfte einen seht
160 2743 2105 2803 soll, drängt sich alsdann das alte versetzt die schöne Moderne, welche erst entschlossen ist,
2121 2766 3328 2838 schönen Triumph feiern. Auch wieder mit der letzten Nummer,
1523 2790 2107 2846 brechen und dem unge¬
908 2777 1442 2849 mit ihrem Liebhaber
155 2773 922 2839 Er Abend ist der schönste Tag meines
2122 2804 3327 2873 einer äußerst witzigen Persiflage des modernsten Streber= und
161 2827 2118 2888 gesehen, bewegt sich das Interesse an den  liebten Gatten treu zu bleiben, in einen vorübergehenden
3149 2852 3321 2922 Ireske
2121 2871 3071 2920 Uebermenschentums. Die Litteratur=Dame
1978 2869 2116 2924 zum
157 2862 1913 2927 En Arthur Schnitzler's bei der ersten Traum, aus welchem sie erwacht, um si
2117 2901 3274 2965 Triesch, der Litteratur=Herr Herr Rittner um
911 2908 2110 2962 Entschlusse der Untreue zu bekehren. Die Sache ist phantastisch¬
180 2918 878 2982 rden Dichter immer günstiger sich ge¬
2116 2942 3309 2995 ein etwas beschränkter Sport=Baron, der von
180 2954 2104 3010 Linie. Er wurde mit Hervorruten geistvoll, kann sich auf Grillparzer's „Traum ein Leben“ be¬
2120 2983 3322 3039 beiden nichts wissen will, aber von der schlauen Evä¬
910 2991 2114 3050 rüfen, entbehrt aber des hohen sittlichen Adels, der durch jede
179 3002 901 3068 u Fall stürmischer wurden und sich
2110 3027 3311 3092 Tochter dupiert und gekapert wird: Herr Bassermann¬
912 3039 2114 3099 Scene jenes gewaltg=schönen Schauspiels leuchtet. Sehr an¬
177 3030 917 3103 nerwähnt, wirkte die erste Nummer.
2110 3073 3225 3130 Alle drei entledigten sich ihrer heiteren Aufgaben mit größ
912 3085 2105 3147 zirhend sind in der Darstellung Irene Triesch als Gattin und
165 3089 911 3146 vormals verlassene Frau und zärtliche
2122 3114 3336 3189 Erfolge. Der Schnitzler=Abend darf auf zahlreichste Wieder¬
920 3125 2113 3187 die Herren Sommerstorff und Hahn in den männlichen
163 3134 915 3191 ichterisch veraulagten Sohnes ist nach
2122 3160 2486 3235 holungen rechnen.
907 3168 2109 3238 Rollen des Traumbildes. Der feine Psychologe und praktische
177 3170 918 3232 und ein alter Freund, der die Stütze
907 3205 2118 3270 Arzt Dr. A. Schnitzler tritt aus der dritten Nummer: „Die
183 3228 918 3279 geworden war, enthüllt dem Sohne
155 3247 2112 3315 entarischer Beibringung eines von derletzten Masken“ mit Nachdruck hervor. Sie spielt im Spital.
159 3304 2116 3356 en letzten Briefes ein Geheimnis: die  Ein Patient neigt seinem Lebensausgange zu: ein armer
167 3336 2115 3406 dem Leben gegangen, weil der durch Teufel von Journalist, der von großen Ideen erfüllt, doch
907 3396 2127 3457 nur immer Pech gehabt; ein anderer Patient, ein drolliger
164 3401 916 3462 ken kummervoll bewegte Sohn in
166 3444 2129 3495 en Schaffen gehindert wurde. Der! Provinz=Mime, fühlt sich schon wieder gesund und will von
187 3472 2114 3531 Mörder seiner geliebten Mutter an¬ neuem ins Leben hinaus; Doktoren und Wärterinnen er¬
176 3490 2157 3594 schieht auch in einem kurten Ausbruch1 gänzen das Spital=Drama, welches uns zu interessieren, zu
