3484 4256
2031 128 2501 229 box 21/2
230 149 1899 252 16. 1. Lebendige Stunden Zyklus
159 784 455 954 Soldsc
158 922 355 1008 reau für
135 999 561 1097 schnitte und Verlag
155 1070 545 1144 haftlichen Revue.
178 1119 658 1210 guststr. 87 part.
285 1182 483 1251 No. 3051.
224 1187 287 1250 III.
2365 1756 2582 1838 ERM
783 1795 3271 1904 Das Thema vom Sterben. Der äußere Verlauf des Abends war Statt den Galan zu tödten, weist der ihm die Thür. Damit
783 1830 3256 1901 ein äußerst anregender. Erst schien es, als wollte die rechte Stimmung ihre Schmach nicht laut werde, tödtet die Frau ihren Geliebten.
793 1890 3258 1984 nicht auskommen. Dann aber wuchs, von Szene zu Szene, das Interesse Der Anblick ihrer Raserei ist für das Malerauge des Gatten so
793 1919 2029 1995 und die Spannung, bis Alles zuletzt in befreiendes herzliches
2022 1946 3266 2029 fesselnd, daß er die Szene im Bilde f sthält. Während er zur
793 1972 2022 2044 Lachen ausklang. Verhältnißmäßig am schwächsten ist dem Dichter
2028 1980 3260 2065 Staffelei schreitet, verdüstert sich abermals die Szene.
788 2022 2036 2074 das erste Stück gelungen, das dem Cyclus den Namen gab: Zwei
2022 2036 3250 2115 Frau Pauline reibt sich das Auge und bewilligt dem erstaunt
800 2060 2045 2136 Männer sprechen von einer todten Frau, die vor einigen
2017 2075 3254 2153 fragenden Liebhaber das letzte Stelldichein. Wird er da ein ähn¬
793 2124 2029 2171 Wochen von schweren Leiden erlöst worden ist. Der
2021 2122 3254 2194 liches Schicksal haben, wie der Held ihres Traumes? Mit dieser
786 2153 2026 2215 etue von ihnen war ihr Freund, der andere ist der Sohn. Der
2015 2163 3256 2243 Frage schließt für uns das zweite Stück. Hier erregte Fräulein Irene
86 2150 321 2250 ater:
803 2205 2027 2250 Sohn, ein Dichter, will durch seine Kunst Befreiung suchen aus
2018 2210 3255 2275 [Triesch lebhaftes Interesse durch die reife Kunst mit der sie
791 2243 3267 2317 dem beklemmenden Schmerz um die Heimgegangene. Da enthüllt sprach und schwieg und träumte. Herr Sommerstorff hatte
94 2235 760 2327 kebendige Stundene
801 2287 3258 2381 ihm aber, roh und unvermittelt, der Freund das Geheimniß dieses leider nur wenige Worte zu sprechen, desto mehr aber ein Herr
193 2312 785 2402 zür Schnitzler. Erstaufführung
95 2308 209 2386 Murth
786 2328 2955 2419 Todes. Sie hat durch eigene Hand geendet. Nicht weil ihr die Hahn. Umgekehrt wäre es uns lieber gewesen.
116 2345 305 2424 4. Jallde
797 2370 2041 2433 Schmerzen unerträglich waren, sondern weil sie fühlte, daß der Anblick
2104 2403 3250 2490 War nach diesem Stücke der Beifall schon herzhaft und all¬
96 2391 797 2469 man aus dem „Deutschen Theater“
794 2412 2030 2476 ihrer Qualen die Schaffenskraft des Sohnes hemmte. Hatte
2009 2452 3250 2524 gemein, so wuchs er zu brausender Stärke nach dem dritten Ein¬
104 2464 797 2513 geben. Endlich einmal empfing man
793 2461 2018 2530 der Alte, im Egoismus seines Schmerzes, gehofft, die fürchterliche
2011 2481 3255 2569 akter, der, unter dem Titel „Die letzten Masken“, ein
114 2505 800 2569 esich nachhaltig in die Erinnerung
800 2509 2020 2564 Mittheilung werde den Andern niederschmettern, so irrte er. Durch
2017 2534 3246 2611 ergreifend echtes Augenblicksbild aus einem Krankenhause gab;
105 2538 2026 2598 ehelich Stimme eines Dichters neues Schaffen, erklärt der Sohn, will er hiesen Opfertod verdienen!
2015 2576 3259 2663 Ein alter Journalist liegt im Sterben. Er fleht den Arzt um die
100 2582 2013 2650 rei giebt nit all seinen Vorzügen und Mit diesem Ausblick schließt das Stück, das eher eine Novelle in
2007 2621 3252 2703 Vermittelung einer letzten Unterredung mit seinem Jugendfreunde,
106 2629 1196 2684 len Vorn keines Könnens schöpft, un Dialogform ist,
1177 2639 2023 2694 denn ein Schauspiel. Reinhardt,
113 2678 806 2756 sein Werk Sielleicht berückend nennen
2016 2668 3264 2741 einem zu Ruhm und Reichthum gelangten Dichter. Dem will der
796 2671 2020 2734 der trotz seiner Jugend ein unvergleichlicher Darsteller
2009 2710 3257 2794 Sterbende ein einziges Mal noch sagen, wie er sein hohles, nichtiges
786 2721 2015 2796 alter Männer ist, und Rittner brachten es zu starker Wirkung.
95 2745 809 2823 dem der Dichter die vier Stücke zu¬
2019 2757 3259 2809 Streberthum verachtet und daß er seit Jahren in Unkenntniß darüber
885 2747 2011 2829 Bühnentechnisch höchst apart und von hohem poetischen
2008 2797 3253 2862 lebte, daß der Sterbende der Liebhaber seines Weibes war. Aber als die
90 2798 2019 2881 sten selbst die Erklörung. Es ist da Reize ist die zweite Gabe „Die Frau mit dem Dolche“.
2011 2845 3244 2917 Beide sich Aug' in Auge gegenüberstehen, da fehlt dem Sterbenden
105 2843 2011 2909 in denen sich die Entscheidung über Eine schöne Frau und ihr Liebhaber betrachten in einer Bilder¬
2000 2886 3252 2960 die Kraft zu dieser Eröffnung. Hier stand Darstellung und
51 2881 2024 2952 ndrängt und einem Dichter wird da gallerie das Bild eines unbekannten alten Meisters. Es stellt eine
60 2940 3248 3003 md alle Unsterblichkeit nicht eine Frau mit goldenem Haar dar, die einen Dolch in der Rechten Szenirung wieder auf der alten unerreichten Höhe des „Deutschen
111 2988 3106 3034 Aber da sagt der Dichter die feinen zückt. Ihr zur Seite liegt ein todter Jüngling. Auf= Theaters“. Namentlich Bassermann war wundervoll.
106 3019 808 3092 Sie lehen doch nicht länger, als der
941 3023 2023 3093 ist die Aehnlichkeit der schönen Beschauerin
781 3029 967 3103 fallend
2096 3036 3245 3119 Köstlich war die Stimmung, die der letzte Einakter aus¬
119 3064 2020 3127 Es ist richt der schlechteste Beruf, mit dem Bildniß. Sie träumt denn auch, daß sie die Frau mit
2001 3065 3241 3175 strahlte („Litteratur"). Ein vorzügliches Stückchen aus dem
84 3110 706 3170 erleihen über ihr Ziel hinaus!“
772 3119 2016 3174 dem Dolche sei. Diesen Traum erleben wir mit. Die Bühne ver¬
2000 3125 3249 3215 Bohémien=Leben wird da gegeben. Die Darsteller — Frl. Triesch,
93 3157 2018 3223 eutet, daß in den vier Einaktern von dunkelt sich und wir sehen die Beiden im Zeitalter und Kostüm der
1998 3165 3247 3248 Herr Bassermann und Herr Rittner — waren glänzend
101 3209 3238 3281 Rede ist. Das ist bekanntlich ein Renaissance wieder: Sie ist die Gattin eines Malers, er ist der Tchüler bei Laune. Wenn noch zu entscheiden war, so entschied dieser Ab¬
106 3245 3248 3296 Noch stärker klingt aber ein anderes ihres Gatten. In der Nacht, die voranging, hat der Jüngling dieschluß den großen Erfolg des Abends, den ersten, den das „Deutsche
109 3299 2700 3375 Mensch und als Arzt oft behandelt: Gunst der Frau genossen. Sie beichtet es dem heimkehrenden Gatten. Theater“ in dieser Spielzeit errang!
