3484 4256
2124 160 2604 250 box 21/2
318 167 1985 271 16.1. Lebendige Stunden zyklus
1146 607 1584 716 —Telefon 12801.
673 691 2042 832 Alex. Weigl's Unternehmen für Zeitungs-Ausschnitte
1687 801 1899 875 Ausschnitt
1007 779 1667 934 „OBSERVER“
1681 837 2032 951 Nr. 80
591 890 2081 1033 I. österr. behördl. conc. Bureau für Zeitungsberichte u. Personalnachrichten
793 967 1905 1105 Wien, IX, Türkenstrasse 17.
998 1060 1660 1157 Filiale in Budapest: „Figyeld“
583 1095 2058 1253 Vertretungen in Berlin, Chicago, Genf, London, Newyork, Paris, Rom, Stockholm.
579 1228 1121 1338 Ausschnitt aus:
576 1378 868 1473 vom 7
1399 1328 2083 1584 Frelunge uluig, Ke.1
1744 1744 2994 1816 da das Leben ihm doch nichts mehr wert sei. Der Uebermensch
792 1686 1515 1856 „Lebendige Stunden“.
1753 1802 2987 1847 lacht des Rasenden. Aber die Frau ergreift den Dolch und stößt
1756 1836 2985 1881 den nieder, den sie genossen. Wie sie so dasteht, eine Furie, mit
615 1823 1759 1913 Deutsches Theater. Sonnabend, zum ersten Male:
546 1871 1759 1925 Vier Einakter von Arthur Schnitzler. „Lebendige
1763 1866 2979 1941 hochgezückter Waffe, spricht der Mann kaltlächelnd etwa so zu ihr:
1754 1916 2991 1964 Verharre so! Endlich habe ich die wahre Idee meines Bildes.
554 1918 1761 1969 Stunden“. „Die Frau mit dem Dolche". „Die letzten Masken“.
1749 1961 2987 2019 Dank den Göttern, daß sie mir diese Stunde der Erleuchtung
553 1956 1260 2024 „Litteratur“. — Regie: Emil Lessing.
1757 1996 2979 2062 geschenkt! ... Dieser Vorgang im phantasiethätigen Gehirn der
621 1984 1750 2047 Der Eindruck der einzelnen Alte war verschieden, doch der
1755 2031 2983 2097 Frau, die das Bild betrachtet, spielt sich auf der Bühne wirklich
537 2044 1753 2090 Gesamteindruck stark und tief; dementsprechend waren Wirkung und
1750 2080 2978 2128 ab. Es dunkelt, und man ist wieder im Museum. Das Weid
544 2076 1025 2134 Erfolg nach Außen groß.
1750 2106 2991 2170 fühlt sich nun selbst als die Frau mit dem Dolch: eine lebendige
620 2102 1761 2171 Die Stimmung kam zunächst nicht leicht zu stande; und doch
1756 2149 2981 2210 Stunde der Liebe — was verschlägt's? Aus der Verfehlung wird
549 2147 1753 2204 sind die „Lebendigen Stunden“ im Cyklus das tonangebende (oder:
1765 2185 2984 2257 sicher ein Kunstwerk, vielleicht auch ein blutiges Stück Wirklichkeit.
543 2185 1765 2248 das grundtongehende) Stück; es ist auch psychologisch das feinste
1832 2236 2985 2275 Die beiden letzten Akte sind im engeren Sinne Tragi¬
539 2232 1770 2292 und gelungenste, wie denn auf gleicher künstlerischer Höhe nur der
1752 2269 2995 2317 komödien. Das Leben selbst spielt sich Theater vor, im unbewußten
548 2265 1752 2326 letzte Akt steht durch die Anmut seines Geistes. In den mittleren
1764 2309 2989 2367 Wechsel tragischer und komischer Stimmungen. Von Litteratur ist
550 2313 1760 2374 Akten ist das stärker, was man „Theater“ nennt. Natürlich noch
1765 2337 2994 2403 hier nicht minder die Rede; aber das Leben kommt gewissermaßen
549 2356 1759 2405 immer Schnitzlerisch, nicht grob von Kunstwegen oder unverfroren
1766 2377 3003 2455 der Litteratur zuvor. Es hängt sich Masken um. Manchmal noch
543 2394 1754 2450 in der Gesinnung. Im ersten Akt enthüllen sich Charaktere, Ge¬
555 2429 1763 2486 fühle, Menschenschicksale in klug gleitendem Dialoge. Nur im
1756 2427 2994 2482 in der letzten Stunde, da die große Abrechnung mit der Welt statts
1765 2456 2990 2525 finden soll. Im Spital liegt ein alter, herabgekommener Journalist.
549 2463 1750 2524 Dialoge. Unser Publikum im Wesentlichen kann nicht zuhören;
1766 2499 2988 2564 Er fühlt seinen Tod und will den Mann noch einmal sprechen, den
548 2498 1764 2570 es will gepackt sein; im Gegensatz etwa zu einem französischen
1762 2544 2993 2598 er am meisten haßt. Durch geistige Plattheit und Reklame ist
551 2544 1764 2608 Publikum, das Spielen des Geistes, im Gespräch entwickelt, sich so
1757 2575 2998 2648 dieser Mann nach oben gekommen, sein Jugendfreund. Ein kranker
540 2592 1762 2643 gern hingiebt. Ein Alltagsmensch und ein Künstler stehen sich
1761 2633 2995 2689 Schauspieler, der sein Zimmer teilt, Todeskandidat, wie er, ein
555 2633 1759 2679 gegenüber. Jener, gerade empfindend, zu klarer Güte gereift in
1755 2662 2987 2719 melancholisch=lustiger Geselle, rät ihm, ehe der Gehaßte kommt, die
557 2672 1762 2724 der Schule des Lebens; dieser von naiver Selbstsucht, nur auf die
550 2707 1763 2767 Ruhe seiner Seele bedacht um seiner Kunst willen. Ein Kunst¬
1759 2709 2984 2764 Szene zu studiren, damit auch jeder Vorwurf, jedes Wort wirksam
554 2744 1752 2799 mensch eben, der sein Empfinden nicht für sein ausschließliches Eigentum
1753 2736 2987 2803 herauskäme. Das geschieht. Der Journalist redet sich die Seele
558 2785 1756 2833 hält: höhere Gestaltungen haben ein Mitrecht auf diese Gefühle.
1753 2776 2978 2840 frei; aus dem Heloten wird ein anklagender Gebieter. Doch es
555 2822 1759 2877 Er hatte eine Mutter, die lange siech war und merkte, daß ihre
1757 2812 2994 2884 bleibt bei der Komödie. Wie der Mann erscheint, an den die
546 2854 1765 2911 Krankheit dem Schaffen des Sohnes im Wege sei. Darum ging
2333 2859 2983 2923 — erscheint und sich giebt in seiney
1758 2870 2349 2923 flammende Rede gerichtet war, —
545 2895 1755 2946 sie freiwillig aus dem Leben. Die Thatsache des Selbstmordes
1758 2891 2974 2972 ganzen Kleinlichkeit, Aufgeblasenheit, Verlogenheit, da schweigt der
543 2939 1760 2991 erfährt der Sohn aus dem Munde des Alten, der seiner Mutter
1753 2940 2966 2991 Journalist: er fühlt, der Geselle steht so tief unter ihm, daß jede
552 2979 1762 3039 ein zärtlich liebender Freund gewesen ist. Der junge Dichter ist
1755 2982 2980 3043 Abrechnung ein Zuviel wäre. Mit der Maske der Freundschaft
549 3021 1759 3064 dem Alten zu rasch mit seinem Schmerze fertig, und er muß aus
1760 3010 2989 3069 sinkt er sterbend in den Sessel zurück, wie jener mit der Maske der#
546 3060 1756 3110 seinem Munde das Wort hören: Eine lebendige Stunde der
1761 3065 2393 3120 Freundschaft das Zimmer verläßt.
548 3096 1749 3147 Mutter ist vielleicht mehr wert als Dein ganzes Künstlerwirken.
1817 3084 2988 3143 Der Schlußakt löst die immerhin schwülen Stimmungen in
548 3136 1764 3193 Das heilige Gefühl vom Leben und das Dichten vom Leben
1752 3120 2980 3186 Lachen auf. Es ist ein Capriccio, ein flottes und espritvolles, und
552 3173 1756 3222 werden einander gegenübergestellt. Der Autor ergreist nicht gerade
1751 3178 2976 3239 zugleich eine runde satirische Komödie. Kleine Cabotins und Selbst¬
553 3214 1751 3270 Partei, aber man hört doch heraus, daß seine Sympathie mit der
1752 3218 2986 3267 betrüger der Literatur treten auf. Nicht von ringenden oder müden
543 3238 1212 3320 naiven menschlichen Empfindung ist.
1757 3260 2970 3312 Seelen und von rücksichtslosen Gestaltern ist die Rede, vielmehr
608 3284 1752 3341 Auch das zweite Stück ist sozusagen ein Litteraten= und
1752 3296 2992 3351 von den unfreiwillig belustigenden Handwerkern der Schreiberei oder
1753 3336 2972 3390 den Dilettanten, die snovhaft mit ihren „lebendigen Stunden“, d. h.
545 3320 1755 3386 Künstlerstück, in das der Gegensatz vom warm gelebten und über¬
1750 3370 2973 3424 mit ihrem bischen Liebesabenteuertum hausiren gehen. Ihnen wird
549 3373 1750 3425 legen gestalteten Leben hineinspielt. Renaissance=Empfindungen
1749 3401 2977 3474 mit guter Laune ein Lebemann, ein Held der Ställe, entgegen¬
549 3414 1750 3457 werden wach. Eine Frau ist auf dem Wege, ihren Gaiten zu be¬
547 3452 1752 3507 trügen, dem sie nicht Gegenstand zärtlicher Neigung, vielmehr bloß
1749 3446 2968 3508 gesetzt, ein Zeitgenosse, der so gar kein Künstler und in so hohem
556 3500 1755 3546 Opfer künstlerischer Darstellung gewesen. Sie trifft den Jüngling,
1763 3495 2979 3543 Grade ein Verächter aller Federn ist, daß seine Geliebte die
554 3520 1752 3577 der zum Abenteuer ausersehen, im Museum — vor der „Frau mit
1753 3530 2996 3589 Legitimität mit der Einstellung des Litteraturbetriebs erkaufen
544 3570 1748 3618 dem Dolch“, dem Bilde eines unbekannten, altitalischen Meisters.
1754 3570 2416 3622 muß — was ihr nicht schwer wird.
553 3606 1754 3657 Sie ist unentschlossen; da bringt die Betrachtung des Bildes den
1818 3597 2974 3658 In der Darstellung sind zwei Gruppen zu scheiden: die Naturen
557 3647 1752 3698 Entschluß. Sie erlebt blitzschnell in ohnmachtähnlichem Zustande
1757 3645 2967 3696 und die guten Schauspieler. Die einen schufen den Lebens= und
554 3680 1749 3738 eine Art Geschichte des Bildes —: Das Modell, die Frau eines
1750 3679 2981 3748 Geistesgehalt, die Zeitempfindung der Stücke frei aus sich heraus
549 3720 1756 3780 berühmten Malers, hat einen schönen, treuherzigen Jüngling ver¬
1744 3728 2978 3773 charalteristisch wieder — und das waren Frl. Triesch die
555 3752 1747 3810 lockt. Sie hat die Liebe nicht, sie will nur den Genuß einer
1751 3769 2973 3823 Herren Rittner und Reinhardt. Die anderen aber erfüllten
554 3799 1752 3853 Sommernacht. Doch der Jüngling beharrt auf dem Recht seines
1760 3808 2976 3850 mit mehr oder weniger Kunst, doch alle mit Takt und Geschmack
552 3837 1759 3885 tieferen Gefühls. Da kommt der Gatte zurück; er trifft sie beide;
1741 3848 2973 3904 die Aufgaben ihres Faches — und das waren die Herren Basser¬
552 3882 2991 3942 die Frau hat den Mut der Wahrheit. Er weist dem Liebhaber Imann, Sommerstorff, Hanns Fischer, Hofmeister
2772 3924 2933 3986 —glu—
546 3915 2027 3986 verächtlich die Thür. Der aber verlangt, daß der Mann ihn töte, und Hahn.—
