3392 4224
2063 196 2533 290 box 21/4
247 205 1920 312 16. 1. Lebendige StundenZuklus
2263 1090 2748 1181 Telephon 12801.
795 1136 1276 1223 Telephon 12801.
1896 1187 3105 1273 Alex. Weigl’s Unternehmen für Zeitungs-Aussohnitte
416 1215 1648 1304 Alex. Weigl's Unternehmen für Zeitungs-Aussohnitte
1285 1286 1598 1395 See Ausschnitt
2138 1246 3066 1405 „OBSERWEP“
2891 1310 3170 1401 Nr. 11
677 1342 1344 1454 „OBSEHVEN
1430 1348 1738 1438 Nr. 63
305 1376 3236 1499 I. öatskr. Hehördl. cono. Bureau für Zeitungsberichte u. Personalnachrichtes L österrt Fehg# cono. Bureau für Zeitungsberichte u. Personalnachrichten
2058 1448 2981 1530 Wien, I., Concondiaplatz 4.
583 1506 1513 1575 Wien, I., Concondiaplatz 4.
1794 1499 3250 1587 Vertretungen in Berlin, Budapest, Chicago, Genf, London, Newyork, Paris, Rom.
2140 1570 2882 1635 Stoekholm, Kristiania, St. Petersburg.
319 1547 1818 1620 Vertretungen in Berlin, Dudapest Chiengo, Genf, London, Nowyork, Paris, Rom.
680 1610 1407 1679 Stockholm, Krixtiania, St. Petersburg.
2413 1622 3199 1762 Die Bombe, Wien
1775 1690 2311 1780 Ausschnitt aus:
317 1740 853 1828 Ausschnitt aus:
936 1756 1698 1924 Gester. Grg. Iandolspurnal), Wien
1780 1839 2392 1926 vom: 22/2 7773
326 1863 936 1967 yon# 27/27/73
2016 2059 2810 2141 (Deutsches Volkstheater.) „Le¬
1917 2118 2811 2213 bendige Stunden“ von Arthur Schnitzler,
1931 2174 2815 2238 ein Einakter=Zyklus, sind vor einem Jahre
1933 2215 2828 2285 vom Gastspiel=Ensemble des Berliner Deut¬
465 2213 1389 2327 Auiht und Ztrratut.
1931 2264 2822 2328 schen Theaters in Wien zur Aufführung ge¬
578 2283 1390 2366 Deutsches Volkstheater. Am letzten Samstag
1934 2293 2817 2377 bracht worden. Es läßt sich nur wieder¬
485 2349 1391 2413 hat der Schnitzler'sche Einakter=Zyklus „Leben¬
1945 2348 2819 2418 holen, was schon vor Jahresfrist über die
485 2385 1387 2455 dige Stunden“ in Wien seine zweite Première er¬
1939 2390 2819 2452 vier Stücke gesagt wurde. Der künstlerische
485 2427 1394 2489 lebt und eine fast noch beifälligere Aufnahme ge¬
1933 2432 2835 2510 Wert hat in unserer Schätzung nicht abge¬
488 2456 1400 2529 funden, als anläßlich des letzten Gastspieles des
1940 2466 2821 2548 nommen. Die Aufführung wurde besonders
481 2496 1401 2576 Berliner deutschen Theaters. Die ganze Stufenleiter
1933 2527 2832 2592 durch die Herren Brandt, Kutschera,
477 2520 1408 2600 menschlichen Empfindens, von der tiefsten Ergriffen¬
1941 2571 2814 2639 und Kramer, den Intentionen gerecht.
480 2582 1396 2645 heit bis zur ausgelassensten Lustigkeit, ist über
2545 2611 2813 2667 ——
487 2621 1397 2682 diese vier psychischen Stizzen ausgegossen und die
1915 2629 3008 2728 50 Zeitungsansschnitte (Artikel oder Notizen) Kr. 15.—)
1798 2643 1925 2723 Für
456 2670 1401 2738 hglanzende Tarstellung, die ihnen zuteil wurde,
2859 2649 3241 2748 28.— Inelusive
1905 2687 2019 2743 100
334 2685 465 2755 Für
1397 2674 1760 2771 28. — inclusive
3017 2714 3188 2761 Porto.
447 2699 1399 2782 10(brachte dem Autor einen der größten Erfolge der
2847 2726 3012 2784 50.—
1890 2731 2024 2783 200
1549 2741 1734 2788 Porto.
2403 2718 2486 2797 :
2999 2743 3206 2802 Zahlbar
447 2736 1396 2822 20(Saison. In dem ersten Stücke verkörperte Herr
1398 2748 1556 2814 50.—
2839 2761 3005 2821 110.—
1546 2776 1749 2832 Zahlbar
444 2782 1393 2857 50(Martinelli meisterhaft einen verknöcherten
2825 2786 3249 2864 200.— im Voraus.
1394 2798 1544 2854 110.—
1870 2796 2015 2868 1000
1385 2802 1761 2900 200.— im Voran
412 2818 1393 2911 100(Bureaukraten. In der „Frau mit dem Dolche“
1916 2838 3252 2920 Im Gegensatze zu anderen Bureaux für Zeitungsausschnitte ist das
490 2844 1402 2916 Swaren Fräulein Sandrock und Herr Kramer
1803 2877 3244 2966 Abonnement durch keine bestimmte Zeitdauer begrenzt; — auch steht es den
466 2871 1761 2948 Uvollendet. In den „Leuten Mueken“ wirkte Herr jausschnitte ist di
1391 2918 1776 2995 auch stcht es de
1809 2942 3133 3012 Abonnenten frei die aufgegebenen Themen zu ergänzen oder zu ändern.
346 2942 1395 2989 Abonnenseiße ergreifend als sterbender Journalis,
358 2964 1677 3058 Abonnenwährend Herr Brandt sich in der Rolle eints er zu ändern.
1918 3000 3246 3076 Der OBSERVER“ veranstaltet täglich einen Auszug enthaltend die
487 3008 1407 3090 „lustigen Todeskandidaten als vorzüglicher Bühnen¬
477 3029 1766 3114 Vhumorist bewährte. In dem letzten Stucke Literatur“ tzug enthaltend d.
1794 3058 3238 3116 Inhaltsangabe aller wichtigen Mittheilungen der Wiener Morgen¬
344 3078 1756 3139 Inhaltsedem der größte Erfolg des Abends beschieden war, lener Morge)
1814 3093 3219 3155 blätter (Tagesjournale ausser „Neue Freie Presse“ und „Wiener Zeitung")
347 3130 1745 3186 blätttrepräsentierte Herr Kutschera mit seinem kraft= 1 „Wiener Zeitung
1819 3135 3238 3200 wodurch eine Uebersicht über das gesammte politische und wirthschaftliche
354 3163 1748 3225 wodurchvollen Hump Adas Profétyp eines Bohemien, und wirthschaftliel
1817 3181 3247 3250 Leben des In- und Auslandes in drastischer Kürze geboten wird. Diese Mit¬
349 3183 1757 3276 Leben d Fräulein Sansrock wüßte den feinen parodisti= zu wird. Diese 3118
1815 3220 2840 3293 theilungen werden in Wien um 9 Uhr Früh verschickt.
354 3260 544 3324 theilung
497 3271 1417 3367 ischen Ton vortrefflich zu finden. Herr Kramer
2115 3291 2922 3388 Prospecte #natis und franco.
491 3331 1444 3411 serquickte durch eine geradezu bestechende Borniert= .
501 3376 1439 3441 heit. Dichter und Darsteller vereint mußten einer
493 3411 1438 3486 sgroßen Zahl von Hervorrufen Folge leisten. —1—.
