3436 4384
364 179 2024 296 16.1. Lebendige Stunden zyklus
2157 202 2623 293 box 21/2
1534 753 2060 842 Aus den Berliner Theatern.
2509 780 2656 864 203
950 824 2639 937 wichtige Gestalt, die der Gattin Richard Völker= ihn emporgetragen. Der Kranke haßt ihn; er hat
954 880 2647 975 lingks, einer so minderwertigen Schauspielerin, ihn immer durchschaut. Durchschaut wie nur noch
949 932 1791 1005 wie es Fräulein Tilly Böttcher ist, anvertraut,
1792 964 2653 1019 eine, Weihgasts eigene Frau. Die und der arme
943 961 1461 1026 hat mich staunen gemacht. —
1791 982 2639 1040 Journalist haben einst zusammengehalten, an¬
1026 1003 1792 1071 Das Deutsche Theater hat mit gewohntem
1796 1032 2647 1100 gewidert von der Leere und Nichtigkeit des großen
941 1048 1779 1108 Gl## dieser Campagne sich übrigens noch ein
1791 1065 2634 1132 Dichters, sie haben sich geliebt. Und nun, in
945 1089 1783 1141 zweites Repertoirestück gesichert: „Lebendige Stun¬
1791 1105 2634 1169 der Todesstunde, möchte der Sterbende dem Feinde
941 1121 1784 1188 den“ von Arthur Schnitzler. Vier Einakter, kleine
1789 1139 2642 1217 das alles ins Gesicht schleudern, ihm sagen: „bilde
939 1162 1783 1237 Momentbilder gleichsam, Ausschnitte aus dem
1789 1180 2639 1249 dir nichts ein! Deine ganze Größe ist eitel
937 1198 1103 1249 Leben.
1783 1217 2636 1294 Trug und Schwindel! Und ich hab' ja schon
1019 1226 1788 1306 Es sind Arbeiten von sehr ungleichem Wert.
1785 1264 2636 1329 hundert Male Lust gehabt, es dir ins Gesicht zu
945 1267 1782 1355 Der erste Einakter, der dem Ganzen den Namen
1795 1300 2632 1371 schreien, wenn wir einmal zufällig auf der Straße
942 1319 1779 1382 gab, ist so unbedeutend, daß ich über ihn schweigend
1789 1352 2642 1404 uns begegneten und du die Gnade hattest, ein
935 1358 1778 1421 hinweggehen kann. Zwei andere haben ein Ge¬
1791 1380 2633 1447 freundliches Wort an mich zu richten!“ Der Arzt
931 1388 2631 1501 meinsames: sie sind sehr pikant, dabei frisch und geht selbst, Herrn Weihgast herbeizuholen. In
1130 2809 2361 2870 Scenenbild aus „Der Herr von Abadessa.“ I. Akt. (Kgl Schauspielhaus.)
892 2877 1731 2959 lebendig. Eines der Stücke aber ist meines Er¬
1743 2891 2587 2984 der Zeit, bis er kommt, sonnt sich der Kranke
907 2939 1737 2999 achtens eine kleine, überaus feine Musterleistung.
1750 2953 2598 3017 im Vorgefühl seiner letzten Aussprache; mit einem
977 2979 1643 3034 Ich meine „Die letzten Masken.“
1750 2994 2581 3051 Schauspieler, der mit ihm dasselbe Zimmer teilt,
973 3010 1740 3069 Wir sind im Hospital. Der Journalist Karl
1747 3033 2583 3099 spielt er gleichsam durch, was er dem Gehaßten
897 3037 1739 3109 Redemacher steht vor seiner Sterbestunde; es ist
1746 3072 2590 3137 sagen, wie er ihn richten will. Und dann, als
890 3087 1730 3151 ihm schlecht gegangen im Leben, er muß froh sein,
1737 3110 2585 3163 der große Mann endlich da ist, als sie bei ein¬
898 3129 1727 3190 daß er im Krankenhause ein Unterkommen ge¬
1729 3150 1963 3202 ander sitzen
2004 3159 2584 3205 da schmilzt in der Seele des
890 3169 1724 3230 funden hat. Er weiß, daß sein letztes Stündchen
1730 3193 2585 3257 Sterbenden jedes Rachegefühl dahin. So klein,
892 3206 1719 3267 ihm bevorsteht, er hat nur noch einen Wunsch.
1743 3228 2587 3308 so bemitleidenswert erscheint ihm der berühmte
883 3250 1723 3305 Einen Jugendfreund möchte er noch einmal wieder¬
1739 3259 1927 3322 Dichter —
1920 3272 2580 3335 mag er noch so herablassend sich ge¬
882 3290 1722 3352 sehn: Alexander Weihgast. Der ist inzwischen ein
1735 3307 2584 3377 bärden — daß er verstummt. Vor seinem geistigen
879 3328 1719 3392 berühmter Autor geworden, verehrt, bewundert,
1734 3343 2574 3411 Auge sind auch die letzten Masken gefallen. Nur
884 3374 1716 3425 gehätschelt — der große Mann; trotzdem er
1734 3383 2577 3449 still vor sich hinlächeln kann er noch über die
878 3396 2579 3491 eigentlich nichts kann, eine taube Nuß ist, haben, nichtige Eitelkeit dieses Menschen — und so stirbt
888 3440 2584 3534 die Tagesmode und seine bewegliche Geschicklichkeit er, als jener endlich gegangen ist, stirbt als ein
