3484 4224
297 222 2476 318 16.1. Lebendige Stunden Zuklus box 21/5
974 1315 1154 1410 S
1902 1368 2846 1460 lenstudie vorzudringen sucht („Die letzten Mas¬
930 1391 1709 1488 ###### Lessing=Theater.
1899 1435 2031 1494 ken“.)
1967 1437 2847 1519 Danach kann man sich denken, wie im einzel¬
1021 1457 1899 1534 Neu einstudiert: „Lebendige Stun¬
1899 1485 2845 1554 nen bei der Aufführung im Lessing=Theater die
947 1493 1110 1564 den“.
1144 1502 1889 1580 Einakter = Zyklus von Arthur
1910 1530 2845 1589 Wirkung sein muß. Sie verpufft gänzlich, sobald
945 1530 1293 1613 Schnitzler.
1896 1579 2842 1643 das Reale verlassen wird. Irene Triesch ver¬
1023 1570 1905 1649 Wer da meint, Direktor Brahm bliebe hinter
1893 1615 2842 1675 mag sich nicht in die Frau mit dem Dolch zu ver¬
957 1620 1901 1692 seiner Zeit zurück, wird sich korrigieren müssen.
1899 1662 2843 1703 wandeln, so wenig wie die Inszenierungskünste
954 1670 1895 1718 Vielmehr: er folgt dem Zuge der Zeit und betei¬
1900 1689 2855 1735 auf dieser Bühne ausreichen, die Lehre vom Sich¬
956 1707 1898 1765 ligt sich schleunigst an der augenblicklich den mei¬
1904 1725 2845 1786 wiederholen der Erlebnisse ins geheimnisvolle
949 1746 1896 1803 sten Gewinn verheißenden Einfuhr Wiener Fa¬
1901 1750 2848 1819 Reich der Mystik zu übertragen. Am kräftigsten
951 1774 1903 1835 brikate. Nur freilich: neue Dessins kauft er nicht
1902 1804 2846 1861 schlägt der Puls des Lebens, wenn Basser¬
959 1824 1897 1874 auf, statt dessen versucht er's, uns nochmals alte
1903 1854 2839 1892 mann die Ibsen=Groteske mit schneidenden Tö¬
964 1859 1903 1904 Ware, obgleich schon einmal wenig goutiert, an¬
1915 1877 2849 1930 nen und wehmütiger, dabei doch verbissener Re¬
962 1894 1906 1954 zupreisen. Und die Käufer ließen sich diesmal von
1901 1921 2850 1980 signation in das Philistertum hineinstellt, oder
964 1925 1900 1983 dem geflissentlich die Vorzüge seiner Ladenhüter
1896 1952 2854 2028 wenn er für einen Moment von der Seele eines
962 1975 1906 2016 herausstreichenden Kaufmann zureden und taten,
1901 1996 2840 2043 „glücklichen" Dichters den Schleier lüftet, oder
956 2011 1900 2071 als wären sie von der Güte der Qualität über¬
1904 2031 2851 2089 wenn er in dem Milieu des ausschließlich Litera¬
966 2045 1900 2098 zeugt. Sie hatten dafür auch die Genugtuung,
1907 2067 2846 2121 rischen das bei aller Blasiertheit natürliche sinn¬
956 2081 1905 2130 daß sie doch an Stelle eines Stückes, das ihnen gar
1911 2103 2858 2164 liche Empfinden verkörpert, wobei ihm übrigens
963 2129 1907 2184 nicht gefallen wollte, ein neues erhielten, und
1913 2143 2847 2192 die Triesch und Karl Forest eine wunderbare
964 2157 1907 2216 konnten nun befriedigt heimkehren. Lange wird
1904 2185 2848 2241 „literarische“ Basis schaffen. Man hat da drei
955 2198 1902 2253 allerdings die Freude nicht währen; denn es sind
1914 2216 2850 2282 schauspielerische Individualitäten von feinster ko¬
965 2231 1909 2290 gar zu zerbrechliche Dinger, die man da mit nach
1917 2265 2855 2310 mischer Decenz beisammen, die von dieser Seite!
969 2279 1913 2331 Hause nimmt, und dabei tun sie mit ein bißchen
1912 2301 2849 2362 ihres Talentes im Rahmen des Lessing=Theaters
960 2313 1906 2377 gar zu gefallsüchtiger Koketterie, als ob sie etwas
1920 2338 2808 2410 nur allzu selten Gebrauch machen können. —n.
965 2353 1686 2427 ganz Besonderes zu bedeuten hätten.
1044 2369 1910 2439 Im Ernste: es liegt kein ersichtlicher Grund
957 2424 1928 2489 zur Aufführung dieser Produkte Schnitzlerscher
957 2459 1915 2510 Kleinkunst vor, und dadurch, daß ein Stück aus der
969 2500 1916 2567 ursprunglichen Reihe durch ein anderes aus dem
967 2541 1921 2599 „Marionetten“=Zyklus ersetzt wurde, ist die Ge¬
966 2582 1926 2644 samtphysiognomie kaum anders geworden. Diese!
970 2608 1922 2674 Ersetzung — „Der Puppenspieler“ paßt nach seiner
964 2652 1927 2719 inneren Tendenz zwanglos unter die Formulie¬
974 2691 1932 2754 rung „Lebendige Stunden“ — beweist nur, daß
975 2729 1920 2786 Schnitzlers Kunst wesentlich eine solche der Varia¬
963 2761 1915 2822 tionen, nicht der Themen=Erfindung ist. Daß ihm
967 2807 1919 2864 dabei Geist und Geschmack eignet, ist keine neue
975 2839 1930 2898 Entdeckung, verhindert es aber immerhin, daß man
971 2875 1926 2944 sich in seiner Gesellschaft langweilt: immer wie¬
964 2919 1908 2983 der blitzen hübsche Wendungen auf, die ein —
979 2937 1929 3027 wenn auch meistens nur artistisches — Interesse
978 2996 1922 3040 erregen. Am willigsten folgt man ihm, wenn er
972 3034 1930 3097 sich ganz feuilletonistisch gibt (im vierten Stück:
982 3075 1932 3130 „Literatur"), am zögerndsten, wenn er den Boden
975 3121 1943 3166 des Gesellschaftslebens mit dem schwankenden
978 3145 1938 3204 Grunde des Mystischen, Vierdimensionalen ver¬
981 3190 1924 3236 tauscht („Die Frau mit dem Dolche"); am wenig¬
970 3215 1935 3293 sten er selbst ist er, wenn er eine Ibsensche Gestalt
1010 3261 1928 3320 zu kondensteren sucht („Der Puppenspieler"), am
984 3289 1942 3359 gräftigsten — kelativ natürlich — wird seine Ge¬
1003 3338 1966 3399 staltungskraft, wenn er gus der Milicu= zur See=1
