3484 4256
1119 173 1821 263 — Filiale in Budapest: „Figyeló“ —
735 270 2180 337 Vertretungen in Berlin, Chicago, Genf, London, Newyork, Paris, Rom, Stockholm.
723 370 1259 454 Ausschnitt aus:
726 521 1014 615 vom „
1523 451 2141 626 Nmbarger Fremimnde.:
1083 618 1303 701 1707—
1856 905 2858 964 Liebeswünschen verfolgender junger Mann, die beiden
1877 955 2863 1017 treffen sich, und zwar schon im Rückfalle, in einem
1128 926 1692 1062 Feuilleton.
1886 991 2852 1046 Museumsaale mit Bildern alter italienischer Meister,
1883 1037 2854 1104 und plötzlich überfällt Frau Pauline das Gefühl, daß
1886 1072 2857 1123 ein italienisches Bild aus dem 16. Jahrhundert: „Die
1885 1111 2861 1160 Frau mit dem Dolche“ — wir sehen es in Lebens¬
1053 1084 1740 1183 Berliner Theater.
1889 1149 2865 1195 größe an der Wand hängen — vielleicht ihre Vorfahre
1259 1170 1534 1250 (Eigenbericht.)
1887 1195 2853 1233 ist, ihr wird zu Muth, als lebe sie selbst im 16. Jahr¬
1884 1225 2514 1285 hundert, und ein Traumzustand
2502 1230 2861 1287 — in gebildetem
1438 1219 1864 1293 Berlin, 5. Januar.
1877 1264 2326 1320 Deutsch: eine Hypnose
2356 1273 2864 1327 überfällt sie am hellen
990 1262 1877 1347 „Lebendige Stunden“ von Arthur Schnitzler.
1883 1302 2862 1365 lichten Tage mitten in dem Bildersaal. Der Vorhang
741 1311 1218 1400 Für 3 Einacterabend.
1877 1348 2851 1405 kommt ihren rückwärts gewandten Renaissanceträumen
978 1362 1877 1424 Der Verfasser oder die Leitung des Deutschen
1880 1378 2846 1442 zu Hülfe: als er sich nach einer Pause vor der ver¬
834 1392 1877 1466 20 Theaters oder Beide haben gewußt, warum sie an
1890 1425 2849 1483 dunkelten Bühne wieder erhob sahen wir die Frau
835 1457 909 1502 50
912 1443 1881 1504 den Schluß dieses aus vier Stückchen bestehenden
1880 1450 2849 1510 mit dem Dolche aus dem 16. Jahrhundert und sahen
766 1487 2838 1558 " 100 Einacterabends das lustigste und geistreichste gesetzt auch die Begebenheit, in der ihr Dolch eine verhängniß¬
909 1527 2848 1608 haben. Bei umgekehrter Reihenfolge wäre eine arge volle Rolle gespielt hatte; dann senkt sich der Vorhang
836 1542 905 1603 In
912 1563 2856 1631 Mißstimmung entstanden, denn wer ist vergeßlicher als abermals, die Bühne wird noch einmal verdunkelt,
716 1573 912 1646 Abonnem
914 1596 2850 1668 die Zuhörer im Theater? So aber vergaßen sie, daß und als es wieder hell wird, wacht Frau Pauline
724 1633 915 1691 Abonnen
919 1640 2858 1718 sie zuerst zwei quälerische und im Gefühl wie im aus ihrem Renaissanceschlaf auf und verheißt dem
902 1688 2844 1768 Inhalt gewaltsame Stücke gesehen, vergaßen auch die Anbeter eine Schäferstunde, in der, wie nach dem
912 1726 1868 1776 etwas allzu dick aufgetragene Herbigkeit des dritten
1870 1731 2836 1797 Vorangegangenen zu fürchten steht, der bewußte Dolch,
717 1742 920 1814 Inhaltsa
913 1758 2830 1799 Stückes und gingen über das vierte Stückchen lachend diesmal aber wahrscheinlich in der Hand ihres Mannes,
725 1791 1873 1845 blätte nach Hause oder, was sehr Viele thaten, zu den¬
1876 1808 2837 1868 irgend Jemand, man weiß noch nicht recht, wen, ob
724 1839 907 1897 wodlurch
907 1841 1873 1892 glänzenden Musikabend in der Wandelhalle des
1870 1844 2841 1920 die Frau oder den Anbeter, tödten wird. Ich muß
716 1880 901 1927 des In¬
905 1880 1871 1935 Reichstages zum Besten der Wohlthätigkeitscasse des
1869 1888 2832 1938 gestehen, es war uns Allen auch sehr gleichgültig, was
902 1907 1366 1969 Vereins Berliner Presse.
725 1912 909 1976 werden 1
1868 1927 2834 1983 mit dem Dolche vielleicht geschehen würde, denn die
981 1935 1867 2009 Arthur Schnitzler hat allen vier Stückchen den
1865 1967 2557 2027 Menschen gingen uns Alle nichts an.
2788 1985 2834 2040 „
909 1982 1870 2049 Gesammttitel „Lebendige Stunden“ gegeben, obgleich
1933 1999 2825 2067 In dem dritten Stückchen: „Die letzten Masken“
903 2036 1867 2085 nur das erste diesen Titel als seinen eigenen aufweist.
1865 2019 2844 2120 hat Schnitzler uns mit kühnem Griff eine zwar alte,
896 2070 1864 2125 Er ist damit verfahren wie Novellensammler, die ja
1870 2083 2834 2138 aber immer noch der jeweiligen Auffrischung bedürfende
896 2106 1862 2166 auch häufig ihre Sammelbände nach dem Titel der
1871 2118 2835 2180 Wahrheit gepredigt: daß angesichts des Todes aller
895 2143 1864 2210 ersten oder der nach ihrer Meinung stärksten Novelle
1865 2164 2834 2226 niedrige Menschenkram von uns abfällt, daß selbst der
896 2188 1862 2229 wählen. Das kleine Schauspiel „Lebendige Stunden“.
1867 2203 2833 2265 während eines langen Leidens genährte Haß wie
896 2229 1859 2286 spielt sich ab zwischen einem alten Herrn, der durch den Ted
1863 2242 2834 2300 mürber Zunder von uns niedersinkt, wenn wir die
892 2257 1858 2324 einer geliebten Freundin oder sagen wir seiner Geliebten,
1864 2276 2825 2345 Fittiche des Todes rauschen hören. Im Spital liegt
895 2297 1862 2366 ganz gebrochen weiterlebt und dem Sohn der Verstorbenen,
1869 2325 2830 2385 auf den Tod krank darnieder ein alter erfolgloser
887 2353 1868 2404 einem jungen Dichter, der das nicht regelrechte Ver¬
1861 2360 2822 2415 Schriftsteller, der vor dem Sterben nur einen Wunsch
883 2379 1866 2434 hältniß der Beiden gebilligt hat, da sein wirklicher
1860 2389 2823 2447 noch hat: einem Jugendgefährten, der es weiter gebracht
881 2414 1852 2479 Vater die Mutter schnöde im Stich gelassen hatte.
1867 2441 2820 2489 als er, und der doch nicht so viel werth sei wie er, in
881 2448 1857 2520 Auch der Sohn ist gramgebeugt und unvernegend,
1859 2471 2817 2533 der letzten Stunde die volle Wahrheit zu sagen, ihm
886 2503 1846 2555 Etwas zu schaffen. Da erfährt er von dem Freunde
1860 2510 2828 2562 seine ganze Erbärmlichkeit vorzuhalten, ihn in seinem
883 2533 1857 2594 seiner Mutter, daß diese, an einem unheilbaren Leiden
1863 2551 2829 2610 aufgeblähten Stolz zu demüthigen durch die Ent¬
891 2574 1854 2634 dahinsiechend, mit eigener Hand ihren Qualen vor der
1859 2588 2828 2647 hüllung, daß nicht einmal sein Weib ihm treu, sondern
884 2598 1856 2677 Schicksalsstunde ein Ende gesetzt, um ihrem geliebten
1859 2626 2822 2681 die Geliebte des Andern gewesen, und der mitleidige
876 2656 1853 2720 Sohn, den sie unter ihren Leiden geistig erliegen sah,
1854 2663 2827 2724 Arzt, der die Absicht des Sterbenden nicht kennt,
883 2695 1849 2745 die Schaffenskraft wiederzugeben. Der Alte, ein
1864 2703 2827 2770 sondern nur dessen flehenden Wunsch nach einer letzten
877 2725 1858 2791 Egoist des eigenen Schmerzes, glaubt, er werde durch
1851 2741 2817 2799 Unterredung hört, willfahrt ihm und führt den Er¬
885 2760 1851 2824 diese Mittheilung den jungen Dichter ganz zer¬
1853 2780 2820 2845 sehnten wirklich an das Sterbebett. Als aber der
876 2808 1850 2864 schmettern und ihn auch in trostloses Nichtsthun
1849 2817 2815 2882 angeblich erfolgreiche Nebenbuhler da ist und dem
873 2850 1847 2906 herabziehen. Statt dessen sieht er, daß diese furcht¬
1848 2856 2822 2926 Todtkranken erzählt, daß auch er nicht auf Rosen
884 2884 1850 2943 bare Enthüllung für den Dichter wirklich eine lebendige
1849 2904 2825 2968 gebettet sei, daß er mit literarischen und anderen
880 2926 1854 2983 Stunde wird daß er sich vornimmt, des Opfers der
1849 2938 2815 3008 Sorgen zu kämpfen habe, da weiß der Kranke kein
875 2953 1852 3031 Mutter durch große Leistungen würdig zu werden.
1853 2973 2817 3040 Wort von all Dem vorzubringen, was er vorher sich
879 2994 2811 3076 Der Alte ist entsetzt über diese Kraft der Jugend, sich wie in einer Generalprobe eingeübt hatte, sondern die
880 3039 2812 3120 aus dem Gram über einen geliebten Menschen durch beiden Menschen scheiden von einander mit freundlichem
872 3072 1848 3139 Arbeit zu erheben und weiter zu leben, der junge
1836 3103 2816 3170 Händedruck. Wir hörten mit Ergriffenheit zu, und die
871 3114 1834 3178 Dichter aber ruft ihm das schneidende Wort zu: Im
1840 3129 2397 3192 Stimmung wurde freundlicher.
873 3155 1841 3211 nächsten Frühling komme ich wieder, und dann wirst
1910 3172 2815 3232 Sie steigerte sich bis zu einem wirklichen Erfolge
875 3195 1454 3251 auch Du weitergelebt haben!
1512 3199 1843 3251 Das breite und
1841 3193 2812 3267 nach dem vierten Stückchen: „Literatur, worin Arthur
877 3227 1843 3295 langsame Ausspinnen dieser Betrachtungen über die
1842 3248 2806 3312 Schnitzler mit seiner wohlbekannten feinen Spottsucht
875 3260 1838 3332 Berechtigung des trostlosen Grams und des Trostes
1836 3291 2808 3352 über männliche Aufgeblasenheit und Dummheit ein
863 3303 1832 3374 in der Arbeit zerrten an den Nerven der Zuhörer um
1838 3327 2807 3388 schlaues Literaturweibchen anmuthig siegen ließ. Die
869 3343 1835 3410 so mehr, als man die Ueberflüssigkeit des Hin= und
1833 3367 2802 3427 allerliebste Plauderei mit ihren vielen lustigen An¬
869 3379 1824 3451 Hergeredes fühlte; denn Jeder weiß, daß man ent¬
1832 3400 2803 3451 spielungen schlug vollkommen durch und gestaltete den
873 3428 1823 3488 beder an einem schmerzlichen Verlust bald zu Grunde
1834 3447 2792 3504 ganzen Abend zu einem wahrscheinlich nicht nach¬
876 3470 1827 3525 geht oder sich, der Eine nur durch die Alles heilende
1832 3479 2799 3548 haltigen Erfolg; aber jedenfalls wird uns wieder ein
868 3498 1832 3566 Zeit, der Andere durch Versenken in gesteigerte Arbeit,
1832 3523 2804 3586 Einakter von Schnitzler zurückbleiben, dem wir zusammen!
856 3535 1827 3601 der Dritte auf irgend eine andere seinem Charakter
1836 3563 2705 3620 mit längeren Stücken noch oft begegnen werden.
856 3582 1835 3644 gemäße Weise tröstet, oder sagen wir: eine Neugeburt
1888 3597 2821 3674 Die Darstellung war in allen vier Stücken vor¬
855 3612 1819 3682 an sich vollzieht. Hier handelt es sich um lauter
1830 3631 2809 3685 züglich. Max Reinhardt, Rudolf Rittner, Hans Fischer,
863 3649 1824 3723 offene Thüren der Lebensweisheit, die nicht erst durch
1826 3681 2793 3731 Albert Bassermann — alle ganz auf der Höhe, die
855 3694 1822 3774 ausspruchsvolle dramatische Mittel eingerannt zu
1830 3710 2796 3782 der Dichter von ihnen verlangte. Die beiden wichtigsten
850 3727 1196 3787 werden brauchen.
1821 3758 2792 3802 Frauenrollen wurden durch Irene Triesch geistvoll und
931 3755 1827 3839 Der zweite Einacter, „Die Frau mit dem Dolche“,
1822 3792 2268 3847 überzeugend dargestellt,
2311 3802 2809 3869 in dem letzten Stückchen
844 3808 1823 3873 muthete uns allerlei nachtwandlerische, traumzuständliche
1825 3827 2794 3895 sogar hinreißend. Für die Künstler des Deutschen
858 3853 1814 3917 Vorstellungen zu, und wir vermochten beim besten
1829 3868 2780 3930 Theaters war der Abend auf alle Fälle ein starker
856 3887 1814 3947 Willen dieser Zumuthung nicht zu entsprechen. Da ist
1822 3904 1983 3970 Erfolg.
2600 3916 2759 3982 E. E.
846 3939 1825 3992 eine ganz moderne Frau eines deutschen Schriftstellers
842 3966 1834 4039 von heute, da ist ein sie anbetender und mit seinen
