3392 4256
1644 330 2029 418 THALIA
1111 340 1262 463 #
2271 468 3153 557 pä andra som om det gällde honom själf.
1379 476 2264 576 gaste reaktions tjänst, att vi äfven af
493 484 1388 564 gift. En insiktskull publik skulle ock öf¬
2314 543 3143 596 Rademacher, en afsigkommen tidnings¬
1391 540 2263 598 detta skäl mäste anse verket förlegadt.
495 552 1386 624 verse med den franske akademikern so¬
2272 586 3144 645 man, vill veta hur länge han ännu har
1387 595 2255 650 Författaren, som pästäs vara en bekän¬
502 598 1389 667 ciologens anspräk i detta afseende, om
2265 626 3156 703 kvar att lefva. Dr Halmschläger svarar
1384 635 2259 710 nelsetrogen katolik och är en öfvertygad
527 649 1385 708 PBarrikaden'' blott vore ett konstverk af
2266 666 3154 748 undvikande, ännu med tankarna pä kafé¬
1384 677 2272 755 monarkist, tager parti sä ensidigt, att
509 690 1384 754 hög rang, sà hög att uppmärksamheten
2263 730 3151 810 besöket och kollegan som väntar: — För¬
1385 736 2272 811 han nästan själf afsäger sig alla anspräk
510 746 1385 808 droges bort frän den i eit politiskt och
2272 770 3163 839 klara er närmare, men, jag ber er, sä
1383 784 2258 863 pä att blifva bedömd ur andra än parti¬
501 797 1382 862 socialt partis tjänst anordnade uppläs¬
2267 826 3158 908 kortfattadt som möjligt. Jag har ännu
1388 839 1666 920 * Synpunkter.
506 845 1385 907 ningen af en serie aktuella, nästan dags¬
2273 880 3161 955 tvä rum kvar. Tänk efter om hvar och
1450 859 2273 955 Och frän dessa till de konstnärliga
501 903 1389 957 politiska konflikter och fästes vid män¬
2918 927 3145 995 — Rade¬
2269 930 2916 991 en skulle hälla pä sä länge“.
1390 920 1775 1008 är ett stort steg.
501 940 1389 1005 niskoskildringen. I vär egenskap af fa¬
2272 971 3147 1039 macher lyekas emellertid öfvertala dr
1782 964 2223 1051 Haaaun Harnas.
506 993 1387 1060 briksägare eiler fabriksarbetare äro vi in¬
2278 1027 3156 1091 Halmschläger. I stället för att uppsöka
504 1030 1392 1105 tresserade af utgängen af vära respekti¬
2265 1065 3159 1144 kaféet tillmötesgär han Rademachers ön¬
504 1092 1389 1160 ve intressens kamp — pä teatern söka vi
2268 1114 3162 1209 skan och far att hämta den bekante
510 1142 1398 1204 andra synpunkter, andra värden; den dis¬
1477 1114 2202 1222 DRAM. TEATERN.
2281 1170 2692 1255 diktaren Weihgast.
500 1195 1395 1264 kussion som där borde föras ligger
2334 1197 3163 1287 Under tiden anförtror Rademacher sin
515 1234 1387 1307 i ett annat plan än det hvari debatten
2272 1272 3146 1333 olycksbroder, skädespelaren Florian Jack¬
1404 1245 2270 1355 Schnitzler:“ Den sista maskeraden“.
505 1292 1393 1363 om dagens kamp för tillvaron besinner
2279 1319 3167 1387 werth, att han skall fä besök. Sä här pä
511 1339 1395 1398 sig. Paul Bourget predikar här ett ka¬
1394 1333 2282 1424 Schnitzler är läkare. Flera gänger har
2282 1365 3160 1446 sjukhuset äro de goda vänner, men, som
501 1391 1399 1450 pitel af det moderna arbetets historia,
1398 1399 2279 1454 S han ocksá lätit sina erfarenheter pä detta
2278 1431 3166 1493 Florian anmärker, hade han uppträdt och
516 1442 1400 1494 sedd ur partisynpunkt, liksom han förut
1393 1446 2277 1511 omräde komma diktaren till godo. Det
2285 1470 3163 1536 den andre skrifvit en nedgörande kritik,
511 1487 1386 1554 predikade ett kapitel ur otrons och skils¬
1388 1499 2272 1561 är ingen tillfällighet att sjukhusluften känns
2283 1522 3171 1579 sä hade de kanske varit dödsfiender. Det
510 1530 1385 1618 mässans historia, arrangerad pä sam¬
1394 1547 2279 1612 sä äkta alltifrän början i“ Den sista mas¬
2275 1570 3166 1629 är med feberaktig spänning Rademacher
1184 1576 1403 1654 är det
853 1582 1189 1650 bägge fallen
509 1588 758 1653 ma sätt.
1394 1588 2282 1656 keraden“ och att orden som kollegerna
2284 1615 3165 1688 afvaktar den store Weihgast’s ankomst.
505 1627 1400 1706 en partikämpes stridsskrifter, hans pro¬
1395 1644 2270 1716 växla fätt en sä öfvertygande doktorsklang.
2291 1667 3163 1741 De ha förr i världen varit goda vänner
511 1678 1399 1752 paganda vi fä till lifs — och i de
2366 1715 3175 1787 för tjugofem är sedan. Samma ut¬
509 1732 1390 1791 bäda närbesläktade verken lä rent konst¬
2545 1757 3174 1839 — men hur skilda ha ej
2282 1764 2561 1839 gängspunkt
522 1792 1409 1842 närliga, rent litterära, rent dramatiska
2294 1826 3165 1875 vägarne sedan kommit att löpa — Weih¬
509 1833 1410 1899 hänsyn i ungefär lika hög grad vika
2289 1865 3160 1937 gast’s högre och högre uppät, Rade¬
512 1878 1406 1967 för andra, ett dramatiskt konstverk ovid¬
2288 1917 3179 1992 machers allt längre och längre ned, den
519 1928 793 2013 kommande.
2285 1980 3176 2037 förres mot rikedom och ryktbarhet, den
566 1957 1405 2051 Det var för fackföreningsagitatorns
2286 2008 3177 2089 senares mot släp, fattigdom och sjukdom.
513 2038 1397 2106 skull Chela Paris“ skulle se “Bar¬
2377 2071 3183 2126 Hvad är det att längta efter nägon
511 2075 1402 2158 rikaden“, ty reklamen förfelade ej
2292 2110 3180 2187 man häller kär mot nägon, man hatar,
527 2130 1392 2212 det ypperliga tillfället att genom att etab¬
2294 2167 3171 2228 gen som man hatat hela lifvet, men som
510 2178 1398 2260 lera ett af författaren själf förnekadt sam¬
2296 2213 3185 2285 man glömt alt slunga sitt hat i ansiktet“.
522 2228 1404 2295 band mellan denna figur och den all¬
2297 2259 3185 2322 Rademacher är rädd att han ej skall lefva
522 2289 1400 2349 bekante Pataud, de parisiska elektriciteis¬
2292 2317 3176 2368 tillräckligt länge, att han skall dö innan
519 2319 1407 2391 arbetarnes '’strejkkung'’, göra stycket till
2305 2360 3170 2428 Weihgast hinner komma, Florian före¬
526 2380 1411 2457 en sevärdhet, en altualitet af första rang.
2298 2400 3176 2466 slär honom att ta en liten inledande re¬
521 2437 1402 2496 Under den säsong härom äret, dà?'Bar¬
2288 2443 3182 2518 pitition, sä han bättre skall gä iland med
519 2482 1410 2548 rikaden?’ drog fulla hus till Vaudeville,
2288 2505 3175 2575 sin uppgift och börjar spela den väntades
520 2531 1408 2606 skrefs det tidningsartiklar i legio om
2290 2559 3178 2621 roll. Rademacher följer ocksä uppma¬
524 2570 1412 2657 stycket, bl. a. af mäster Pataud själl;
2300 2602 3185 2671 ningen och lättar sitt hjärta som om han
530 2616 1418 2685 denne syndikalisthöfding ökade därjämte
2293 2644 3177 2713 talade till Weihgast själf: -Du inbillar dig
532 2675 1414 2728 den allmänna förlustelsen genom att be¬
2974 2701 3176 2766 Jag har
2301 2710 2868 2771 ha varit för mer än jag.
517 2727 1411 2789 gära ett par orkesterfätöljer af den ele¬
2288 2745 3182 2814 genomskädat dig, men inte bara jag utan
531 2769 1413 2852 gante akademikern, som villfor hans be¬
2296 2795 3181 2863 ocksä din hustru — redan för tjugo är
533 2818 1421 2895 gäran. Men intet af allt detta lika litet
2302 2856 3192 2922 sedan. Under tvä är skänkte hon mig
531 2866 1415 2934 som Patauds förresten grundligt miss¬
2300 2896 3181 2962 sin kärlek, kom hon till mig, fylld af
534 2921 1419 2995 lyckade tilltag att resa land och rike
2307 2944 3198 3026 vämjelse öfver din ynklighet — men
529 2975 1408 3043 kring med en föreläsning om 'Barrika¬
2296 2998 3178 3076 jag var för fattig och hon för feg, där¬
536 3023 1414 3101 den'' förmädde skänka stycket mer än en
2296 3046 2910 3123 för stannade hon hos dig“.
535 3066 1413 3124 rätt efemär ryktbarhet. Den konstnär¬
2345 3097 3187 3159 Man förstär, hur gränslöst Rademacher
530 3127 1408 3185 ligt omdömesgilla delen af den parisiska
2300 3127 3185 3212 längtar efter att fä förödmjuka Weihgast,
529 3167 1417 3240 kritiken dräpte stycket med det pästäen¬
2298 3199 3186 3264 och det är med en viss bäfvan man ser
1646 3200 2086 3282 AkrnUR ScHNITZLER.
541 3216 1422 3290 det, att dess träffsäkra figurer förhälla
2305 3246 3190 3308 den verklige anlända och öfvertaga sin
541 3272 1413 3337 sig till förebilderna som fotografier, ic¬
2298 3288 3176 3365 af Florian hittills uppburna roli. Weih¬
1440 3280 2295 3361 *Häll nu inte pä sä länge här igen“,
539 3313 1421 3396 ke som porträtt. Bättre kan deita ej sä¬
2297 3341 3185 3404 gast är idel välvilja. Till en början kom¬
1420 3353 2305 3425 säger dr Tann till dr Halmschläger.An¬
537 3363 1409 3440 gas. Och just porträtt — ej fotografier,
2314 3387 3192 3458 mer sig Rademacher heller inte för med
1413 3393 2301 3456 nars gär jag före till kaféet“. Likgiltig
535 3415 1195 3487 är det vi vilja se pä scenen.
2315 3443 3186 3500 att svara annat än likgiltigt och undvi¬
1421 3451 2302 3510 och otälig slär han sig ned vid bordet
589 3465 1405 3524 Härtill kommer ock att de tider länge¬
2304 3490 3199 3551 kande. Den afundade, berömde diktaren
1416 3494 2307 3574 och bläddrar bland nägra papper under
533 3502 1414 3577 sedan äro förbi hos oss, dä vi i trög
2314 3541 3195 3599 klagar i sin tur rätt bittert öfver silt öde.
1424 3553 2308 3622 det att den andre börjar sin lilla komedi
537 3556 1418 3627 oberördhet kunde nöja oss med att lyss¬
2314 3584 3198 3647 De yngre söka detronisera honom och
1424 3600 2312 3664 med att muntra upp ett par dödsdömda.
541 3613 1419 3667 na till ekot af de sociala samman¬
2309 3637 3181 3702 behandla honom med hän och öfverläg¬
1424 3653 2286 3711 Med Florian Jackwerth gär det ju lätt —
543 3659 1418 3730 drabbningarne ute pa kontinenten.
2313 3683 3187 3751 senhet. Hvad hjälper det att man sträf¬
1425 3703 2300 3763 han anar ingenting själf —, Rademacher
550 3705 1415 3772 Utan att förlora oss i fraser hafva vi i
2312 3729 3193 3804 vat och sökt göra sitt bästa. Var glad,
1433 3741 2301 3811 däremot har en säkrare förkänsla af hvad
533 3753 1425 3831 Sverige gätt längre än Centraleuropa pä
2316 3786 3187 3852 säger han till Rademacher, alt du slup¬
1427 3795 2302 3869 som väntar honom. Hur verkningsfull
550 3803 1425 3872 de stora arbetskonflikternas omräde.'Bar¬
2303 3823 3188 3901 pit ifrän att göra sädana erfarenheter som
1429 3843 2304 3911 är inte denna första grundton af den ut¬
541 3850 1432 3922 rikadens“ nyheter äro “vieux jeux“ för oss.
2312 3869 3190 3951 jag. En tröst har han i alla fall — sin
1428 3896 2312 3965 slitna yrkesmässigheten som bryter sig
593 3907 1416 3973 Och till sist! Paul Bourgets belys¬
2315 3934 3187 4001 hustru. Hon förstär att äterskänka honom
1433 3953 2304 4003 mot döendes ängest. Man vill ju all¬
550 3951 1422 4013 ning af kampen mellan kapital och ar¬
553 4019 3196 4078 bete är sà afgjordt ställd i den orubbli- tid tro att en läkare skall räkna pulsslagen tron pä sig själf, att ge honom skapar¬
