3436 4224
431 121 1756 198 Alex. Weigl’s Unternehmen für Zeitungs-Ausschnitte
1428 190 1602 258 Ausschnitt
745 201 1387 324 „OBSERVER“
1419 219 1750 337 Nr. 48
342 320 1814 405 I. österr. behördl. conc. Bureau für Zeitungsberichte u. Personalnachrichten
539 393 1645 492 Wien, IX1, Türkenstrasse 17.
740 466 1422 557 Filiale in Budapest: „Figyelö“ —
347 534 1794 633 Vertretungen in Berlin. Chicago, Genf, London, Newyork, Paris, Rom, Stockholm.
343 659 863 751 Ausschnitt aus:
349 803 596 915 vom
585 876 892 965 14—
1030 807 1697 991 Geriger Locai-Anzc iner
1508 1435 3350 1484 des iebenschaffenden Todes gegeben. Dem Dichter Hasses und der Verachtung offenbaren. Aber et
1514 1471 3352 1541 Arthur Schnitzler — und er ist ein Dichter — ents Ikommt nicht dazu — der Lebende ist zu klein
692 1451 1419 1552 Cheater und Mulik.
592 1503 658 1576 6
2414 1507 2806 1580 geistig zu werthlos.
1503 1512 2421 1576 faltete sich diese Tragödie zu einer Reihe neuer Bilder,
2482 1522 3359 1604 „Litteratur“, der gute Beschluß, ist ohne „tiefert“
1512 1558 2412 1605 zu einer Kette feelischer Processe. Aber er sah
637 1547 1500 1610 W. R. Im Deutschen Theater hatten gestern
2423 1590 3341 1652 Idee. Ein lustiges Bild aus dem Leben der Münchesier
2370 1597 2417 1646 ie
1508 1594 2342 1639 diese Bilder gleichsam in ihrer Abstraction,
583 1597 1505 1640 (Sonnabend) die vier Einakter von Arthur
2425 1632 3338 1687 und Wiener Kaffeehaus=Litteraten, voll Witz
1507 1631 2414 1701 wurden ihm nicht lebendig, sondern sie
359 1608 1496 1678 Für 50 Zei Schnitzler mit ihrem Gesammttitel „Leben¬
2056 1667 2416 1725 Sie waren in
2423 1666 3343 1728 und Bosheit, mit allerlei guten Anspielungen, ein
430 1669 551 1725 100
1506 1662 2053 1726 bleben in der Idee.
578 1674 1499 1729 dige Stunden“ ein etwas spätes, aber gutes
2425 1703 3347 1762 Einakter, der unterhält und sich in seiner Anspruchs¬
1504 1700 2417 1762 seinem Geiste Novellen mit feinster Schilderung,
442 1708 551 1756 200
586 1721 1495 1778 Ende. Man war erfreut, man war sogar ent¬
435 1750 552 1801 500
2426 1746 3346 1803 losigkeit länger behaupten wird, als die tief sein
1499 1755 2419 1798 1 mit innigster Ausmalung von Moment zu Moment.
577 1746 1498 1817 zückt, und der Beifall wollte nimmer aufhören.
2425 1780 3336 1853 sollenden Ideendichtungen ohne echtes Empfinden,
1513 1786 2421 1843 „Und diese feinen seelischen Processe nahm er und
368 1783 551 1844 „ 1000
597 1797 1499 1845 Wer hätte das gedacht nach diesem Anfang! Es war
2431 1814 2926 1880 ohne menschliche Wahrheit.
1504 1827 2416 1889 zerschlug sie vergröberte sie und muchte Ein¬
538 1828 1497 1894 Ge wirklich ein Vergnügen. Man durfte die weihe¬
434 1828 547 1897 Im
2488 1857 3340 1914 Fräulein Irene Triesch und die Herren Reinhardt,
1502 1862 2425 1927 alter daraus. Die größten und letzten Momente
334 1867 1496 1922 Abonnement volle Miene echt menschlich glätten, man brauchte
2425 1887 3343 1962 Rittner, Bassermann und Fischer waren die Haupt¬
1510 1906 2421 1947 des Lebens, der tiefinnerste Proceß der
328 1911 1504 1990 Abonnenten #r nicht mehr über tiefverborgene Dinge und höhere
2424 1943 3346 2002 träger der Rollen und durchgehends vorzüglich.
1504 1948 2412 2003 Natur und des schaffenden Geistes im Lichte der
594 1947 1505 2000 Gedanken zu grübeln, man mußte nicht mehr
1518 1987 2331 2046 Bühnenlampen! Und es wurde auch danach.
2428 1982 3346 2030 Nach dem zweiten und dritten Stück fühlte sich
588 1985 1504 2032 litterarisch sein — man konnte lachen, recht herz¬
1559 2025 2418 2073 „Lebendige Stunden“, der erste Einakter,
2431 2025 3340 2069 das Publikum zum Beifall und Hervorrufen ver¬
436 2020 1500 2074 Der „Olich lachen, wie bei jedem anderen Lustspiel, wie
2428 2063 3335 2128 bunden. Aufrichtiger aber geschahes beim guten Ende.
1508 2056 2426 2108 soll zeigen, wie ein junger Dichter, dessen
332 2042 1389 2121 Inhaltsangab bei einem ganz gewöhnlichen Schwank.
1518 2090 2427 2154 Schaffenskraft plötzlich erlahmt ist, zu einem
332 2081 1496 2160 blütter (TArthur Schnitzler hatte sich menschlich herab¬
329 2133 583 2187 wodurch eine
1518 2142 1939 2196 echten Dichter wird,
1940 2136 2432 2196 als er erfährt, daß
596 2138 1500 2199 gelassen einen Schwank zu schreiben, einen
324 2160 593 2222 des In- und
1508 2176 2428 2238 seine geliebte Mutter Selbstmord beging, um
596 2176 1510 2239 geistreichen, malitiösen, übermüthigen Schwank,
330 2210 602 2277 werden in Wie
1514 2218 2429 2269 den Sohn, den ihre Krankeit im Schaffen
602 2201 1502 2272 der wirklich lustig ist. Er heißt „Litteratur“
1513 2255 2431 2311 hinderte, ven sich zu befreien. Eine innerlich un¬
586 2242 1500 2314 Freilich, er heißt nur so, aber er ist ein guter
1508 2290 2436 2354 wahre Idee, eine Barbarei und eine psychologische
599 2299 1506 2356 Spaß. Die anderen drei Einakter führen nicht
1503 2336 2433 2386 Ungeheuerlichkeit dazu. Eine vollständig un¬
586 2331 1504 2388 litterarische Titel, aber sie sind ganz Litteratur.
1515 2377 2435 2433 gerathene Sache, denn es ist Schnitzler weder ge¬
588 2369 1513 2426 So ganz und gar, daß man nur mit ergebenem
1514 2417 2441 2474 ungen, den Schmerz des Sohnes zu schildern, noch
590 2417 1499 2471 Respect auf die Worte lauschen und mit heißem
1510 2451 2426 2503 sieht manirgend eine Spur davon, daß der Todhier das
589 2457 1501 2507 Bemühen über Wort und Seene nachdenken muß.
1512 2487 2434 2540 Erwa##n neuen geistigen Lebens schafft. Dieser junge
589 2498 1500 2554 Denn was man sieht und hört, liegt ziemlich
1504 2531 2429 2588 Dichter ist nur ein neurasthenischer Dichterling und
588 2530 1504 2582 jenseits von Einfachheit und echtem Empfinden.
1506 2563 2299 2619 ein Phrasenheld. Und weiter auch nichts.
589 2570 1509 2636 Es ist ein Ausflug auf das nebelhafte Gebiet der
1569 2602 2434 2663 „Die Frau mit dem Dolche“, der zweite
595 2611 1508 2674 abstracten Ideen, der subtilen psychologischen
1520 2646 2438 2694 Einakter, schlägt andere Töne an. Ein sonderbares
596 2656 892 2712 Speculationen.
1516 2690 2436 2738 Gemisch von Realismus und Spukromantik,
646 2680 1503 2747 Ein Gedanke, eine These, ein psychologisches
1515 2723 2440 2773 die sich als Symbolismus, als Schilderung der
589 2719 1507 2777 Axiom vereinigt die drei ersten Stücke. Es ist
1510 2766 2437 2816 ahnenden Ueberströmungen der Seele gerirt, die
589 2761 1503 2808 der Gedanke, daß die Todesstunde des Sterbenden
1513 2790 2446 2856 aber in ihrem wahren Wesen nur grobe Theatralik
599 2806 1502 2854 dem Lebenden, und zwar dem schaffenden Künstler
1517 2826 2450 2887 ist. Eine Frau giebt sich mit ihrem Lieb¬
600 2848 1500 2901 die lebendigen Stunden schafft. Das quellende
1507 2866 2444 2938 haber ein Rendezvous im Museum vor dem Bilde
598 2883 1498 2941 Leben sprießt aus dem Tode, wo das Vergehen
1508 2922 2438 2971 der „Frau mit dem Dolche". Dieses Bild ist der
1238 2922 1502 2977 Wenn der
1062 2921 1243 2973 Werden.
598 2918 1054 2984 einsetzt, beginnt das
2068 2959 2430 3015 Und vor dem
1392 2964 1506 3005 nur
1512 2956 2072 3024 jungen Frau sehr ähnlich.
593 2953 1398 3015 Geist eines Menschen entflieht, der
1517 2992 2050 3057 Bilde philosophirt sie, ob
2045 2991 2432 3050 sie dem geliebten
604 3004 1501 3049 eine kurze Episode im Alltagsgetriebe war,
1515 3034 2440 3094 Gatten untreu oder dem ungeliebten Lieb¬
1105 3035 1504 3083 sein Dahinscheiden
864 3033 1086 3094 Schmerz,
599 3034 866 3095 schafft sein
1512 3069 1883 3126 haber ein recht
1875 3064 2433 3130 heimliches Stelldichein in
591 3064 1512 3133 dem beobachtenben, dem mitfühlenden lebenden
1508 3089 2444 3158 dessen Wohnung geben soll. Plötzlich sieht sie
591 3110 1506 3167 Künstler das wahre Leben, die kürzere oder län¬
1517 3142 2436 3197 sich einige Jahrhunderte vorher, als Florentinerin
584 3138 1507 3206 gere Unsterblichkeit. Dieser Gedanke ist nicht neu,
1512 3184 2432 3245 und Zeitgenossin der Medici. Sie sieht sich als
600 3186 1507 3245 er ist oft in anderer Form ausgesprochen worden,
1513 3218 2438 3271 Gattin eines Künstlers, am Morgen einer
596 3228 1507 3290 er wird täglich zur That. Der Dichter, der
1520 3258 2442 3313 Nacht, die sie mit einem ungeliebten Geliebten
1419 3258 1511 3315 er¬
587 3267 1428 3328 durch den Tod eines geliebten Menschen
1522 3303 2436 3358 verlebt hat. Der Gatte kommt plötzlich an,
592 3301 1512 3353 schüttert wird und dem der Schmerz die
1514 3342 2435 3383 und die treulose Frau ersticht vor den Augen
604 3338 1516 3390 schönsten Worte giebt, der Musiker, der in
1523 3376 2429 3432 ihres Mannes, den sie liebt, den „ungeliebten“
605 3380 1507 3435 tiefster Traurigkeit die gewaltigsten Töne und
1516 3418 2429 3472 Jüngling, der ihr eben die Schäferstunden
604 3421 1507 3482 Harmonien findet, der Maler und der Bildhauer,
1523 3457 2438 3507 verschafft hatte. Und den Moment des Sterbens
597 3460 1501 3507 die unter stärkstem seelischen Tiefdruck den Tod
1513 3489 2435 3541 benutzt der Gatte, um seine Frau mit
606 3510 1508 3555 beobachten und nachbilden, der Schauspieler, der
1510 3529 2437 3590 dem Dolche und den Stervenden dazu zu malen.
594 3539 1514 3598 das Sterben an seinen liebsten Angehörigen studirt
1522 3574 2438 3619 Der Vorhang fällt plötzlich, geht wieder auf, die
672 3578 1511 3630 sie haben ihre lebendigen Stunden, wenn
1522 3606 2444 3661 junge Frau und ihr Galan stehen wieder im
591 3611 1462 3674 Herrscher Tod seine dunkeln Fittiche ausbreitet.
1525 3656 2445 3704 Museum, und sie sagt dem liebegirrenden
651 3646 1519 3706 Man erzählt von einem Maler die furchtbare
1957 3687 2435 3741 am Abend zu ihm
1842 3686 1954 3739 sie
1530 3678 1849 3749 Jüngling, daß
590 3695 1506 3749 That, daß er einen seiner Schüler ans Kreuz ge¬
1527 3733 2424 3774 kommen werde. Ein böser Traum mit einer cyni¬
601 3731 1515 3797 nagelt hat, um das Sterben am Kreuze zu sehen
1520 3764 2422 3823 schen Pointe, eine Anekdote mit verzwickter Psy¬
606 3762 1519 3830 und einen Crucifixus zu malen. Man erzählt von
1529 3814 2438 3867 chologie, mit einem großen Bühnenapparat, mit
595 3800 1518 3863 einem anderen Maler, daß er, der ein ganzes
1525 3846 2218 3911 großen Worten und kleinen Gedanken.
598 3849 1510 3911 Leben hindurch ein Stümper war, ein unsterbliches
1583 3870 2437 3928 „Die letzten Masken“, der dritte Ein¬
598 3889 1510 3931 Werk schuf, als er feinen einzigen Sohn malte,
1525 3908 2439 3967 akter, beschließt den Cyelus. Ein Sterbender will
596 3925 1510 3981 der todt vor ihm lag. In wenigen Worten,
610 3950 2455 4024 in wenigen Begriffen ist hier die ganze Traegödi; einem Menschen, den er haßt, das ganze Maß des
