3484 4320
714 178 1450 277 Theater und Musik.
552 260 1579 353 „Lebendige Stunden“ von Arthur
921 324 1230 388 Schnitzler.
639 359 1575 437 Knapp vor Schluß der Spielzeit hat die
552 418 1579 481 Direktion noch diese vier Schnitzler'schen Ein¬
562 474 1572 536 akter angesetzt. Das Bestreben der Direktion,
555 519 1562 586 literarische Neuheiten, die in Wien und ander¬
551 562 1569 632 wärts Beachtung fanden, auch dem Troppauer
554 615 1553 676 Publikum vorzuführen, verdient vollste Aner¬
502 661 1572 735 50 kennung. Die Provinz unterhält sich gut, wenn
364 662 478 723 Für
1585 693 1780 749 inelnsive
485 711 1557 764 100 sie erfährt, was in der Großstadt Aufsehen er¬
1601 738 1753 784 Porto.
481 753 1573 840 200 regt hat. Die Provinzler teilen zum Glück nicht
1575 770 1770 821 Zahlbar
469 787 1572 862 500 immer das Urteil der Großstädter, es fehlt ihnen
1572 812 1806 877 im Voraus.
392 826 555 896 „ 1000
561 850 1558 927 der Sinn für das nur Bizarre, auch ist die Provinz
486 872 561 922 In
1558 874 1805 939 itte ist das
567 901 1560 973 konservativer, das heißt vielen neuen Bühnen¬
366 901 546 964 Abonnen
1557 921 1812 979 steht es den
367 953 553 1011 Abonnen
558 951 1689 1022 werken gegenüber gesprochen, naturgemäß mora=sadern.
557 1004 1558 1075 lischer als die Großstadt. Wenn nun der Provinz
551 1034 1817 1126 diese vier dramatischen Skizzen vorgeführt werden sthaltend die
364 1060 541 1124 Inhalts:
1562 1080 1798 1136 Morgen¬
569 1092 1810 1175 sagt sie zur ersten: „Langweilig, zur zweiten jer Zeitung")
376 1105 544 1167 blätt
380 1155 545 1207 wodurch
566 1148 1815 1231 voll Entrüstung: „Aber!“, zur dritten „Scheuß= sthschaftliche
373 1196 552 1245 Leben d
1571 1202 1812 1259 Diese Mit¬
556 1186 1545 1259 lich traurig“ zur vierten wenn auch lachend,
373 1231 539 1292 theilung
559 1224 1561 1304 wiederum: „Aber!“ Die Provinz hat doch wohl
548 1297 1554 1358 mit ihrem „Aber“ Recht. Irgendwelche literari¬
559 1338 1568 1398 sche Bedeutung ist man außer Stande, diesem
558 1395 1553 1458 Skizzen=Zyklus zuzubilligen, man kann nur die
557 1443 1550 1504 Kourage des geistreichen Mannes bewundern,
544 1495 1553 1553 der diese Skizzen unbedenklich hingezeichnet hat,
550 1531 1545 1602 und nicht nur Einzelnen seiner Intimen,
537 1595 1541 1654 sondern auch Mehreren zugleich, ja Allen zur
536 1632 1554 1698 Ansicht vorlegt. Der Versuch Schnitzler's novel¬
2266 1634 2730 1739 Teleplion 12801.
533 1673 1551 1743 listische Skizzen dramatisch einzukleiden ist je¬
540 1734 1562 1801 falls mißlungen. Das erste Stück bringt einen
1942 1718 3109 1791 ex. Weigl's Unternehmen für Zeitungs-Ausschnitte
542 1780 1550 1844 pointelosen Gedankenaustausch zwischen zwei
2757 1781 3064 1871 See Ausschnitt
533 1819 1547 1900 Leuten, einen Gedankenaustausch über Eindruck
2145 1825 3157 1933 „OBSLH VLK Nr. 93
535 1869 1549 1946 und Einfluß des Selbstmordes einer nahestehen¬
542 1920 1546 1976 den Verwandten. Es geschieht nichts anderes
1763 1918 3222 2001 I. österr. behördl. conc. Bureau für Zeitungsberichte u. Personalnachrichten
539 1967 1545 2037 auf der Bühne, als daß die Beiden ihre Plätze
2050 1995 2958 2072 Wien, I., Concondiaplatz 4.
537 2021 1546 2088 rechts und links stellenweise wechseln, nachdem
2008 2053 3204 2110 n in Berlin, Budapest, Chicago, Genf, London, Newyork, Paris, Rom,
545 2069 1549 2137 sie zur Abwechslung einmel aneinander vorbei¬
2139 2102 2858 2169 Stockholm, Kristiania, St. Petersburg.
1679 2044 2018 2173 Neios
551 2126 1551 2179 gelaufen sind. Wozu also die Bühne? Das zweite
545 2171 1550 2231 und vierte Stück predigt arg verwegen, daß nur
539 2218 1541 2277 der Augenblick und seine Triebe Geltung haben
1776 2227 2254 2315 Ausschnitt aus
2261 2226 2998 2342 Susane -atan
536 2273 1542 2341 und verneint alles wirkliche Empfinden, dabei zeigt
530 2301 1541 2378 das vierte als das geistreichste, aber kühnste Stück
2287 2335 2394 2446 9
547 2370 1531 2437 eine Ungeniertheit, die bei dem Mangel jedwe¬
1770 2359 2307 2472 vom:„1
536 2411 1536 2463 den ernsten Zweckes abstoßend wirken muß. Das
532 2449 1548 2536 dritte Stück, eine Spitalsszene, in der ein kranker
528 2508 1546 2579 Journalist in seiner Sterbestunde einen ehema¬
526 2560 1551 2606 ligem Freund und Kollegen zu sich bittet, den
1947 2589 3059 2645 * Wien. Arthur Schnitzlers Einakter=Folge „Lehendige
525 2596 1535 2673 er aus Neid haßt und aus Haß durch eine Mit¬
1884 2633 3063 2688 Stunden“ wurde am 14. März zum ersten Male im Deutschen
533 2649 1542 2708 teilung über sein Weib unglücklich machen und
1877 2679 3061 2743 Volkstheater aufgeführt. Im Vorjahre hatte sich das Deutsche
524 2704 1545 2773 vernichten will, wirkt widerlich. Die Schauspie¬
1870 2732 3068 2783 Theater gelegentlich seines hiesigen Gastspieles reiche Ehren mit
522 2747 1542 2822 ler haben dabei die schwerste Aufgabe; sie sol¬
1877 2765 3073 2823 den vier Einakiern geholt. Auch das Volkstheater verdankt ihnen
531 2799 1546 2872 len die Zeichnung vervollständigen, zu der bloß
1876 2811 3072 2866 einen seiner glänzendsten Abende in dieser Saison. Am meisten
521 2855 1532 2915 der Umriß gegeben ist. Das gelingt schwer, ge¬
1877 2852 3077 2917 packte der dritte Einakter „Die letzten Masken“ in dem
518 2900 1548 2961 lang im zweiten Einakter „Der Frau mit dem
1876 2904 3069 2957 Weisse sich auszeichnete. Das dramatisch bewegte Stück „Die
1887 2946 3078 3019 Frau mit dem Dolche“ und der diskret satirische Akt
518 2942 1533 3012 Dolche“ auch tatsächlich fast gar nicht, bedauer¬
1893 2981 3068 3049 „Literatur“ schlugen schon deshalb ein, weil man in ihnen
524 3003 1522 3058 licherweise blieben beide Darsteller in der Traum¬
1887 3025 3074 3085 endlich einmal wieder Adele Sandrock bewundern konnte. Der
518 3037 1545 3118 bildszente, in welcher Schnitzler die Sprache ganz
1884 3076 3079 3141 erste Einakter „Lebendige Stunden“ hatte infolge der zu
1900 3117 3076 3182 seinen Intimität der beabsichtigten Wirkung einen etwas
505 3151 1529 3229 herrlich meistert, fast unverständlich. Sehr brav
1889 3160 3085 3233 schwächeren Erfolg, desto stärkeren und nachhaltigeren errangen
1902 3199 3178 3266 wie gesagt die drei anderen. Der Dichter wurde oft und mitlnsive
501 3204 1527 3261 war der Benefiziant Herr Walter in dem Ein¬
3015 3241 3141 3291 örto.
514 3243 1536 3321 akter „Die letzten Masken“. Als beste Leistung
1893 3257 2398 3335 steigendem Beifall gerufen.
2791 3269 3167 3357 Tiun Shibar
1867 3305 1986 3354 500
505 3307 1531 3373 des Abends ist jene des Herrn Felix als herab¬
2813 3318 3203 3396 200.—im Voraus.
2619 3342 2682 3394 „
1794 3342 1989 3405 " 1000
500 3345 1525 3409 gekommener Schriftsteller im vierten Stück „Lit¬
1881 3372 3207 3433 Im Gegensatze zu anderen Bureaux für Zeitungsausschnitte ist das
499 3393 1519 3470 teratur“ zu verzeichnen, ihm war Frl. Köchl
2843 3421 3211 3475 auch steht es den
1769 3431 2805 3487 AAbonnement durch keine bestimmte Zeitdauer begrenzt;
499 3437 1042 3512 eine tüchtige Partnerin.
1772 3466 3081 3520 Abonnenten frei die aufgegebenen Themen zu ergänzen oder zu ändern.
1410 3458 1511 3536 *
595 3517 1521 3611 Spielplan des Stadttheaters. Morgen
1892 3541 3207 3594 Der „OBSERVER“ veranstaltet täglich einen Auszug enthaltend die
1770 3587 3211 3627 Inhaltsangabe aller wichtigen Mittheilungen der Wiener Morgen¬
502 3580 1501 3648 Samstag gelangt zum Benefize der Operetten¬
1780 3633 3210 3680 blätter (Tagesjournale ausser „Neue Freie Presse“ und „Wiener Zeitung")
510 3634 1519 3711 sängerin Fräulein Helma Goeth die ebenso
1785 3666 3216 3717 wodurch eine Uebersicht über das gesammte politische und wirthschaftliche
504 3684 1523 3752 melodiöse als lustige Operette „Gasparone“.
1780 3705 3214 3752 Leben des In- und Auslandes in drastischer Kürze geboten wird. Diese Mit¬
506 3733 1513 3810 zur Aufführung. Die Hauptrollen sind in Hän¬
1765 3745 2798 3814 theilungen werden in Wien um 9 Uhr Früh verschickt.
514 3782 1520 3860 den der Damen Goeth, Schiller, Straß¬
506 3828 1505 3902 meyer und der Herren Hofer, Mathieu.
2101 3829 2874 3901 Prospecte gratis und fnanco.
512 3875 1508 3964 Als Benozzo debutiert Herr Max Nekut. Sonn¬
504 3917 1512 4013 tag Nachmittag 4 Uhr geht als letzte Nachmit¬
497 3982 1518 4057 tags =Vorstellung die Operettenneuheit „Der
501 4026 1514 4106 liebe Schatz“ in Szene. Abends halb 8 Uhr
534 4077 1508 4147 ird die Operetté „Gasparone“ wiederholt.
