3392 4256
1780 263 1854 327 18
1928 252 2381 346 box 2175
229 266 1902 364 16.1. Lebendige Stunden Zvk1E
522 1426 1666 1479 Leonhard und Herr Rüthling als Remigio mitwirkten,läßt
1678 1431 2838 1487 guten Lanne der drei Mitwirkenden einen durchschlagenden
527 1462 1662 1512 mithin die Frage nach dem Ende ebenso offen wie mans bei dem
1687 1462 2833 1509 Erfolg hatte. Margarethe, die ehemalige Gattin eines nüch¬
507 1495 957 1548 erften Einakter erlebt.
1685 1505 2837 1576 ternen Baumwollenhändlers, die jeduch, zu Höherem geboren,
585 1511 1679 1587 Das Rachebedürfniß ist auch das Motiv des dritten Ein¬
1690 1546 2827 1588 sich eine Zeit lang in der Gesellschhaft vor. Künstlern, Schrift¬
2841 1535 3302 1614 stellten eine nach Mögl
517 1582 1675 1631 akters „Die letzten Masken“, das inhaltlich ergreifendste
1680 1590 2836 1653 stellern und Dichtern wohigefühlt, das Leben der Bohemiens
2838 1599 3306 1664 der Anträge in Aussich
514 1618 1658 1672 unter den vier Stücken für diejenigen, welche sich nicht scheuen,
1671 1620 2834 1684 mit allen prickelnden Reizen durchgemach und auch selber
2843 1635 3306 1695 und Zimmerinnung an
520 1662 1659 1706 auch dem Menschenelend ins Gesicht zu sehen. Im allgemeinen
1678 1655 2836 1722 Gedichte gemacht hat, wird von Baron Clemens, einem nicht
2843 1675 3300 1730 eines Bebauungsplanes
515 1698 1666 1748 Spital liegt der Journulist Karl Rademacher, eine von Herrn
1684 1700 3302 1771 übermäßig begabten, aber doch in seiner Art eirlichen, nur ] Es wurde berichter, da
518 1725 1670 1771 Christoph in Maske und Spiel sorgfältig verarbeitete
1684 1742 2834 1788 für Sport schwärmenden Menschen, gefunden, geliebt und hat
2843 1746 3300 1805 des Magistrats sich 30—
509 1764 1673 1825 Figur im Sterben. In die Agonie des trotz seiner Talente
1679 1781 2835 1844 eben erfahren, daß er sie zu ehelichen gedenkt, als Clemens
2841 1789 3298 1846 Arbeit bereit erklärt hätt
509 1824 1665 1866 vom Leben Zertretenen plappert der Schauspieler Florian
1683 1818 2833 1879 zu erkennen giebt, wie unangenehm er es empfinden würde,
2846 1824 3303 1884 dieser Fachleute aber weg
506 1843 1666 1898 Jackwerth, selber ein schwindsüchtiger Todeskandidat, der aber
1681 1860 2826 1910 wenn seine Frau schreiben und dichten würde. Der nüchterne
2835 1877 3296 1928 verlaufen seien. Auf
519 1889 1658 1933 selbst durch das Studium der Kranken und Sterbenden noch
1678 1896 2828 1944 Lebende hat absolut kein Verständniß für das Dichten und
2839 1906 3290 1957 trolleurs Stuckmann se
504 1926 1662 1985 für seinen Beruf zu profitiren hofft, hinein und weckt ahnungs¬
1677 1944 2827 1995 Denken der Künstler. Nun hat aber Frau Margarethe, die
2846 1948 3311 2006 messer Abendroth in H#
510 1967 1665 2003 los in dem Journalisten nochmals den flammenden Haß des
1683 1976 2825 2041 Fräulein Soden mit auserlesenem Geschick im ewigen Kampf
2831 1986 3299 2039 vorer die Aufstellung
509 2009 1659 2049 Sterbenden gegen das Leben, an dem er sich vor seinem Tode
1680 2018 2830 2068 zwischen Lüge und Wahrheit zeichnete, schon einen Band Ge¬
2837 2023 3300 2078 für die Stadt und die
498 2047 1662 2101 rächen möchte. Die Person, an der er Rache und Haß ihren
1678 2056 2832 2113 dichte geschrieben und augenblicklich einen Roman unter der
2837 2064 3304 2117 sicht zu nehmenden Stra
501 2091 1657 2140 Lauf lassen will, ist sein Jugendfreund Alexander Weihgast,
1680 2094 2822 2150 Presse, in dem sie ihr früheres Liebesverhältniß mit Gilbert
2844 2102 3305 2155 An diesen Plan habe si
499 2118 1663 2168 ein Schriftsteller, der, obwohl ein flacher Mensch, vom Glück
1681 2134 2827 2193 unter Einflechtung des mit ihm gepflogenen Briefwechsels
2838 2139 3312 2214 dessen Aufstellung gegen
506 2164 1666 2216 in die Höhe getragen, aber trotzdem von der eigenen Gattin
1677 2166 2823 2218 künstlerisch verwerthet hat. Dasselbe aber hat Gilbert, der
2834 2177 3121 2228 anzuschließen.
504 2202 1664 2240 als Hohlkopf erkannt und, indem sie Rademacher's Gelievie
1667 2220 2829 2275 auf der Durchreise seinen Besuch macht, auch gethan und ein
507 2245 1668 2295 wurde, betrogen wurde. Das Alles will der Unglückliche
1673 2249 2831 2316 Exemplar seines Werkes mitgebracht. Wenn nun Clemens,
509 2277 1665 2331 Sterbende dem glücklichen Lebenden, den auf sein flehentliches
1664 2289 2820 2349 der durch Margarethe's Bekenntniß zornig davongeeilt ist,
509 2321 1665 2374 Bitten der Arzt (Herr Kroneck) herbeizuholen verspricht,
1666 2319 2826 2400 um den Roman seiner Braut einstampfen zu lassen, diesen und
507 2362 1661 2412 ins Gesicht sagen; und wie er's sagen will, das erfährt der
1670 2357 2823 2422 denjenigen Gilbert's lesen würde, so würde ihm das frühere
505 2385 1667 2452 Zuschauer aus einer Probe der beabsichtigten Szene, zu welcher
1666 2402 2822 2466 Liebesverhältniß der Braut enthüllt sein und aus der Heirath
2891 2312 2992 2474 8
496 2440 1668 2484 der Schauspieler, von Herrn Franke sehr nett gegeben den
1671 2446 2819 2499 würde nichts werden. Richtig kommt Clemens zurüc, hat die
499 2485 1664 2528 Sterbenden veranlaßt. Mit elementarer Gewalt kommt der
1677 2486 2825 2526 ganze Auflage einstampfen lassen und #ur ein Exemplar des
494 2512 1650 2556 wilde Haß des vom Leben Betrogenen zum Ausbruch; aber
1679 2523 2823 2565 Werkes seiner Braut zum Privatgebr.auch mitgebracht. Aber
493 2550 1667 2596 als dann Weihgast, für den Heic Gerlach recht hübsche
1679 2559 2827 2608 diese, so zornig sie vorher über die Geringschätzung ihrer Dich¬
496 2592 1650 2644 Qualitäten mitbrachte, neben dem Sterbenden sitzt und die
1672 2603 2820 2645 tung war, nimmt jetzt das Buch und wirfts ins Feuer wie
505 2628 1661 2678 Maske des mitleidsvollen Freundes aufsetzt, da vermag auch
2885 2563 3247 2707 Zahr
1682 2632 2819 2687 sie sagt, aus Liebe zu Clemens der's glaubt. Der Zuschauer
500 2665 1658 2708 Rademacher nicht sich zu geben, wie er wollte; und unter der
1666 2665 2824 2726 aber kennt das Motiv besser, ist aber ganz froh, daß diese
2874 2677 3279 2747 Zur Reinhaltung d
493 2706 1659 2767 Maske des Versöhnten bricht er zusammen. Das ist die letzte
1676 2715 2818 2775 Farce, in der Herr Franke als Clemens und Herr Kroneck
2882 2731 3308 2785 allein nicht. Die En
504 2741 1193 2801 Komödie unter den letzten Masken.
1668 2758 2831 2812 als Gilbert mit Fräulein Soden ein außerordentlich exaktes!
2881 2770 3308 2825 sich unausgesetzt ne#
571 2778 1658 2837 Der tief tragischen Episode folgt dann zum Schluß das
1665 2793 2817 2841 Ensemble schufen, für alle Theile befriedigend abschließt.
2882 2801 3310 2860 kann nur durch di
502 2807 1650 2876 Lustspiel „Literatur“ das, wie gesagt, einzige wirklich
1671 2834 2815 2889 Margaethe wird gewiß nicht mehr schriftstellern: Gilbert darf
2879 2841 3306 2900 Verbindung mit eine
504 2858 1652 2918 dramatische Stück unter den vier Einaktern, das, allerdings
1668 2869 2811 2937 auf Anerkennung seines Romans hoffen, und Clemens wird
2878 2880 3312 2939 wirkenden Zahn-Cre#
493 2893 1659 2965 nicht frei von etwas pikantem Haut gout. mit der Originalität
1672 2906 3306 2983 seine Braut heimführen, die Unschuldige! Denn was ich nicht □ „Kalodont“ in erfolg
504 2940 2198 3015 der Erfindung und der Grazie der Bühnenmache eine Portion ] weiß, macht mich nicht heiß.
2622 2952 2751 3022 G. H.
3021 2954 3312 3009 in allen Kultg
497 2967 1695 3039 amüsanter Satire verbindet und am Sonnabend dank der
