3436 4384
2085 101 2535 195 box 21/3
282 113 1942 219 16. 1. Lebendige Stundenzykius
626 428 2608 513 . M   i
440 493 1362 552 # eiserner Nothwendigkeit nach dem in solcher
1384 498 2303 559 schon einmal, vielleicht in einem früheren Dasein,
2294 482 3258 570 ###rrischen Komödianten verkörperte; der Aermstik
433 527 1367 577 Stunde geschmiedeten Ringe weiter bildet und
1372 539 2291 591 gethau, gewisse Worte schon einmal gesprochen zu
2301 544 3248 604 ist viel kränkr als er weiß, binnen acht Tagen
424 577 1362 640 formt, so wird uns oft erst ganz spät klar, daß
1363 588 2300 636 haben. Vor dem florentinischen Gemälde einer
2302 597 3226 652 wird er, nach Aussage der Aerzte, auch gestorben
438 620 1354 678 grade damals der Wendepunkt des Lebens war,
1367 620 2297 680 Frau, in deren rechter Hand in Dolch blitzt, tressen
2300 635 3235 700 sein, aber jetzt scherzt er noch mit seinen Leidens¬
428 672 1357 722 daß damals der Grund zum heutigen Glück oder
1376 673 2288 731 sich in der Kunstausstellung swei Liebende; sie, eine
2296 686 3218 747 gefährten und ist voll der schönsten Hoffnungs¬
430 712 1352 767 Unglück gelegt ward. Dann treten die bestimmen¬
1370 716 2287 780 verheirathete Freu, wird von ihm, einem jungen
2295 733 3211 789 träume. Herr Brahm verstand es ganz wunder¬
435 754 1362 804 den Einzelheiten, die unser Heil oder unser Ver¬
1371 758 2298 829 schönen Manne, mit Liebesanträgen bestürmt. Dem
2300 761 3217 823 bar, den Contrast zwischen der Lustigkeit des tollen
427 797 1367 853 hangniß waren, mehr oder minder deutlich in der
1362 803 2292 849 Weibe, das an der Seite eines brutalen Gatten
2303 808 3216 878 Burschen und seiner Kränklichkeit anzudeuten; ein
433 842 1357 889 Erinnerung hervor, und wir segnen oder verwünschen
1368 854 2287 906 nicht ihr Lebensglück gefunden, klingen die Worte
2296 851 3210 910 trockener Husten erschütterte den zitternden Körper,
426 884 1361 934 jene Augenblicke, je nachdem die Zeit, die zwischen
1369 893 2291 952 des Verehrers wie Zaubermusik in den
2294 894 3219 968 fieberhaft glänzten die Angen, und ein mattes
436 926 1363 981 einst und jetzt liegt, unser Gemüth mildern oder
1363 927 2293 983 Ohren, sie giebt seinen Bitten um ein
2299 947 3224 1013 Geau bedeckte die eingefallenen Wangen. Herr
432 969 1353 1022 verbittern konnte. Weichere, schwächere Charaktere
1372 977 2283 1036 Stelldichein, schon halb nach. Da fällt ihr
2298 979 3225 1054 Montor gab dem eiteln Weigast die richtge
434 1021 1363 1086 werden sich, zum Trost für erlittenes
1371 1018 2277 1075 Blick auf das Gemälde, und ihr Sinn umslort sich,
2287 1037 3214 1102 Färbung. Genau so muß dieser Mann des Zufalls,
430 1048 1357 1129 Ungemach oder zur Entschuldigung für ver¬
1364 1062 2289 1133 wie von Geisterhänden fühlt sie sich davon getragen
2285 1070 3214 1140 dieses Gemisch von schwächlicher Gutmüthigkeit und
1212 1099 1360 1167 Wahn
429 1105 732 1161 hängnißvolles
1037 1106 1158 1161 dem
763 1102 1015 1162 Handeln,
1358 1111 2282 1156 und in längst entschwundene Zeiten entrückt. Die
2284 1111 3220 1182 aufgeblasener Selbstschätzung aussehen und sich be¬
425 1151 1354 1213 hingeben, daß sie jene Stunden anders, besser,
1364 1149 2299 1220 Bühne verdunkelt sich, und wie es wieder hell
2295 1158 3214 1236 nehmen. In kleineren Rollen wirkten sehr verdienst¬
430 1192 1354 1250 hätten durchleben können, aber der Starke, klar
1357 1185 2292 1252 wird, sieht man das Paar in mittelalierlichem
2297 1210 3219 1272 voll die Herren Schroth und Andresen und
424 1227 1359 1295 Denkende, sieht, daß sie nichts als das unabäuder¬
1359 1241 2286 1287 Gewande in einem altflorentinischen Gemach, wo
2294 1255 3226 1328 Fräulein Löge, deren verständnißvolles Spiel be¬
417 1284 1357 1339 liche Ergebniß einer endlosen Reihe früherer That¬
1374 1276 2280 1346 sich Das abspielt, was in verschwommenen Formen
2291 1296 2861 1359 sondere Auerkennung verdient.
416 1327 1354 1369 sachen bilden, und daß sie ihrem ganzen unsächlichen
1370 1331 2287 1388 gleich einer verwischten Erinnerung, durch den
2319 1328 3210 1402 Das jetzte Stückchen des Cyclus. „Litteratur" be¬
422 1363 1351 1433 Zusammenhang gemäß so feste Form gewinnen
1365 1370 2287 1438 Geist der modernen Frau bei dem Er¬
2290 1383 3215 1447 nannt, ist ein Lustspiel. Abgesehen von schier unendlich
422 1407 1346 1481 mußten, daß sie wie lebendige Wesen mit starker
1367 1410 2273 1465 blicken des Gemäldes huschte. Die Florentinerin
2291 1436 3221 1494 langen, wenig fördernden Unterhaltungen, ist das Ding
430 1456 1205 1519 Hand in unser Geschick eingreiten konnten.
1363 1465 2280 1518 tödtet den kecken Maler Leonardo, der das Glück
2289 1467 3224 1531 recht spaßhaft. Gepieffert und gefalzen ist es frei¬
452 1491 1352 1562 Diesem Gedanken entspringen die vier Einacter,
1364 1503 2280 1549 ihrer Liebe genossen. Wieder wird es dunkel, und
2286 1509 3221 1579 lich und nichts für empfindliche Gemüther, aber
415 1533 1347 1601 die Schnitzler uns in ernster, mystischer, schauriger
1367 1548 2289 1611 wieder sehen wir die Bildergalerie mit den beiden
2296 1562 3220 1625 doch mindestens amusant — das entschuldigt viel!
429 1590 1346 1640 und heiterer Ferne unter dem Gesammttitel „Le¬
1359 1598 2278 1651 modernen Menschen; die Frau erwacht aus ihrer
2296 1599 3218 1665 Eine junge Schriftstellerin, Margarethe, die auf
423 1635 1347 1680 bendige Stunden“ bietet. Der erste Act, der den¬
1369 1634 2278 1694 Starrheit, und in dem festen Bewußtsein, daß dem
2282 1635 3211 1706 eine bewegte Vergangenheit zurückblicken kann, hat
418 1663 1347 1728 selben Titel trägt, wie der ganze Cyclus, schildert
1362 1685 2282 1742 bestimmten Geschick kein Sterblicher auszuweichen
2291 1687 3221 1754 Aussicht, endlich in den Hafen der ruhigen Ehe zu
429 1718 1350 1772 in einkönigen, wenig erfreulichen Farben, den Kampf
1366 1721 2282 1779 vermag, reicht sie dem Liebenden die Hand und
2292 1731 3217 1796 gelangen; der Baron Clemens verlobt sich mit ihr
419 1761 1359 1827 zwischen dem ernsten, verbitterien Alter und der
1363 1767 2040 1812 gelobt. zum Stelldichein zu kommen.
2284 1774 3206 1841 und will sie bald heirathen. Da treten plötzlich
428 1801 1363 1849 lebensfrohen Ingend. Die Mutter eines erfolg¬
1384 1795 2277 1868 Man kann das Stückchen nur als einen Scherz
2289 1823 3214 1888 ihre „lebendigen Stunden", durch den Dichter
427 1849 1351 1898 reichen jungen Dichters, die in schwerer Krankheit
1362 1849 2276 1912 des Dichters hinnehmen, dem er, eigentlich über¬
2286 1857 3205 1932 Gilbert repräsentirt, auf und bedrohen ihren
416 1881 1350 1939 dahinsiecht, hat sich selber ein schnelles Ende bereitet,
1364 1896 2275 1957 flüssiger Weise, einen so finstern Hintergrund
157 1882 400 1994 usschnitte
2284 1902 3221 1970 Frieden. Gilbert hat nämlich einst in München in
428 1936 1341 1986 um in dem Sohn durch ihr Dasein nicht den Schaffens¬
1365 1933 2278 1983 gegeben. Herr Montor und Frau Doré gaben
2289 1951 3208 2014 zärtlicheren Beziehungen zu ihr gestanden, als es
197 1951 408 2038 Ausschnitt
420 1981 1355 2039 drang zu ertödten; sie vertraut dies einem lang¬
1355 1978 2266 2035 dem merkwürdigen Paare Leben und Daseins¬
2288 1997 3207 2052 ihr jetzt zuzugeben lieb sein kann. Und außerdem
245 2029 1345 2100 Nr. 9 jährigen Freunde, dem alten Hausdorfer, der sich
1364 2027 2272 2080 berechtigung; ihr Spiel war fein nuaneirt und
2291 2035 3210 2109 hat er noch die Unvorsichtigkeit begangen,
421 2064 1347 2122 ihrer in schweren Zeiten in edelster Weise
1362 2068 2278 2130 frei von jeder Uebertreibung. Bedauerlich war
2286 2089 3207 2137 seinen ganzen Brieswechsel mit ihr seinem jüngsten
145 2084 1351 2172 fersonalnachti gugenommen hat, durch einen hinterlassenen
1352 2120 2274 2171 nur, daß das in Frage kommende Gemälde der
2283 2132 3210 2196 Roman einzuverleiben; denselben Briefwechsel hat
425 2149 1354 2209 Brief an, und hofft, daß ihr Sohn nie von dem
1364 2160 2275 2217 „Frau mit dem Dolche“ als Kunstwerk von äußerst
2281 2160 3210 2241 aber auch Margarethe in ihre neueste Dichtung
146 2162 345 2253 se 17.
416 2189 1348 2248 Geheimniß Kunde erhalten werds. Aber in einer
1360 2208 2274 2275 zweifelhaftem Werthe erschien, das berechtigte
2288 2221 3215 2291 verflochten und so muß ihre Vergangenheit
428 2233 1355 2307 erregten Aussprache zeigt der Alte dem Jungen
1359 2249 1768 2307 Heiterkeit hervorrief.
2284 2265 3211 2338 dem sehr peniblen Bräutigam aus der Lecture
151 2267 1356 2371 laris, Rom, Stodl diesen Brief und glaubt dadurch, ewige Vorwürse
1398 2276 2270 2335 „Die letzten Masken“ führt uns in ein Kranken¬
2290 2311 3202 2369 beider Bücher völlig klar werden. Im
428 2331 1347 2383 ins Gemüth des scheinbar zu leicht Getrösteten zu
1359 2319 2270 2382 haus, in dem der ganz heruntergekommene Jour¬
2285 2342 3203 2407 letzten Augenblick wird die Drucklegung glücklicher
423 2371 1347 2436 senken; aber der Jüngling wälzt die Last der Ver¬
1352 2374 2271 2437 nalist Rademacher, von Herrn Nhil erschütternd
2293 2396 3199 2475 Weise verhindert, und die peinliche Situation löst
426 2412 1342 2477 antwortung kraftvoll von sich, er empfindet deutlich,
1348 2423 2275 2486 und künstlerisch vollendet dargestellt, im Sterben
2292 2439 2675 2490 sich äußerst friedlich.
411 2443 1348 2517 daß die lebendigen Stunden, die die Entschlafene
1350 2466 2274 2528 liegt; der Kranke hat es trotz großer Begabung zu
2320 2470 3202 2556 Der Dialog ist, von den vorerwähnten Längen
410 2506 1342 2561 in das Herz des hochstrebenden Sohnes blicken
1350 2517 2274 2577 Nichts gebracht und muß nun hier elend zu Grunde
2288 2522 3205 2592 abgesehen, mit Witzen und scherzhaften Wendungen
419 2543 1349 2606 lehrte, diese Opierthat gebieterisch von der Mutter
1350 2561 2272 2611 gehen. Er fühlt sein Ende und bittet den Arzt,
2287 2580 3209 2649 reich bedacht und bietet den Künstlern beste
425 2591 1344 2644 forderten, und daß sein Gewissen durch keinen Vor¬
1350 2597 2279 2652 ihm den berühmten Dichter Weigost, seinen ehe¬
2287 2614 3217 2698 Gelegenheit zur vollen Entfaltung ihrer humori¬
421 2631 948 2702 wurf getrübt werden könne.
1359 2642 2275 2685 maligen langjährigen Freund, ans Schmerzenslager
2296 2659 3208 2722 stischen Gaben. Die Besetzung der Rollen gewährte
451 2674 1346 2734 Uebermäßig interessant ist der Einacter nicht; die
1347 2683 2273 2746 zu rufen. Dieser Dichter ist ein seichter Gesell, den
2288 2707 3202 2765 von vornherein glänzendes Gelingen, denn bessere
423 2723 1343 2778 Unterhaltungen sind viel zu lang, und die Idee
1357 2735 2271 2787 Glück und Geschicklichkeit so hoch empor getragen
2283 2747 3205 2812 Vertreter als Herrn Burg für Clemens, Fräulein
412 2756 1354 2820 ist zu schwer aus dem Ganzen herauszuschälen.
1357 2771 2281 2826 haben, und diesem Menschen will der sterbende
2292 2792 3209 2853 Hönigsvald für Margarethe und Herrn Biensfeldt
418 2813 1321 2868 Darstellung und Regie aber überboten sich in
1356 2813 2273 2875 Rademacher gern noch in letzter Stunde seine wahre
2285 2830 3205 2919 für Gilbert könnte der Autor wohl auf keiner
423 2858 1339 2900 meisterhaften Leistungen. Die Herbststimmung der
1353 2864 2267 2925 Meinung ins Gesicht schleudern; als aber der Heiß¬
2287 2874 2561 2934 Bühne finden.
417 2885 1343 2953 Decoration mit dem fallenden Laub der absterbenden
1355 2894 2284 2951 gefehnte hereintritt, da packt den Kranken ein Ekel
2319 2897 3215 2988 Der starke Beifall galt vor Allem dem Wirken
412 2943 1342 3001 Bäume war mit wundervoller Feinheit getrosfen,
1340 2933 2277 3000 vor der Jämmerlichkeit des Lebens mit allen Ent¬
2283 2957 3200 3035 der Künstler in allen vier Stücken; wirklich be¬
425 2986 1347 3045 #nd Herr Forst als Hansdorfer, Herr Schroth
1356 2991 2267 3061 täuschungen und Ungerechtigkeiten — er schweigt
2286 3009 3214 3074 friedigen kann eigentlich nur das lette, und auch
1343 3028 1587 3099 und stirbt.
427 3033 1343 3072 al* Sohn, Herr Stettner als Gärtner spielten
176 3020 242 3116 au
2284 3053 3214 3123 das nur, wenn es so tadellos, so wie aus der Pistole“
429 3070 1001 3134 ihre Rollen ganz ausgezeichnet.
1387 3056 2256 3135 Hier scheint die Grundidee am wenigsten heraus¬
2284 3103 3175 3180 geschossen, in die Erscheinung tritt. P. Al. K.
454 3094 1344 3180 Ein mir völlig unbegreiflicher Eutschluß der
1346 3098 2271 3182 gearbeitet zu sein. Was sini denn die lebendigen
426 3150 1343 3220 Direction verheimlicht seit gestern den Namen des
1351 3172 2270 3229 Stunden? Etwa die, in denen der damals noch
244 3171 302 3245 r.
131 3160 241 3247 d
418 3197 1347 3271 jeweiligen Regisseurs; deshalb kann sortab
1348 3213 2270 3273 gesunde Rademacher den eitlen, vertrauenden
419 3245 1345 3302 nicht der Person sondern nur der Sache — der
1341 3245 2276 3319 Weigast mit seiner Frau betrog? Man sieht hier
422 3287 1338 3337 Regie das Urtheil gelten; für den gestrigen
1338 3291 2278 3345 nicht den Zusammenhang mit den anderen Stücken,
415 3328 1331 3405 Abend darf dies Urtheil als großes Lob für wirk¬
1346 3334 2278 3391 sondern nur eine sehr geschickte, fein berechnete
420 3372 1331 3437 lich ganz hervorragende Thaten gespendet werden¬
1339 3390 2277 3453 Theatermache. Die Darsteller können sich übrigens
141 3396 409 3476 Stunden, die
1350 3432 2282 3496 nicht beklagen, denn sie haben außergewöhnlich
413 3424 1337 3468 doppelt schade, daß Der, dem es zukommt, dem
148 3464 408 3527 eidend sind,
418 3470 1237 3523 Publicum gegenüber im Tunkel bleiben soll.
1350 3477 2274 3527 gute Rollen vom Autor erhalten, und das
143 3506 414 3566 des ernsten,
453 3515 1332 3568 „Die Frau mit dem Dolche“ illustrirt dramalisch
1343 3517 2273 3571 ist immer schon Etwas! Herrn Nhil's meister¬
144 3561 1336 3619 nden Ober- den geheimnißvollen Vorgang in der Menschenseele,
1344 3554 2274 3623 hoftes Spiel ist schon erwähnt worden. Ferner
154 3597 2281 3677 schehnisse sich der oft die Ueberzeugung vorspiegelt, gewisse Thaten verdient Herr Brahm höchstes Lob, der einen
152 3662 721 3789 einen Auszug enthaltena u
157 3723 724 3825 der Wiener Morgen¬
138 3754 734 3867 Preet und „Wiener Zeitüing)
134 3797 744 3915 Pelitische und wirthschaftliche
132 3841 751 3950 Kürze geboten vird. Diese Mu¬
131 3924 328 3995 Frschickt.
