3392 4224
2040 196 2495 296 box 21/4
224 205 1878 307 16.1. Lebendige Stunden zyklus
1524 589 2008 668 Telephon 12801.
1153 680 2374 762 Alex. Welgl’s Unternehmen für Zeitungs-Aussohnitte
1396 743 2315 900 „OBSERWEP“
2155 784 2380 894 Nr. 9
960 758 1255 899 alos
1217 848 1269 896 *
1040 880 2488 949 I. österr. behördl. conc. Bureau für Zeitungsberichte u. Personalnachrickten
1319 938 2248 1005 Wien, I., Concondiaplatz 4.
1053 1005 2494 1073 Vertretungen in Berlin, Budapest, Chicago, Genf, London, Newyork, Paris, Rom,
1405 1066 2113 1117 Stockholm, Kristiania, St. Petersburg.
1030 1129 2458 1272 Ausschnitt aus: Geatsch Bachcan, Eien
1035 1316 1383 1432 vom:
1355 1323 1763 1476 61 Lo
1122 1524 2114 1621 Runst und Wissenschaft.
1145 1592 2133 1663 Deutsches Volkstheater. Gestern wurde hie
1067 1655 2146 1719 Arthur Schnitzlers Einakterzyklus „Lebendige
1057 1701 2156 1761 Stunden“ zum erstenmale gegeben. Für Wien sind
1072 1740 2154 1805 die vier kleinen Literaturstücke keine Neuheit mehr.
1071 1779 2155 1850 Man kennt sie vom vorjährigen Gastspiel des Berliner
1064 1833 2144 1893 Deutschen Theaters. Es knüpfen sich daran so frische
1070 1869 2140 1921 Erinnerungen an die vorzügliche Darstellung der
1060 1907 2136 1966 Stücke durch die norddeutschen Gäste, daß das
1071 1965 2143 2006 Deutsche Volkstheater gestern harte Mühe hatte, den
1067 2007 2154 2064 spärlichen Rest von gegenständlichem und künstlerischem
1065 2050 2159 2095 Interesse im Kampfe mit den literaturfeindlichen
1062 2096 2140 2157 Hustenreizungen, die im Publikum epidemisch um sich
1066 2118 2228 2194 griffen, wach zu erhalten. „Lebendige Stunden“, so 15.—
1079 2131 2454 2242 deutet der erste Einakter den gemeinsamen Titel aus, 28.— Iuclusive
2270 2190 2429 2236 Porto.
2120 2207 2275 2261 50.—
1077 2219 2447 2268 sind solche, die durch die Kunst Dauer erhalten. Unt110.—( Zahlbar
1069 2269 2490 2328 den Sohn nicht durch Sorgen um ihre Krankheit von 200..] im Voraus.
1079 2306 2486 2371 seiner schriftstellerischen Lebensarbeit abzulenken, hat sich jsschnitte ist das
1081 2361 2486 2435 eine Mutter den Tod gegeben. Der eitle Junge er= guch sieht es den
1068 2406 2371 2469 fährt dies später von einem alten Hausfreunde und jzu ändern.
1082 2439 2131 2487 er tut so, als nähme er sich ernstlich vor, sich dieses
1080 2481 2132 2543 Opfers würdig zu erweisen, obgleich ihm innerlich
2128 2472 2486 2548 hg enthaltend die
1067 2528 2133 2588 das Bewußtsein aufdämmert, daß der Opfertod
2141 2535 2473 2584 ner Morgen¬
1071 2572 2478 2619 umsonst dargebracht worden war. Noch mehr als in Wiener Zeitung")
2134 2600 2489 2672 d wirthschaftliche
1078 2618 2134 2676 der Darstellung der Berliner roch gestern die kleine
2134 2650 2497 2719 wird. Diese Mit¬
1070 2659 2129 2722 literarische Tragik nach Studierlampenpetroleum,
1073 2699 2137 2765 zumal Herr Geisendörfer für den Helden der
1078 2748 2136 2805 Feder nicht einen einzigen Ton fand, der aus dem
1081 2791 2146 2856 Gemüte kommt. Natuwahr und ergreifend wirkte
1076 2817 2140 2900 dagegen Herr Martinelli als sein unliterarisches
1068 2872 2138 2939 Widerspiel. Auch das zweite Stück, „Die Frau
1070 2926 2136 2985 mit dem Dolche“, dreht sich bekanntlich um die
1069 2969 2133 3022 Kunst. Ein eingeschobenes Traumbild, das Fäden
1075 3008 2133 3058 spinnt zwischen der Gegenwart und der Renaissance,
1103 3059 2145 3117 ersucht den Ehebruch einer mondänen Frau ins
1128 3096 2142 3164 kystische hinüberzuspielen. Es ist aber nicht mehr als
1072 3139 2148 3203 die Talmimystik Hofmannsthalscher Treibhausphantasie,
1065 3188 2143 3228 die dabei herauskommt und die durch szenische Unzuläng¬
1075 3232 2141 3292 keiten um jeden geheimnisvollen Schimmer gebracht
1073 3267 2139 3323 wurde. Daß man bei der Verwandlung durch die Wolken¬
1070 3310 2148 3377 schleier hindurch die Leute ab= und auflaufen sieht,
1074 3360 2138 3416 könnte-ber der heutigen Entwicklung der Bühnen¬
1073 3389 2145 3460 technik doch sicherlich vermieden werden. Frl. Adele
1079 3441 2139 3506 Sandrock hatte im Traumbilde schöne und große
1072 3489 2148 3551 Momente. Gegenständlich interessanter wäre das dritte
1075 3535 2138 3603 Stück, „Die letzten Masken“, eine Szene
1062 3568 2146 3639 aus dem Allgemeinen Krankenhaus. Ein ehrlicher
1064 3623 2141 3677 Journalist, darum natürlich ein armer Teufel, der an
1070 3662 2146 3728 Lungenschwindsucht dahinsiecht, will seinem einstigen
1067 3702 2147 3759 Freunde, einem emporgeschwindelten Modeschriftsteller,
1060 3739 2136 3802 die Maske vom Gesicht reißen, bevor ihn der Tod
1064 3791 2134 3845 ereilt. Als aber der Freund als unverbesserlicher
1072 3835 2141 3886 Phraseur und Poseur vor ihn hintritt da verschlägt's
1070 3865 2136 3927 dem sterbenden Wahrheitsapostel die Rede, sein Haß
1961 3918 2140 3985 Mode¬
1076 3923 1958 3985 löst sich in Mitleid auf, und der
1070 3969 2142 4029 dichter bleibt unentlarvt. Herr Weisse glaubte
1993 4012 2136 4069 „bril¬
1067 4011 1971 4070 mit einer naturalistischen Sterbeszene
1057 4051 2139 4117 lieren“ zu müssen, und indem er die satirischen
1065 4082 2139 4159 Sentenzen mit realistischen Kunstpausen durchschoß,
