<?xml version="1.0" encoding="UTF-8" standalone="yes"?>
<PcGts xmlns="http://schema.primaresearch.org/PAGE/gts/pagecontent/2013-07-15" xmlns:xsi="http://www.w3.org/2001/XMLSchema-instance" xsi:schemaLocation="http://schema.primaresearch.org/PAGE/gts/pagecontent/2013-07-15 http://schema.primaresearch.org/PAGE/gts/pagecontent/2013-07-15/pagecontent.xsd">
    <Metadata>
        <Creator>prov=University of Rostock/Institute of Mathematics/CITlab/Gundram Leifert/gundram.leifert@uni-rostock.de:name=ONB_Newseye_GT_M1+(htr_id=10810)::::v=2.4.2
prov=University of Rostock/Institute of Mathematics/CITlab/Tobias Gruening/tobias.gruening@uni-rostock.de:name=de.uros.citlab.module.baseline2polygon.B2PSeamMultiOriented:v=2.4.2
prov=University of Rostock/Institute of Mathematics/CITlab/Tobias Gruening/tobias.gruening@uni-rostock.de:name=/mnt/transkribus/LA/DEA/URO/LA_news_onb_att.pb:de.uros.citlab.segmentation.CITlab_LA_ML:v=2.4.2
Transkribus</Creator>
        <Created>2019-10-07T11:35:20.227+02:00</Created>
        <LastChange>2019-10-08T17:17:54.768+02:00</LastChange>
        <TranskribusMetadata docId="223975" pageId="9501653" pageNr="392" tsid="16603736" status="IN_PROGRESS" userId="40391" imgUrl="https://files.transkribus.eu/Get?id=WTKOMLSCWOCGPUQIHQTBYFNU&amp;fileType=view" xmlUrl="https://files.transkribus.eu/Get?id=VQAWZGSDSLTPVUSFPBPGXYFR" imageId="6191875"/>
    </Metadata>
    <Page imageFilename="223975_0392.jpeg" imageWidth="3484" imageHeight="4384">
        <ReadingOrder>
            <OrderedGroup id="ro_1711449872663" caption="Regions reading order">
                <RegionRefIndexed index="0" regionRef="r1"/>
                <RegionRefIndexed index="1" regionRef="r2"/>
            </OrderedGroup>
        </ReadingOrder>
        <TextRegion orientation="0.0" id="r1" custom="readingOrder {index:0;}">
            <Coords points="342,245 342,3192 1976,3192 1976,245"/>
            <TextLine id="r1l1" custom="readingOrder {index:0;}">
                <Coords points="332,287 1984,315 1985,242 1885,224 333,240"/>
                <Baseline points="342,275 423,282 505,287 586,291 668,294 750,297 831,298 913,299 995,300 1076,300 1158,300 1240,299 1321,299 1403,298 1485,298 1566,298 1648,298 1730,299 1811,301 1893,303 1975,305"/>
                <TextEquiv>
                    <Unicode>16. 1. Lebendige Stunden zyklus</Unicode>
                </TextEquiv>
            </TextLine>
            <TextLine id="r1l2" custom="readingOrder {index:1;}">
                <Coords points="1031,1023 1499,1014 1498,961 1470,968 1373,914 1267,952 1218,943 1108,959 1081,939 1030,952"/>
                <Baseline points="1042,994 1068,994 1094,994 1120,993 1146,992 1173,991 1199,990 1225,989 1251,988 1278,987 1304,986 1330,985 1356,985 1383,986 1409,987 1435,988 1461,990 1488,993"/>
                <TextEquiv>
                    <Unicode>Telephon 12801.</Unicode>
                </TextEquiv>
            </TextLine>
            <TextLine id="r1l3" custom="readingOrder {index:2;}">
                <Coords points="653,1124 1796,1092 1857,1086 1856,1023 651,1061"/>
                <Baseline points="663,1100 722,1099 781,1098 840,1097 899,1096 958,1094 1017,1093 1077,1091 1136,1090 1195,1088 1254,1086 1313,1085 1372,1084 1431,1082 1491,1080 1550,1079 1609,1078 1668,1076 1727,1075 1786,1074 1846,1073"/>
                <TextEquiv>
                    <Unicode>Alex. Weigl’s Unternehmen für Zeitungs-Ausschnitt</Unicode>
                </TextEquiv>
            </TextLine>
            <TextLine id="r1l4" custom="readingOrder {index:3;}">
                <Coords points="1667,1133 1681,1133 1702,1149 1718,1140 1737,1144 1765,1137 1772,1143 1786,1136 1806,1146 1819,1139 1839,1153 1866,1144 1864,1081 1809,1084 1803,1091 1780,1085 1760,1094 1705,1083 1683,1102 1666,1099"/>
                <Baseline points="1677,1135 1702,1132 1727,1130 1752,1130 1778,1129 1803,1129 1828,1129 1854,1128"/>
                <TextEquiv>
                    <Unicode>Ausschni</Unicode>
                </TextEquiv>
            </TextLine>
            <TextLine id="r1l5" custom="readingOrder {index:4;}">
                <Coords points="1488,1194 1504,1193 1521,1169 1563,1174 1579,1169 1589,1157 1598,1160 1612,1155 1606,1123 1592,1126 1570,1119 1567,1124 1551,1116 1546,1121 1527,1112 1515,1112 1512,1117 1500,1111 1490,1115 1486,1111 1474,1113"/>
                <Baseline points="1495,1176 1522,1178 1549,1173 1576,1165 1603,1161"/>
                <TextEquiv>
                    <Unicode>D4</Unicode>
                </TextEquiv>
            </TextLine>
            <TextLine id="r1l6" custom="readingOrder {index:5;}">
                <Coords points="1720,1210 1749,1210 1768,1228 1778,1231 1788,1221 1792,1225 1819,1224 1847,1218 1844,1155 1814,1160 1795,1155 1778,1141 1762,1144 1756,1138 1717,1150"/>
                <Baseline points="1731,1207 1757,1205 1784,1203 1810,1202 1837,1203"/>
                <TextEquiv>
                    <Unicode>Nr.</Unicode>
                </TextEquiv>
            </TextLine>
            <TextLine id="r1l7" custom="readingOrder {index:6;}">
                <Coords points="854,1235 938,1250 1027,1220 1274,1217 1318,1240 1421,1214 1536,1231 1580,1190 1487,1179 1445,1144 1393,1178 1358,1159 1318,1179 1273,1142 1144,1191 1069,1151 1021,1177 975,1144 910,1202 852,1188"/>
                <Baseline points="863,1229 898,1227 933,1224 968,1222 1004,1219 1039,1217 1074,1215 1110,1213 1145,1211 1180,1208 1216,1207 1251,1206 1286,1204 1321,1204 1357,1203 1392,1203 1427,1203 1463,1203 1498,1204 1533,1206 1569,1207"/>
                <TextEquiv>
                    <Unicode>* „OBSENVEN</Unicode>
                </TextEquiv>
            </TextLine>
            <TextLine id="r1l8" custom="readingOrder {index:7;}">
                <Coords points="549,1317 1864,1292 1862,1223 1009,1262 663,1226 547,1279"/>
                <Baseline points="558,1300 622,1298 687,1296 752,1294 816,1292 881,1290 946,1288 1010,1287 1075,1285 1140,1283 1205,1281 1269,1280 1334,1278 1399,1276 1463,1275 1528,1273 1593,1271 1657,1270 1722,1268 1787,1266 1852,1264"/>
                <TextEquiv>
                    <Unicode>I. österr. hehbrdh conc. Bureau für Zeitungsberichte u. Personalnach</Unicode>
                </TextEquiv>
            </TextLine>
            <TextLine id="r1l9" custom="readingOrder {index:8;}">
                <Coords points="792,1382 1786,1351 1797,1289 1342,1318 1180,1292 1025,1302 983,1340 790,1308"/>
                <Baseline points="802,1363 851,1361 900,1360 949,1359 999,1357 1048,1356 1097,1354 1147,1352 1196,1351 1245,1349 1295,1348 1344,1346 1393,1345 1442,1343 1492,1342 1541,1341 1590,1340 1640,1339 1689,1339 1738,1338 1788,1338"/>
                <TextEquiv>
                    <Unicode>Wien, IX/1, Türkenstrasse 17.</Unicode>
                </TextEquiv>
            </TextLine>
            <TextLine id="r1l10" custom="readingOrder {index:9;}">
                <Coords points="954,1443 1583,1420 1605,1415 1604,1358 1452,1352 1361,1378 1224,1361 953,1394"/>
                <Baseline points="963,1423 994,1421 1026,1420 1057,1419 1089,1418 1120,1417 1152,1416 1183,1416 1215,1415 1246,1415 1278,1414 1310,1414 1341,1413 1373,1412 1404,1411 1436,1410 1467,1408 1499,1406 1530,1404 1562,1403 1594,1400"/>
                <TextEquiv>
                    <Unicode>— Filiale in Budapest: „Figyelö“ -</Unicode>
                </TextEquiv>
            </TextLine>
            <TextLine id="r1l11" custom="readingOrder {index:10;}">
                <Coords points="566,1494 1892,1476 1890,1427 1831,1408 565,1453"/>
                <Baseline points="576,1494 641,1492 706,1490 771,1488 837,1487 902,1485 967,1483 1033,1481 1098,1479 1163,1477 1229,1475 1294,1473 1359,1471 1424,1470 1490,1468 1555,1466 1620,1464 1686,1462 1751,1460 1816,1458 1882,1456"/>
                <TextEquiv>
                    <Unicode>Vertretungen in Berlin, Chicago, Genf, London, Newyork, Paris, Rom, Stoc</Unicode>
                </TextEquiv>
            </TextLine>
            <TextLine id="r1l12" custom="readingOrder {index:11;}">
                <Coords points="562,1646 1821,1587 1887,1573 1884,1505 1656,1485 1523,1530 1439,1497 1337,1566 1200,1504 1071,1600 560,1610"/>
                <Baseline points="571,1636 636,1637 701,1637 767,1636 832,1635 897,1634 963,1631 1028,1628 1093,1625 1159,1621 1224,1617 1289,1613 1355,1609 1420,1604 1485,1599 1551,1594 1616,1589 1681,1584 1747,1579 1812,1575 1878,1571"/>
                <TextEquiv>
                    <Unicode>Kusschnitt aus: Be Cd</Unicode>
                </TextEquiv>
            </TextLine>
            <TextLine id="r1l13" custom="readingOrder {index:12;}">
                <Coords points="1113,1764 1353,1774 1518,1722 1640,1748 1898,1715 1893,1646 1780,1626 1592,1640 1529,1681 1464,1648 1337,1681 1239,1654 1108,1678"/>
                <Baseline points="1123,1756 1161,1753 1199,1750 1237,1747 1276,1744 1314,1741 1352,1738 1390,1735 1429,1733 1467,1730 1505,1727 1543,1725 1582,1722 1620,1720 1658,1718 1696,1716 1735,1715 1773,1713 1811,1712 1849,1711 1888,1710"/>
                <TextEquiv>
                    <Unicode>ee T</Unicode>
                </TextEquiv>
            </TextLine>
            <TextLine id="r1l14" custom="readingOrder {index:13;}">
                <Coords points="568,1783 631,1808 680,1789 723,1793 741,1806 797,1781 797,1736 715,1728 680,1740 658,1728 637,1740 590,1722 568,1726"/>
                <Baseline points="578,1779 604,1778 630,1778 656,1777 682,1777 708,1777 734,1778 760,1778 786,1779"/>
                <TextEquiv>
                    <Unicode>vom:</Unicode>
                </TextEquiv>
            </TextLine>
            <TextLine id="r1l15" custom="readingOrder {index:14;}">
                <Coords points="817,1856 859,1848 876,1855 937,1853 958,1833 1037,1801 1030,1728 1012,1734 969,1709 933,1725 899,1709 827,1751 806,1747"/>
                <Baseline points="825,1833 850,1828 875,1823 901,1820 926,1819 951,1818 977,1816 1002,1814 1028,1810"/>
                <TextEquiv>
                    <Unicode>#</Unicode>
                </TextEquiv>
            </TextLine>
            <TextLine id="r1l16" custom="readingOrder {index:15;}">
                <Coords points="1104,1966 1135,1964 1193,1924 1251,1939 1288,1932 1310,1949 1350,1919 1419,1936 1445,1921 1516,1920 1508,1816 1461,1826 1386,1783 1351,1806 1322,1800 1292,1815 1194,1770 1092,1824"/>
                <Baseline points="1111,1933 1137,1931 1163,1929 1189,1928 1216,1926 1242,1924 1268,1923 1294,1921 1321,1919 1347,1918 1373,1915 1399,1912 1426,1910 1452,1906 1478,1901 1505,1897"/>
                <TextEquiv>
                    <Unicode>(Ae¬</Unicode>
                </TextEquiv>
            </TextLine>
            <TextLine id="r1l17" custom="readingOrder {index:16;}">
                <Coords points="1041,2161 1090,2180 1298,2184 1356,2162 1388,2189 1709,2189 1698,2105 1389,2116 1322,2097 1042,2122"/>
                <Baseline points="1052,2163 1084,2163 1116,2162 1148,2162 1181,2162 1213,2162 1245,2162 1278,2163 1310,2163 1342,2163 1375,2164 1407,2164 1439,2165 1471,2165 1504,2166 1536,2166 1568,2167 1601,2167 1633,2168 1665,2169 1698,2170"/>
                <TextEquiv>
                    <Unicode>Breslauer Theaterbrief.</Unicode>
                </TextEquiv>
            </TextLine>
            <TextLine id="r1l18" custom="readingOrder {index:17;}">
                <Coords points="862,2239 1898,2231 1898,2198 1827,2183 863,2169"/>
                <Baseline points="872,2214 922,2213 973,2212 1024,2212 1075,2212 1125,2213 1176,2213 1227,2214 1278,2215 1328,2217 1379,2218 1430,2219 1481,2221 1531,2222 1582,2223 1633,2224 1684,2226 1734,2226 1785,2227 1836,2227 1887,2227"/>
                <TextEquiv>
                    <Unicode>(Originalbericht der „Dresdner Kunst= und Theaterzeitung“.)</Unicode>
                </TextEquiv>
            </TextLine>
            <TextLine id="r1l19" custom="readingOrder {index:18;}">
                <Coords points="1270,2287 1301,2284 1313,2291 1357,2272 1369,2279 1377,2271 1401,2277 1419,2296 1459,2275 1494,2275 1496,2232 1483,2229 1454,2236 1425,2220 1383,2231 1351,2225 1273,2230"/>
                <Baseline points="1281,2264 1306,2263 1331,2263 1356,2264 1382,2266 1407,2268 1432,2269 1457,2271 1483,2270"/>
                <TextEquiv>
                    <Unicode>(Schluß.)</Unicode>
                </TextEquiv>
            </TextLine>
            <TextLine id="r1l20" custom="readingOrder {index:19;}">
                <Coords points="849,2317 1974,2349 1975,2304 1824,2270 1740,2301 850,2276"/>
                <Baseline points="859,2315 914,2316 969,2318 1024,2320 1080,2321 1135,2323 1190,2324 1245,2325 1301,2326 1356,2327 1411,2328 1466,2329 1522,2331 1577,2331 1632,2332 1687,2334 1743,2335 1798,2336 1853,2337 1908,2339 1964,2340"/>
                <TextEquiv>
                    <Unicode>Dagegen war die letzte Première ein großer Kunstgenuß.</Unicode>
                </TextEquiv>
            </TextLine>
            <TextLine id="r1l21" custom="readingOrder {index:20;}">
                <Coords points="769,2371 1976,2402 1977,2351 1916,2339 770,2332"/>
                <Baseline points="780,2364 839,2364 898,2364 957,2364 1017,2365 1076,2366 1135,2367 1195,2368 1254,2370 1313,2371 1373,2372 1432,2374 1491,2375 1550,2377 1610,2378 1669,2380 1728,2381 1788,2382 1847,2383 1906,2384 1966,2384"/>
                <TextEquiv>
                    <Unicode>„Lebendige Stunden“ nennt Arthur Schnitzler, der geistreiche Wiener</Unicode>
                </TextEquiv>
            </TextLine>
            <TextLine id="r1l22" custom="readingOrder {index:21;}">
                <Coords points="761,2426 1886,2452 1974,2443 1975,2398 762,2366"/>
                <Baseline points="771,2409 830,2410 890,2411 949,2413 1009,2414 1069,2415 1128,2416 1188,2417 1248,2419 1307,2420 1367,2421 1427,2422 1486,2423 1546,2425 1606,2426 1665,2427 1725,2428 1785,2429 1844,2430 1904,2431 1964,2432"/>
                <TextEquiv>
                    <Unicode>Autor, sein letztes Werk, vier Einakter. Was er mit diesem</Unicode>
                </TextEquiv>
            </TextLine>
            <TextLine id="r1l23" custom="readingOrder {index:22;}">
                <Coords points="759,2471 1986,2502 1987,2439 1854,2426 760,2416"/>
                <Baseline points="769,2453 829,2455 889,2456 950,2458 1010,2459 1070,2461 1131,2462 1191,2464 1251,2465 1312,2467 1372,2468 1432,2469 1493,2470 1553,2471 1613,2472 1674,2474 1734,2474 1794,2475 1855,2476 1915,2477 1976,2477"/>
                <TextEquiv>
                    <Unicode>Gesamttitel bezweckt dem Publikum klar zu machen, ist ihm nur</Unicode>
                </TextEquiv>
            </TextLine>
            <TextLine id="r1l24" custom="readingOrder {index:23;}">
                <Coords points="585,2534 642,2546 754,2529 783,2545 821,2512 857,2509 958,2509 985,2528 1126,2519 1140,2516 1138,2473 776,2465 673,2498 632,2487 584,2512"/>
                <Baseline points="594,2532 620,2528 647,2524 674,2520 701,2516 728,2514 754,2511 781,2509 808,2507 835,2505 862,2504 888,2503 915,2502 942,2502 969,2502 996,2503 1022,2504 1049,2505 1076,2507 1103,2509 1130,2511"/>
                <TextEquiv>
                    <Unicode>Für  zum Teil gelungen.</Unicode>
                </TextEquiv>
            </TextLine>
            <TextLine id="r1l25" custom="readingOrder {index:24;}">
                <Coords points="847,2546 1876,2588 1968,2580 1969,2531 847,2509"/>
                <Baseline points="857,2550 912,2552 967,2553 1022,2554 1077,2555 1132,2556 1187,2557 1242,2558 1297,2559 1352,2561 1407,2561 1462,2563 1517,2564 1572,2565 1627,2566 1682,2567 1737,2568 1792,2569 1847,2570 1902,2571 1958,2572"/>
                <TextEquiv>
                    <Unicode>Einzig allein das erste Stück und höchstens noch das darauf¬</Unicode>
                </TextEquiv>
            </TextLine>
            <TextLine id="r1l26" custom="readingOrder {index:25;}">
                <Coords points="759,2618 1975,2627 1975,2586 1900,2574 760,2554"/>
                <Baseline points="770,2595 829,2597 889,2600 949,2601 1008,2603 1068,2604 1128,2605 1187,2606 1247,2607 1307,2608 1367,2609 1426,2609 1486,2610 1546,2611 1605,2612 1665,2612 1725,2614 1784,2615 1844,2616 1904,2618 1964,2620"/>
                <TextEquiv>
                    <Unicode>folgende sind berechtigt zu diesem Titel. Doch das hindert nicht,</Unicode>
                </TextEquiv>
            </TextLine>
            <TextLine id="r1l27" custom="readingOrder {index:26;}">
                <Coords points="758,2659 1975,2688 1966,2624 759,2617"/>
                <Baseline points="769,2644 828,2646 888,2647 948,2648 1008,2650 1068,2651 1128,2652 1187,2653 1247,2654 1307,2655 1367,2656 1427,2657 1487,2658 1547,2659 1606,2660 1666,2661 1726,2662 1786,2664 1846,2665 1906,2666 1966,2668"/>
                <TextEquiv>
                    <Unicode>alle vier Stücke als nicht nur bühnengute, sondern auch litterarisch</Unicode>
                </TextEquiv>
            </TextLine>
            <TextLine id="r1l28" custom="readingOrder {index:27;}">
                <Coords points="616,2716 744,2680 778,2708 1011,2697 1154,2719 1213,2702 1214,2677 1068,2647 1004,2668 739,2647 618,2665"/>
                <Baseline points="628,2686 656,2685 685,2685 714,2685 743,2685 772,2685 800,2686 829,2687 858,2688 887,2689 916,2691 944,2692 973,2693 1002,2694 1031,2694 1060,2695 1088,2696 1117,2696 1146,2695 1175,2695 1204,2694"/>
                <TextEquiv>
                    <Unicode>„ 10 wertvolle zu bezeichnen.</Unicode>
                </TextEquiv>
            </TextLine>
            <TextLine id="r1l29" custom="readingOrder {index:28;}">
                <Coords points="854,2750 1867,2775 1974,2734 1819,2699 855,2705"/>
                <Baseline points="864,2738 919,2740 974,2742 1029,2743 1084,2745 1139,2746 1194,2747 1249,2748 1304,2750 1359,2751 1414,2752 1469,2752 1524,2753 1579,2754 1634,2755 1689,2755 1744,2756 1799,2756 1854,2757 1909,2757 1964,2757"/>
                <TextEquiv>
                    <Unicode>„Lebendige Stunden“, so ist auch der spezielle Titel des ersten</Unicode>
                </TextEquiv>
            </TextLine>
            <TextLine id="r1l30" custom="readingOrder {index:29;}">
                <Coords points="591,2765 1966,2825 1968,2756 592,2729"/>
                <Baseline points="602,2764 669,2771 737,2777 805,2783 872,2786 940,2789 1008,2792 1075,2793 1143,2795 1211,2796 1279,2796 1346,2797 1414,2797 1482,2797 1549,2798 1617,2799 1685,2799 1752,2801 1820,2803 1888,2805 1956,2809"/>
                <TextEquiv>
                    <Unicode>Abonne Aktes, sind die Stunden, die der alte Hausdorfer in Erinnerung</Unicode>
                </TextEquiv>
            </TextLine>
            <TextLine id="r1l31" custom="readingOrder {index:30;}">
                <Coords points="585,2829 1618,2880 1945,2873 1973,2823 586,2784"/>
                <Baseline points="596,2807 664,2813 732,2819 800,2823 869,2827 937,2831 1005,2834 1074,2836 1142,2838 1210,2839 1279,2841 1347,2842 1415,2843 1483,2844 1552,2845 1620,2846 1688,2848 1757,2849 1825,2851 1893,2854 1962,2858"/>
                <TextEquiv>
                    <Unicode>Abonne an die Tage, die er mit der Hofrätin verlebt, heraufbeschwört, alß</Unicode>
                </TextEquiv>
            </TextLine>
            <TextLine id="r1l32" custom="readingOrder {index:31;}">
                <Coords points="715,2891 727,2890 744,2904 756,2898 793,2904 821,2895 831,2905 874,2899 883,2907 897,2896 921,2902 948,2893 947,2873 884,2855 847,2874 819,2865 800,2875 770,2871 747,2853 715,2868"/>
                <Baseline points="725,2890 751,2892 778,2894 804,2894 831,2894 857,2892 884,2891 910,2890 937,2889"/>
                <TextEquiv>
                    <Unicode>Del „OSLL</Unicode>
                </TextEquiv>
            </TextLine>
            <TextLine id="r1l33" custom="readingOrder {index:32;}">
                <Coords points="593,2941 1796,2919 1794,2866 592,2915"/>
                <Baseline points="603,2933 662,2932 721,2931 780,2930 839,2929 898,2928 957,2928 1016,2927 1075,2926 1134,2925 1194,2923 1253,2922 1312,2921 1371,2919 1430,2918 1489,2916 1548,2914 1607,2912 1666,2911 1725,2909 1785,2906"/>
                <TextEquiv>
                    <Unicode>Inhaltsangabe aller wichtigen Mitthellungen verrrezer</Unicode>
                </TextEquiv>
            </TextLine>
            <TextLine id="r1l34" custom="readingOrder {index:33;}">
                <Coords points="598,2982 1848,2958 1847,2923 1757,2915 597,2939"/>
                <Baseline points="608,2973 669,2971 730,2969 792,2968 853,2966 915,2965 976,2964 1038,2963 1099,2962 1161,2961 1222,2960 1283,2959 1345,2958 1406,2957 1468,2955 1529,2954 1591,2952 1652,2950 1714,2948 1775,2946 1837,2944"/>
                <TextEquiv>
                    <Unicode>blätter (Tagesjournale ausser „Neue Freie Presse“ und „Wiener</Unicode>
                </TextEquiv>
            </TextLine>
            <TextLine id="r1l35" custom="readingOrder {index:34;}">
                <Coords points="606,3016 1807,3002 1853,2960 605,2984"/>
                <Baseline points="616,3010 677,3009 738,3008 800,3007 861,3006 922,3005 984,3004 1045,3003 1106,3002 1168,3001 1229,3000 1290,2998 1352,2997 1413,2996 1474,2995 1536,2994 1597,2993 1658,2991 1720,2990 1781,2988 1843,2987"/>
                <TextEquiv>
                    <Unicode>wodurch eine Uebersicht über das gesammte politische und wirth</Unicode>
                </TextEquiv>
            </TextLine>
            <TextLine id="r1l36" custom="readingOrder {index:35;}">
                <Coords points="601,3055 1796,3050 1832,3008 600,3022"/>
                <Baseline points="610,3049 670,3049 731,3048 791,3047 852,3046 912,3046 973,3044 1033,3043 1094,3042 1154,3041 1215,3040 1276,3039 1336,3037 1397,3036 1457,3035 1518,3033 1578,3032 1639,3031 1699,3029 1760,3028 1821,3026"/>
                <TextEquiv>
                    <Unicode>Leben des In- und Auslandes in drastischer Kürze geboten wird.</Unicode>
                </TextEquiv>
            </TextLine>
            <TextLine id="r1l37" custom="readingOrder {index:36;}">
                <Coords points="600,3101 1425,3074 1564,3100 1633,3074 1632,3046 1550,3031 599,3056"/>
                <Baseline points="610,3092 660,3090 711,3089 761,3087 812,3085 863,3084 913,3084 964,3083 1015,3082 1065,3081 1116,3080 1167,3080 1217,3079 1268,3078 1319,3077 1369,3076 1420,3075 1471,3073 1521,3072 1572,3070 1623,3068"/>
                <TextEquiv>
                    <Unicode>theilungen werden in Wien um 9 Uhr Früh verschickt.</Unicode>
                </TextEquiv>
            </TextLine>
            <TextLine id="r1l38" custom="readingOrder {index:37;}">
                <Coords points="928,3190 1704,3196 1703,3120 927,3147"/>
                <Baseline points="939,3177 976,3177 1014,3177 1052,3176 1089,3176 1127,3176 1165,3175 1202,3174 1240,3174 1278,3173 1316,3173 1353,3172 1391,3171 1429,3170 1466,3169 1504,3168 1542,3167 1579,3166 1617,3166 1655,3165 1693,3163"/>
                <TextEquiv>
                    <Unicode>Prospecte gratis und franco.</Unicode>
                </TextEquiv>
            </TextLine>
            <TextEquiv>
                <Unicode>16. 1. Lebendige Stunden zyklus
Telephon 12801.
Alex. Weigl’s Unternehmen für Zeitungs-Ausschnitt
Ausschni
D4
Nr.
* „OBSENVEN
I. österr. hehbrdh conc. Bureau für Zeitungsberichte u. Personalnach
Wien, IX/1, Türkenstrasse 17.
— Filiale in Budapest: „Figyelö“ -
Vertretungen in Berlin, Chicago, Genf, London, Newyork, Paris, Rom, Stoc
Kusschnitt aus: Be Cd
ee T
vom:
#
(Ae¬
Breslauer Theaterbrief.
(Originalbericht der „Dresdner Kunst= und Theaterzeitung“.)
(Schluß.)
Dagegen war die letzte Première ein großer Kunstgenuß.
„Lebendige Stunden“ nennt Arthur Schnitzler, der geistreiche Wiener
Autor, sein letztes Werk, vier Einakter. Was er mit diesem
Gesamttitel bezweckt dem Publikum klar zu machen, ist ihm nur
Für  zum Teil gelungen.
Einzig allein das erste Stück und höchstens noch das darauf¬
folgende sind berechtigt zu diesem Titel. Doch das hindert nicht,
alle vier Stücke als nicht nur bühnengute, sondern auch litterarisch
„ 10 wertvolle zu bezeichnen.
„Lebendige Stunden“, so ist auch der spezielle Titel des ersten
Abonne Aktes, sind die Stunden, die der alte Hausdorfer in Erinnerung
Abonne an die Tage, die er mit der Hofrätin verlebt, heraufbeschwört, alß
Del „OSLL
Inhaltsangabe aller wichtigen Mitthellungen verrrezer
blätter (Tagesjournale ausser „Neue Freie Presse“ und „Wiener
wodurch eine Uebersicht über das gesammte politische und wirth
Leben des In- und Auslandes in drastischer Kürze geboten wird.
theilungen werden in Wien um 9 Uhr Früh verschickt.
Prospecte gratis und franco.</Unicode>
            </TextEquiv>
        </TextRegion>
        <TextRegion orientation="0.0" id="r2" custom="readingOrder {index:1;}">
            <Coords points="1920,261 1920,4201 3277,4201 3277,261"/>
            <TextLine id="r2l1" custom="readingOrder {index:0;}">
                <Coords points="2145,287 2304,309 2348,281 2382,308 2417,292 2484,320 2584,307 2585,241 2502,216 2475,238 2420,241 2397,225 2344,255 2287,225 2179,224 2146,238"/>
                <Baseline points="2156,282 2182,282 2208,282 2234,283 2260,284 2286,284 2312,285 2338,286 2365,287 2391,287 2417,288 2443,288 2469,288 2495,287 2521,286 2547,285 2574,284"/>
                <TextEquiv>
                    <Unicode>box 21/3</Unicode>
                </TextEquiv>
            </TextLine>
            <TextLine id="r2l2" custom="readingOrder {index:1;}">
                <Coords points="2062,604 3253,664 3281,597 2064,545"/>
                <Baseline points="2072,597 2131,599 2191,601 2251,603 2311,606 2371,609 2430,611 2490,614 2550,617 2610,621 2670,623 2729,627 2789,629 2849,633 2909,635 2969,638 3028,640 3088,643 3148,645 3208,647 3268,648"/>
                <TextEquiv>
                    <Unicode>ihm der Sohn derselben zu erkennen giebt, daß ihm die Mutter</Unicode>
                </TextEquiv>
            </TextLine>
            <TextLine id="r2l3" custom="readingOrder {index:2;}">
                <Coords points="2052,653 3287,704 3289,661 3198,646 2055,602"/>
                <Baseline points="2063,642 2123,644 2184,646 2245,649 2305,651 2366,654 2427,657 2487,660 2548,664 2609,667 2670,670 2730,673 2791,676 2852,679 2912,683 2973,685 3034,688 3094,691 3155,692 3216,694 3277,696"/>
                <TextEquiv>
                    <Unicode>all' sein Denken und Fühlen durch ihre Krankheit getötet hat.</Unicode>
                </TextEquiv>
            </TextLine>
            <TextLine id="r2l4" custom="readingOrder {index:3;}">
                <Coords points="2055,691 3278,766 3281,706 2056,658"/>
                <Baseline points="2066,687 2126,690 2186,692 2246,695 2306,698 2367,701 2427,705 2487,708 2547,711 2607,715 2668,718 2728,721 2788,724 2848,727 2908,730 2969,732 3029,735 3089,736 3149,738 3209,739 3270,739"/>
                <TextEquiv>
                    <Unicode>Er ist nämlich Dichter und glaubt für sich das Recht beanspruchen</Unicode>
                </TextEquiv>
            </TextLine>
            <TextLine id="r2l5" custom="readingOrder {index:4;}">
                <Coords points="2048,744 3086,801 3282,767 2049,712"/>
                <Baseline points="2058,737 2118,740 2179,741 2239,744 2300,746 2361,749 2421,752 2482,755 2543,758 2603,761 2664,763 2725,767 2785,769 2846,773 2907,775 2967,778 3028,780 3089,783 3149,785 3210,787 3271,789"/>
                <TextEquiv>
                    <Unicode>zu können, sein eigenes Ich, seinen Dichterberuf höher zu stellen</Unicode>
                </TextEquiv>
            </TextLine>
            <TextLine id="r2l6" custom="readingOrder {index:5;}">
                <Coords points="2053,782 3279,846 3265,788 2055,741"/>
                <Baseline points="2064,782 2124,784 2184,787 2244,790 2305,793 2365,795 2425,798 2485,800 2546,803 2606,806 2666,808 2726,811 2787,813 2847,816 2907,819 2967,821 3028,824 3088,827 3148,830 3208,833 3269,835"/>
                <TextEquiv>
                    <Unicode>als das Leben seiner Mutter, die ohnehin nicht mehr lange zu</Unicode>
                </TextEquiv>
            </TextLine>
            <TextLine id="r2l7" custom="readingOrder {index:6;}">
                <Coords points="2046,838 2078,852 2167,831 2215,857 2262,859 2301,844 2323,859 2352,844 2395,862 2436,851 2437,825 2382,815 2358,797 2180,807 2152,789 2136,799 2048,781"/>
                <Baseline points="2056,828 2082,830 2108,832 2135,833 2161,835 2188,837 2214,838 2241,839 2267,840 2293,841 2320,841 2346,842 2373,842 2399,842 2426,843"/>
                <TextEquiv>
                    <Unicode>leben gehabt hätte.</Unicode>
                </TextEquiv>
            </TextLine>
            <TextLine id="r2l8" custom="readingOrder {index:7;}">
                <Coords points="2148,890 3213,940 3265,930 3268,869 2150,849"/>
                <Baseline points="2159,881 2213,882 2268,884 2323,886 2378,888 2433,890 2487,892 2542,895 2597,898 2652,900 2707,902 2761,904 2816,907 2871,909 2926,912 2981,914 3035,916 3090,918 3145,920 3200,922 3255,924"/>
                <TextEquiv>
                    <Unicode>Da glaubt Hausdörfer, das ihm von der Hofrätin abge¬</Unicode>
                </TextEquiv>
            </TextLine>
            <TextLine id="r2l9" custom="readingOrder {index:8;}">
                <Coords points="2050,935 3201,989 3275,981 3277,936 2052,888"/>
                <Baseline points="2061,926 2121,928 2181,929 2241,931 2302,934 2362,936 2422,938 2482,940 2543,943 2603,946 2663,948 2723,951 2784,953 2844,956 2904,958 2964,961 3025,963 3085,965 3145,967 3205,969 3266,971"/>
                <TextEquiv>
                    <Unicode>nommene Versprechen lösen zu können, und macht dem Sohne die</Unicode>
                </TextEquiv>
            </TextLine>
            <TextLine id="r2l10" custom="readingOrder {index:9;}">
                <Coords points="2041,977 3257,1042 3279,997 2043,934"/>
                <Baseline points="2051,971 2111,974 2172,976 2233,979 2294,982 2355,984 2415,987 2476,990 2537,992 2598,995 2659,997 2719,1000 2780,1002 2841,1005 2902,1007 2963,1009 3023,1012 3084,1014 3145,1016 3206,1019 3267,1021"/>
                <TextEquiv>
                    <Unicode>erschütternde Mitteilung, daß seine Mutter freiwillig aus dem</Unicode>
                </TextEquiv>
            </TextLine>
            <TextLine id="r2l11" custom="readingOrder {index:10;}">
                <Coords points="2047,1025 3023,1053 3169,1091 3272,1034 2049,991"/>
                <Baseline points="2057,1020 2117,1022 2177,1025 2237,1028 2297,1030 2358,1033 2418,1035 2478,1037 2538,1040 2598,1042 2659,1045 2719,1048 2779,1050 2839,1052 2899,1054 2960,1056 3020,1058 3080,1060 3140,1062 3200,1064 3261,1065"/>
                <TextEquiv>
                    <Unicode>Leben gegangen und zwar ihrem Kinde zu Liebe. Fassungslos</Unicode>
                </TextEquiv>
            </TextLine>
            <TextLine id="r2l12" custom="readingOrder {index:11;}">
                <Coords points="2041,1090 3209,1132 3276,1126 3279,1073 2044,1025"/>
                <Baseline points="2053,1066 2113,1068 2174,1070 2235,1072 2295,1075 2356,1077 2417,1080 2477,1083 2538,1085 2599,1088 2660,1091 2720,1094 2781,1096 2842,1098 2902,1102 2963,1104 3024,1106 3084,1108 3145,1111 3206,1114 3267,1116"/>
                <TextEquiv>
                    <Unicode>steht der Sohn bei diesen Worten, die ihn tief getroffen. Da</Unicode>
                </TextEquiv>
            </TextLine>
            <TextLine id="r2l13" custom="readingOrder {index:12;}">
                <Coords points="2032,1130 3254,1181 3271,1121 2034,1075"/>
                <Baseline points="2043,1113 2103,1115 2164,1117 2225,1120 2286,1122 2347,1125 2407,1127 2468,1129 2529,1132 2590,1135 2651,1138 2711,1140 2772,1143 2833,1146 2894,1148 2955,1150 3015,1152 3076,1154 3137,1156 3198,1158 3259,1159"/>
                <TextEquiv>
                    <Unicode>endlich rafft er sich auf und nun verspricht er dem väterlichen</Unicode>
                </TextEquiv>
            </TextLine>
            <TextLine id="r2l14" custom="readingOrder {index:13;}">
                <Coords points="2036,1177 2766,1183 2966,1224 3200,1219 3267,1179 2038,1120"/>
                <Baseline points="2046,1159 2106,1163 2166,1165 2227,1168 2287,1170 2348,1173 2408,1175 2469,1178 2529,1180 2590,1183 2650,1184 2710,1187 2771,1189 2831,1191 2892,1194 2952,1196 3013,1198 3073,1201 3134,1204 3194,1207 3255,1210"/>
                <TextEquiv>
                    <Unicode>Freunde, dieses Opfer, wie es nur eine Mutter bringen kann, mit</Unicode>
                </TextEquiv>
            </TextLine>
            <TextLine id="r2l15" custom="readingOrder {index:14;}">
                <Coords points="2030,1210 2138,1228 2265,1215 2352,1237 2420,1221 2505,1241 2639,1228 2640,1193 2568,1199 2543,1181 2032,1181"/>
                <Baseline points="2040,1206 2069,1206 2098,1207 2128,1208 2157,1209 2187,1210 2216,1212 2245,1213 2275,1214 2304,1216 2334,1218 2363,1219 2392,1221 2422,1221 2451,1223 2481,1224 2510,1225 2539,1225 2569,1225 2598,1226 2628,1225"/>
                <TextEquiv>
                    <Unicode>allen seinen Kräften zu lohnen.</Unicode>
                </TextEquiv>
            </TextLine>
            <TextLine id="r2l16" custom="readingOrder {index:15;}">
                <Coords points="2129,1254 2783,1306 3258,1299 3259,1258 3044,1228 2765,1254 2691,1222 2130,1227"/>
                <Baseline points="2140,1255 2195,1258 2250,1260 2306,1262 2361,1265 2417,1268 2472,1271 2527,1274 2583,1277 2638,1280 2694,1282 2749,1285 2804,1287 2860,1290 2915,1292 2971,1293 3026,1295 3081,1296 3137,1296 3192,1297 3248,1296"/>
                <TextEquiv>
                    <Unicode>Ein Theaterstück in des Wortes wahrer Bedeutung ist dieser</Unicode>
                </TextEquiv>
            </TextLine>
            <TextLine id="r2l17" custom="readingOrder {index:16;}">
                <Coords points="2033,1307 3031,1356 3258,1351 3260,1314 2035,1264"/>
                <Baseline points="2043,1300 2103,1303 2163,1305 2223,1308 2284,1310 2344,1313 2404,1316 2464,1317 2525,1320 2585,1323 2645,1325 2705,1327 2766,1329 2826,1332 2886,1334 2946,1336 3007,1339 3067,1341 3127,1343 3187,1346 3248,1348"/>
                <TextEquiv>
                    <Unicode>Einakter nicht, weshalb die Darsteller auch nicht mehr als die</Unicode>
                </TextEquiv>
            </TextLine>
            <TextLine id="r2l18" custom="readingOrder {index:17;}">
                <Coords points="2025,1355 3220,1409 3266,1353 2175,1333 2027,1294"/>
                <Baseline points="2036,1347 2096,1349 2157,1350 2218,1352 2279,1355 2340,1357 2401,1360 2462,1364 2523,1366 2584,1370 2645,1373 2705,1376 2766,1379 2827,1382 2888,1384 2949,1387 3010,1389 3071,1391 3132,1392 3193,1392 3254,1393"/>
                <TextEquiv>
                    <Unicode>darin enthaltene Stimmung auslösen können. Nicht mit seinem</Unicode>
                </TextEquiv>
            </TextLine>
            <TextLine id="r2l19" custom="readingOrder {index:18;}">
                <Coords points="2030,1399 3031,1453 3211,1454 3253,1419 2031,1354"/>
                <Baseline points="2040,1396 2100,1398 2160,1400 2220,1403 2280,1405 2340,1408 2400,1411 2460,1414 2520,1417 2580,1419 2641,1423 2701,1425 2761,1428 2821,1430 2881,1432 2941,1435 3001,1436 3061,1437 3121,1438 3181,1438 3242,1438"/>
                <TextEquiv>
                    <Unicode>gewohnten Glück zog sich Herr Ziegel (Hausdörfer) aus der</Unicode>
                </TextEquiv>
            </TextLine>
            <TextLine id="r2l20" custom="readingOrder {index:19;}">
                <Coords points="2027,1443 2467,1489 3266,1493 3227,1447 2029,1401"/>
                <Baseline points="2037,1445 2101,1446 2165,1447 2229,1449 2293,1451 2357,1453 2421,1455 2486,1458 2550,1461 2614,1464 2678,1467 2742,1469 2806,1472 2871,1475 2935,1477 2999,1480 3063,1482 3127,1484 3191,1486 3256,1487"/>
                <TextEquiv>
                    <Unicode>Affaire und Herr Schlaghammer verwischte vollends die Figur des</Unicode>
                </TextEquiv>
            </TextLine>
            <TextLine id="r2l21" custom="readingOrder {index:20;}">
                <Coords points="2024,1487 2038,1488 2056,1505 2064,1497 2095,1505 2107,1499 2125,1508 2158,1497 2199,1512 2219,1510 2221,1480 2183,1460 2152,1467 2138,1454 2113,1453 2103,1460 2095,1454 2087,1460 2067,1448 2026,1445"/>
                <Baseline points="2034,1485 2059,1485 2084,1486 2109,1487 2134,1489 2159,1490 2184,1491 2210,1491"/>
                <TextEquiv>
                    <Unicode>Dichters.</Unicode>
                </TextEquiv>
            </TextLine>
            <TextLine id="r2l22" custom="readingOrder {index:21;}">
                <Coords points="2122,1554 3154,1591 3251,1578 3253,1535 2885,1539 2678,1490 2591,1521 2484,1486 2124,1503"/>
                <Baseline points="2132,1540 2187,1542 2242,1543 2298,1546 2353,1547 2409,1549 2464,1551 2520,1553 2575,1556 2631,1558 2686,1560 2741,1563 2797,1565 2852,1568 2908,1570 2963,1572 3019,1574 3074,1576 3130,1579 3185,1580 3241,1582"/>
                <TextEquiv>
                    <Unicode>In dem zweiten Stücke, „Die Frau mit dem Dolche“, wandelt</Unicode>
                </TextEquiv>
            </TextLine>
            <TextLine id="r2l23" custom="readingOrder {index:22;}">
                <Coords points="2021,1592 3238,1638 3240,1583 2024,1529"/>
                <Baseline points="2031,1583 2090,1584 2150,1585 2210,1587 2270,1589 2330,1591 2389,1593 2449,1595 2509,1597 2569,1599 2629,1602 2688,1605 2748,1608 2808,1610 2868,1613 2928,1615 2987,1619 3047,1622 3107,1625 3167,1628 3227,1631"/>
                <TextEquiv>
                    <Unicode>Schnitzler wieder einmal auf dem Gebiete der Renaissance. Paula,</Unicode>
                </TextEquiv>
            </TextLine>
            <TextLine id="r2l24" custom="readingOrder {index:23;}">
                <Coords points="2021,1642 3237,1696 3240,1639 2023,1593"/>
                <Baseline points="2031,1628 2090,1630 2150,1631 2210,1633 2270,1636 2330,1638 2390,1640 2449,1643 2509,1646 2569,1649 2629,1652 2689,1655 2749,1658 2809,1661 2868,1663 2928,1665 2988,1668 3048,1669 3108,1671 3168,1671 3228,1672"/>
                <TextEquiv>
                    <Unicode>die Gattin eines bekannten Schriftstellers, läßt sich von Leonhard den Hof</Unicode>
                </TextEquiv>
            </TextLine>
            <TextLine id="r2l25" custom="readingOrder {index:24;}">
                <Coords points="2018,1690 3245,1719 3191,1680 2020,1641"/>
                <Baseline points="2029,1678 2089,1680 2149,1681 2209,1683 2270,1686 2330,1687 2390,1690 2451,1692 2511,1694 2571,1696 2632,1699 2692,1701 2752,1703 2812,1706 2873,1708 2933,1711 2993,1713 3054,1716 3114,1719 3174,1721 3235,1724"/>
                <TextEquiv>
                    <Unicode>machen, da sie aber vor dem letzten Schritt der völligen Hingabe,</Unicode>
                </TextEquiv>
            </TextLine>
            <TextLine id="r2l26" custom="readingOrder {index:25;}">
                <Coords points="2020,1725 3253,1773 3254,1733 3065,1719 2021,1691"/>
                <Baseline points="2031,1725 2091,1727 2152,1729 2212,1730 2273,1732 2334,1735 2394,1737 2455,1739 2515,1742 2576,1744 2637,1746 2697,1748 2758,1751 2818,1753 2879,1756 2940,1758 3000,1760 3061,1763 3121,1765 3182,1767 3243,1769"/>
                <TextEquiv>
                    <Unicode>um die sie Leonhard gebeten, zurückschrickt, teilt sie alles ihrem</Unicode>
                </TextEquiv>
            </TextLine>
            <TextLine id="r2l27" custom="readingOrder {index:26;}">
                <Coords points="2019,1775 3141,1829 3238,1810 3240,1771 2021,1738"/>
                <Baseline points="2029,1773 2088,1775 2148,1776 2208,1778 2268,1780 2328,1781 2388,1783 2448,1786 2508,1787 2568,1789 2628,1792 2687,1794 2747,1796 2807,1799 2867,1801 2927,1803 2987,1805 3047,1808 3107,1810 3167,1813 3227,1816"/>
                <TextEquiv>
                    <Unicode>Manne mit. Noch einmal vor ihrer Abreise will sie ihrem Lieb¬</Unicode>
                </TextEquiv>
            </TextLine>
            <TextLine id="r2l28" custom="readingOrder {index:27;}">
                <Coords points="2017,1819 3180,1874 3241,1874 3243,1828 2018,1786"/>
                <Baseline points="2027,1820 2087,1821 2147,1823 2207,1825 2267,1826 2328,1829 2388,1831 2448,1833 2508,1835 2568,1837 2629,1840 2689,1842 2749,1845 2809,1847 2869,1849 2930,1852 2990,1854 3050,1856 3110,1859 3170,1861 3231,1863"/>
                <TextEquiv>
                    <Unicode>haber ein Stelldichein geben und so treffen sich die beiden in der</Unicode>
                </TextEquiv>
            </TextLine>
            <TextLine id="r2l29" custom="readingOrder {index:28;}">
                <Coords points="2013,1866 3235,1925 3247,1876 2014,1827"/>
                <Baseline points="2023,1865 2083,1867 2144,1869 2204,1871 2265,1873 2326,1875 2386,1877 2447,1880 2508,1882 2568,1884 2629,1887 2690,1889 2750,1891 2811,1894 2872,1896 2932,1898 2993,1900 3054,1903 3114,1904 3175,1906 3236,1907"/>
                <TextEquiv>
                    <Unicode>Gemäldegalerie und zwar vor dem Bildnis eines unbekannten</Unicode>
                </TextEquiv>
            </TextLine>
            <TextLine id="r2l30" custom="readingOrder {index:29;}">
                <Coords points="2006,1921 3220,1967 3222,1912 2008,1866"/>
                <Baseline points="2017,1912 2076,1913 2136,1915 2196,1917 2255,1919 2315,1922 2375,1924 2434,1926 2494,1929 2554,1931 2614,1934 2673,1937 2733,1939 2793,1941 2852,1942 2912,1945 2972,1946 3031,1948 3091,1949 3151,1950 3211,1950"/>
                <TextEquiv>
                    <Unicode>Malers aus dem 15. Jahrhundert „Die Frau mit dem Dolche“.</Unicode>
                </TextEquiv>
            </TextLine>
            <TextLine id="r2l31" custom="readingOrder {index:30;}">
                <Coords points="2009,1945 3237,2008 3238,1963 3135,1955 2010,1920"/>
                <Baseline points="2019,1958 2079,1961 2139,1963 2200,1965 2260,1968 2321,1970 2381,1972 2441,1974 2502,1976 2562,1979 2623,1981 2683,1983 2743,1985 2804,1987 2864,1990 2925,1993 2985,1994 3045,1997 3106,2000 3166,2003 3227,2006"/>
                <TextEquiv>
                    <Unicode>Eben dieses Bild gibt Leonhard die Veranlassung, eine starke</Unicode>
                </TextEquiv>
            </TextLine>
            <TextLine id="r2l32" custom="readingOrder {index:31;}">
                <Coords points="1998,2013 3233,2067 3235,2016 3109,1996 2000,1972"/>
                <Baseline points="2008,2006 2068,2009 2129,2011 2190,2013 2251,2015 2311,2017 2372,2019 2433,2021 2494,2023 2554,2025 2615,2026 2676,2029 2737,2031 2797,2033 2858,2035 2919,2037 2980,2040 3040,2043 3101,2046 3162,2049 3223,2053"/>
                <TextEquiv>
                    <Unicode>Aehnlichkeit zwischen Paula und der Frau auf dem Gemälde zu</Unicode>
                </TextEquiv>
            </TextLine>
            <TextLine id="r2l33" custom="readingOrder {index:32;}">
                <Coords points="1997,2057 3248,2113 3250,2070 3160,2054 1999,2025"/>
                <Baseline points="2008,2053 2069,2055 2131,2058 2192,2060 2254,2062 2315,2065 2377,2067 2438,2069 2500,2071 2561,2073 2623,2075 2685,2077 2746,2079 2808,2080 2869,2082 2931,2085 2992,2087 3054,2089 3115,2092 3177,2095 3239,2097"/>
                <TextEquiv>
                    <Unicode>konstatieren, und redet sich selbst immer mehr und mehr ein, alles</Unicode>
                </TextEquiv>
            </TextLine>
            <TextLine id="r2l34" custom="readingOrder {index:33;}">
                <Coords points="2005,2111 3233,2140 3205,2100 2007,2066"/>
                <Baseline points="2015,2101 2075,2103 2135,2106 2196,2108 2256,2110 2317,2112 2377,2114 2437,2116 2498,2118 2558,2119 2619,2121 2679,2123 2739,2125 2800,2127 2860,2129 2921,2131 2981,2133 3041,2136 3102,2139 3162,2141 3223,2144"/>
                <TextEquiv>
                    <Unicode>das schon einmal durchgemacht zu haben, was der Maler auf die</Unicode>
                </TextEquiv>
            </TextLine>
            <TextLine id="r2l35" custom="readingOrder {index:34;}">
                <Coords points="2000,2160 3186,2208 3236,2175 3072,2138 2001,2115"/>
                <Baseline points="2011,2148 2071,2150 2132,2152 2193,2154 2253,2156 2314,2158 2375,2160 2435,2162 2496,2164 2557,2166 2618,2168 2678,2171 2739,2173 2800,2175 2860,2178 2921,2179 2982,2182 3042,2184 3103,2186 3164,2189 3225,2191"/>
                <TextEquiv>
                    <Unicode>Leinwand gebannt. Um ein bischen auszuruhn, läßt sich Paula</Unicode>
                </TextEquiv>
            </TextLine>
            <TextLine id="r2l36" custom="readingOrder {index:35;}">
                <Coords points="2000,2197 3212,2261 3232,2198 2001,2161"/>
                <Baseline points="2009,2197 2069,2198 2130,2200 2190,2202 2251,2204 2311,2206 2372,2207 2432,2209 2493,2212 2553,2214 2614,2216 2675,2217 2735,2220 2796,2222 2856,2224 2917,2226 2977,2229 3038,2231 3098,2233 3159,2235 3220,2237"/>
                <TextEquiv>
                    <Unicode>nun auf das Sopha gleiten und nun verwandelt sich die Scene</Unicode>
                </TextEquiv>
            </TextLine>
            <TextLine id="r2l37" custom="readingOrder {index:36;}">
                <Coords points="1998,2246 3229,2293 3230,2252 3029,2231 2000,2199"/>
                <Baseline points="2009,2244 2069,2245 2130,2247 2190,2248 2251,2250 2311,2252 2372,2253 2432,2255 2493,2258 2553,2259 2614,2261 2674,2264 2735,2266 2795,2268 2856,2270 2916,2273 2977,2275 3037,2278 3098,2280 3158,2283 3219,2286"/>
                <TextEquiv>
                    <Unicode>in ein Maleratelier aus dem Quincento. Paola, die Gattin des</Unicode>
                </TextEquiv>
            </TextLine>
            <TextLine id="r2l38" custom="readingOrder {index:37;}">
                <Coords points="2004,2284 3222,2341 3223,2302 3140,2278 2005,2245"/>
                <Baseline points="2013,2288 2072,2290 2132,2292 2192,2294 2252,2296 2312,2298 2372,2300 2432,2302 2492,2303 2552,2306 2612,2308 2671,2309 2731,2312 2791,2313 2851,2316 2911,2318 2971,2321 3031,2324 3091,2327 3151,2331 3211,2334"/>
                <TextEquiv>
                    <Unicode>Malers, war soeben die Geliebte Leonardis, eines Schülers ihres</Unicode>
                </TextEquiv>
            </TextLine>
            <TextLine id="r2l39" custom="readingOrder {index:38;}">
                <Coords points="1988,2362 3222,2392 3201,2332 2187,2291 1990,2317"/>
                <Baseline points="2000,2334 2060,2337 2121,2339 2181,2342 2242,2344 2302,2346 2363,2348 2423,2350 2484,2352 2544,2353 2605,2355 2666,2357 2726,2359 2787,2361 2847,2363 2908,2366 2968,2368 3029,2371 3089,2374 3150,2378 3211,2382"/>
                <TextEquiv>
                    <Unicode> Mannes. Der Tag bricht an und Paola ist wie umgewandelt.</Unicode>
                </TextEquiv>
            </TextLine>
            <TextLine id="r2l40" custom="readingOrder {index:39;}">
                <Coords points="1988,2394 3167,2442 3218,2438 3221,2376 1989,2364"/>
                <Baseline points="1999,2382 2059,2385 2120,2387 2180,2390 2241,2392 2301,2394 2362,2396 2422,2398 2483,2400 2543,2402 2604,2403 2664,2406 2725,2407 2785,2410 2846,2412 2906,2414 2967,2416 3027,2419 3088,2422 3148,2425 3209,2428"/>
                <TextEquiv>
                    <Unicode>Sehnsüchtig harrt sie der Ankunft des Gatten, um ihm alles zu</Unicode>
                </TextEquiv>
            </TextLine>
            <TextLine id="r2l41" custom="readingOrder {index:40;}">
                <Coords points="1989,2426 2086,2458 3224,2478 3225,2433 3124,2423 1990,2392"/>
                <Baseline points="1999,2430 2059,2431 2120,2434 2181,2435 2241,2437 2302,2439 2363,2441 2423,2442 2484,2444 2545,2446 2606,2448 2666,2450 2727,2452 2788,2454 2848,2456 2909,2459 2970,2462 3030,2465 3091,2468 3152,2471 3213,2474"/>
                <TextEquiv>
                    <Unicode>verraten. Leonardi beschwört sie, davon abzustehen, oder wenigstens</Unicode>
                </TextEquiv>
            </TextLine>
            <TextLine id="r2l42" custom="readingOrder {index:41;}">
                <Coords points="1988,2491 3215,2525 3190,2475 1989,2446"/>
                <Baseline points="1999,2477 2059,2478 2119,2481 2179,2483 2240,2485 2300,2487 2360,2489 2420,2491 2481,2493 2541,2495 2601,2498 2661,2500 2722,2502 2782,2505 2842,2506 2902,2509 2963,2511 3023,2514 3083,2516 3143,2518 3204,2521"/>
                <TextEquiv>
                    <Unicode>die ganze Schuld auf ihn zu wälzen. Da naht der Maler.</Unicode>
                </TextEquiv>
            </TextLine>
            <TextLine id="r2l43" custom="readingOrder {index:42;}">
                <Coords points="1997,2539 3207,2593 3225,2530 1998,2486"/>
                <Baseline points="2007,2528 2067,2529 2127,2530 2187,2532 2248,2533 2308,2535 2368,2537 2429,2538 2489,2541 2549,2542 2610,2545 2670,2547 2730,2549 2790,2551 2851,2553 2911,2555 2971,2558 3032,2560 3092,2562 3152,2564 3213,2566"/>
                <TextEquiv>
                    <Unicode>Paola stürzt ihm entgegen und beichtet alles. Als der erwartete</Unicode>
                </TextEquiv>
            </TextLine>
            <TextLine id="r2l44" custom="readingOrder {index:43;}">
                <Coords points="1982,2579 3010,2626 3215,2618 3216,2584 1983,2538"/>
                <Baseline points="1992,2572 2052,2573 2113,2574 2173,2576 2234,2577 2295,2580 2355,2582 2416,2584 2477,2586 2537,2589 2598,2591 2659,2593 2719,2596 2780,2598 2841,2600 2901,2603 2962,2604 3023,2606 3083,2608 3144,2610 3205,2611"/>
                <TextEquiv>
                    <Unicode>Zornesausbruch nicht eintritt, verlangt Leonardi von seines Meisters</Unicode>
                </TextEquiv>
            </TextLine>
            <TextLine id="r2l45" custom="readingOrder {index:44;}">
                <Coords points="1991,2625 3216,2670 3218,2611 1993,2583"/>
                <Baseline points="2002,2620 2062,2621 2122,2623 2182,2625 2242,2626 2302,2628 2362,2630 2423,2632 2483,2634 2543,2636 2603,2639 2663,2641 2723,2643 2783,2645 2844,2648 2904,2650 2964,2653 3024,2656 3084,2658 3144,2660 3205,2663"/>
                <TextEquiv>
                    <Unicode>Hand den Tod, da er alles, nur nicht die Verachtung erträgt.</Unicode>
                </TextEquiv>
            </TextLine>
            <TextLine id="r2l46" custom="readingOrder {index:45;}">
                <Coords points="1981,2680 3118,2729 3212,2718 3214,2675 1983,2623"/>
                <Baseline points="1991,2668 2051,2670 2112,2672 2172,2674 2233,2676 2294,2678 2354,2680 2415,2682 2475,2684 2536,2686 2597,2688 2657,2690 2718,2691 2778,2694 2839,2696 2900,2699 2960,2701 3021,2703 3081,2707 3142,2710 3203,2713"/>
                <TextEquiv>
                    <Unicode>Doch der Maler rührt sich nicht, da stößt Paola dem Jüngling</Unicode>
                </TextEquiv>
            </TextLine>
            <TextLine id="r2l47" custom="readingOrder {index:46;}">
                <Coords points="1988,2718 3217,2766 3219,2705 1990,2675"/>
                <Baseline points="1999,2713 2059,2716 2119,2718 2180,2720 2240,2722 2301,2724 2361,2726 2421,2729 2482,2731 2542,2732 2603,2734 2663,2736 2723,2738 2784,2740 2844,2742 2905,2744 2965,2747 3025,2749 3086,2752 3146,2754 3207,2757"/>
                <TextEquiv>
                    <Unicode>den Dolch ins Herz und dabei nimmt sie eine Stellung ein, die</Unicode>
                </TextEquiv>
            </TextLine>
            <TextLine id="r2l48" custom="readingOrder {index:47;}">
                <Coords points="1980,2770 3203,2806 3172,2756 1982,2713"/>
                <Baseline points="1991,2760 2051,2762 2111,2764 2171,2766 2231,2769 2291,2771 2351,2772 2411,2775 2471,2776 2531,2778 2591,2780 2651,2782 2711,2784 2771,2786 2831,2788 2891,2790 2951,2792 3011,2794 3071,2797 3131,2798 3192,2801"/>
                <TextEquiv>
                    <Unicode>dem Maler für sein angefangenes Bild zum Beenden fehlt. Die</Unicode>
                </TextEquiv>
            </TextLine>
            <TextLine id="r2l49" custom="readingOrder {index:48;}">
                <Coords points="1981,2824 3209,2846 3210,2805 3084,2793 1983,2775"/>
                <Baseline points="1992,2805 2052,2808 2112,2811 2173,2813 2233,2815 2293,2817 2354,2819 2414,2821 2474,2823 2535,2825 2595,2827 2655,2828 2716,2830 2776,2832 2836,2834 2897,2836 2957,2838 3017,2840 3078,2842 3138,2845 3199,2848"/>
                <TextEquiv>
                    <Unicode>Scene verwandelt sich wieder. Pauline und Leonhard befinden sich</Unicode>
                </TextEquiv>
            </TextLine>
            <TextLine id="r2l50" custom="readingOrder {index:49;}">
                <Coords points="1982,2879 2598,2905 2718,2876 3121,2929 3205,2914 3207,2855 1984,2820"/>
                <Baseline points="1994,2855 2054,2857 2114,2859 2174,2861 2234,2863 2294,2864 2354,2866 2414,2868 2474,2870 2534,2871 2594,2873 2654,2875 2714,2877 2774,2879 2834,2881 2894,2884 2954,2886 3014,2889 3074,2893 3134,2897 3195,2900"/>
                <TextEquiv>
                    <Unicode>wiede#vor dem Gemälde im Museum. Nochmals bittet Leonhard</Unicode>
                </TextEquiv>
            </TextLine>
            <TextLine id="r2l51" custom="readingOrder {index:50;}">
                <Coords points="1956,2960 3114,3006 3188,2973 3190,2918 2921,2951 2688,2909 2362,2934 2159,2888 1958,2913"/>
                <Baseline points="1966,2951 2026,2953 2087,2954 2147,2956 2208,2957 2269,2959 2329,2961 2390,2963 2450,2965 2511,2967 2572,2969 2632,2971 2693,2973 2753,2975 2814,2977 2875,2979 2935,2981 2996,2982 3056,2984 3117,2985 3178,2986"/>
                <TextEquiv>
                    <Unicode>um Gewährung seiner Bitte. Da ruft ihm Pauline entschlossen</Unicode>
                </TextEquiv>
            </TextLine>
            <TextLine id="r2l52" custom="readingOrder {index:51;}">
                <Coords points="1953,3020 2974,3028 3206,3072 3208,3001 1954,2961"/>
                <Baseline points="1964,3003 2025,3003 2087,3004 2148,3005 2210,3007 2272,3008 2333,3010 2395,3011 2456,3013 2518,3015 2580,3017 2641,3019 2703,3021 2764,3023 2826,3025 2888,3028 2949,3031 3011,3032 3072,3035 3134,3038 3196,3040"/>
                <TextEquiv>
                    <Unicode>zu: „Ich komme“. Sie weiß, ihr Mann wird sie und Leonhardje</Unicode>
                </TextEquiv>
            </TextLine>
            <TextLine id="r2l53" custom="readingOrder {index:52;}">
                <Coords points="1951,3060 2409,3095 2894,3075 3046,3117 3167,3106 3169,3055 1952,3021"/>
                <Baseline points="1962,3050 2021,3050 2081,3050 2141,3051 2201,3052 2261,3053 2320,3054 2380,3056 2440,3058 2500,3060 2560,3063 2619,3065 2679,3067 2739,3070 2799,3072 2859,3074 2918,3076 2978,3078 3038,3080 3098,3082 3158,3083"/>
                <TextEquiv>
                    <Unicode>nicht töten, er wird wahrscheinlich daraus ein gutes Theaterstück</Unicode>
                </TextEquiv>
            </TextLine>
            <TextLine id="r2l54" custom="readingOrder {index:53;}">
                <Coords points="1949,3107 2033,3117 2045,3105 2063,3110 2074,3100 2123,3101 2139,3097 2140,3071 2125,3074 2093,3061 2079,3065 2059,3050 2024,3062 2014,3054 1989,3051 1950,3060"/>
                <Baseline points="1960,3093 1988,3091 2016,3091 2045,3091 2073,3093 2101,3094 2130,3095"/>
                <TextEquiv>
                    <Unicode>schreiben.</Unicode>
                </TextEquiv>
            </TextLine>
            <TextLine id="r2l55" custom="readingOrder {index:54;}">
                <Coords points="2040,3139 2533,3173 2808,3148 3168,3200 3171,3112 3061,3141 2041,3104"/>
                <Baseline points="2049,3134 2104,3137 2160,3139 2215,3141 2271,3144 2326,3146 2382,3148 2437,3150 2493,3152 2548,3155 2604,3156 2659,3159 2715,3161 2770,3162 2826,3164 2881,3166 2937,3168 2992,3169 3048,3171 3103,3172 3159,3174"/>
                <TextEquiv>
                    <Unicode>Eine ebenso richtig aufgefaßte, moderne nervöse Frau, als</Unicode>
                </TextEquiv>
            </TextLine>
            <TextLine id="r2l56" custom="readingOrder {index:55;}">
                <Coords points="1942,3188 3179,3246 3159,3178 1944,3139"/>
                <Baseline points="1952,3181 2012,3182 2073,3184 2134,3186 2195,3187 2256,3189 2317,3191 2377,3193 2438,3195 2499,3196 2560,3198 2621,3200 2682,3203 2743,3204 2803,3207 2864,3209 2925,3212 2986,3214 3047,3218 3108,3221 3169,3224"/>
                <TextEquiv>
                    <Unicode>versesprechende Renaissancedame, war Frl. Illing. Hen Schlage.</Unicode>
                </TextEquiv>
            </TextLine>
            <TextLine id="r2l57" custom="readingOrder {index:56;}">
                <Coords points="1934,3252 3178,3290 3147,3230 2992,3212 1936,3186"/>
                <Baseline points="1946,3231 2007,3233 2068,3234 2129,3235 2190,3237 2251,3238 2312,3240 2373,3241 2434,3243 2495,3244 2557,3246 2618,3247 2679,3249 2740,3251 2801,3252 2862,3254 2923,3256 2984,3258 3045,3259 3106,3261 3168,3263"/>
                <TextEquiv>
                    <Unicode>hammer überraschte als feuriger Leonardi und die kleine Rolle,</Unicode>
                </TextEquiv>
            </TextLine>
            <TextLine id="r2l58" custom="readingOrder {index:57;}">
                <Coords points="1938,3281 2177,3284 2240,3303 2306,3285 2360,3307 2447,3295 2477,3315 2542,3300 2544,3251 2172,3250 2103,3233 1939,3248"/>
                <Baseline points="1948,3273 1977,3274 2006,3274 2035,3275 2065,3276 2094,3277 2123,3278 2152,3279 2182,3280 2211,3281 2240,3282 2269,3283 2299,3284 2328,3285 2357,3286 2386,3287 2416,3288 2445,3289 2474,3289 2503,3290 2533,3290"/>
                <TextEquiv>
                    <Unicode>des Malers spielte Herr Ziegel.</Unicode>
                </TextEquiv>
            </TextLine>
            <TextLine id="r2l59" custom="readingOrder {index:58;}">
                <Coords points="2031,3325 3139,3372 3168,3304 2032,3298"/>
                <Baseline points="2042,3327 2097,3328 2153,3328 2209,3329 2265,3330 2320,3331 2376,3332 2432,3333 2488,3335 2543,3337 2599,3339 2655,3340 2711,3342 2766,3344 2822,3346 2878,3347 2934,3349 2989,3352 3045,3353 3101,3355 3157,3357"/>
                <TextEquiv>
                    <Unicode>„Die letzten Masken“ betitelt sich das dritte Bild. Ein</Unicode>
                </TextEquiv>
            </TextLine>
            <TextLine id="r2l60" custom="readingOrder {index:59;}">
                <Coords points="1939,3360 2900,3420 3157,3411 3159,3372 1940,3328"/>
                <Baseline points="1948,3371 2011,3372 2074,3374 2137,3375 2200,3376 2263,3378 2326,3379 2389,3381 2452,3383 2515,3385 2579,3386 2642,3388 2705,3390 2768,3392 2831,3394 2894,3396 2957,3398 3020,3400 3083,3402 3147,3404"/>
                <TextEquiv>
                    <Unicode>sterbender Journalist, der durch die Ungunst der Verhältnisse seinen</Unicode>
                </TextEquiv>
            </TextLine>
            <TextLine id="r2l61" custom="readingOrder {index:60;}">
                <Coords points="1948,3420 3052,3474 3173,3461 3175,3408 1949,3381"/>
                <Baseline points="1958,3412 2018,3414 2078,3416 2138,3418 2199,3420 2259,3422 2319,3424 2380,3426 2440,3428 2500,3430 2561,3432 2621,3434 2681,3436 2741,3437 2802,3439 2862,3441 2922,3443 2983,3444 3043,3446 3103,3447 3164,3448"/>
                <TextEquiv>
                    <Unicode>wahren Standpunkt im Leben nie verteidigen konnte, will jetzt am</Unicode>
                </TextEquiv>
            </TextLine>
            <TextLine id="r2l62" custom="readingOrder {index:61;}">
                <Coords points="1950,3466 3165,3507 3166,3460 2989,3445 1951,3421"/>
                <Baseline points="1960,3460 2019,3463 2079,3466 2139,3468 2199,3470 2258,3472 2318,3473 2378,3475 2438,3477 2497,3478 2557,3480 2617,3481 2677,3483 2736,3484 2796,3486 2856,3487 2916,3489 2975,3491 3035,3493 3095,3496 3155,3498"/>
                <TextEquiv>
                    <Unicode>Enoe mit seinem Freunde, dem Dichter Weihegast, der zwar</Unicode>
                </TextEquiv>
            </TextLine>
            <TextLine id="r2l63" custom="readingOrder {index:62;}">
                <Coords points="1943,3510 3066,3556 3152,3550 3153,3507 1944,3463"/>
                <Baseline points="1953,3508 2012,3511 2071,3513 2131,3515 2190,3516 2250,3518 2309,3520 2368,3522 2428,3523 2487,3525 2547,3526 2606,3527 2665,3529 2725,3530 2784,3531 2844,3533 2903,3534 2962,3536 3022,3538 3081,3540 3141,3542"/>
                <TextEquiv>
                    <Unicode>berühmt, jedoch nur durch Reklame und dergleichen geworden,</Unicode>
                </TextEquiv>
            </TextLine>
            <TextLine id="r2l64" custom="readingOrder {index:63;}">
                <Coords points="1936,3568 3157,3605 3158,3552 3058,3542 2155,3545 1937,3511"/>
                <Baseline points="1947,3555 2007,3558 2067,3560 2127,3563 2187,3565 2247,3566 2307,3568 2367,3570 2427,3571 2487,3572 2547,3574 2607,3575 2667,3576 2727,3577 2787,3578 2847,3579 2907,3581 2967,3582 3027,3583 3087,3585 3147,3587"/>
                <TextEquiv>
                    <Unicode>abrechnen. Er will ihm sagen, daß er schon längst der Lächer¬</Unicode>
                </TextEquiv>
            </TextLine>
            <TextLine id="r2l65" custom="readingOrder {index:64;}">
                <Coords points="1937,3607 3134,3653 3170,3599 1938,3568"/>
                <Baseline points="1947,3604 2007,3605 2068,3607 2128,3609 2189,3611 2249,3612 2310,3614 2370,3616 2431,3617 2491,3619 2552,3620 2613,3622 2673,3623 2734,3624 2794,3626 2855,3627 2915,3628 2976,3630 3036,3631 3097,3633 3158,3634"/>
                <TextEquiv>
                    <Unicode>lichkeit preisgegeben, und nicht nur sein Dichterruhm, sondern auch</Unicode>
                </TextEquiv>
            </TextLine>
            <TextLine id="r2l66" custom="readingOrder {index:65;}">
                <Coords points="1934,3652 3044,3697 3158,3649 1935,3605"/>
                <Baseline points="1945,3651 2005,3653 2065,3655 2125,3657 2185,3658 2245,3660 2305,3662 2366,3663 2426,3665 2486,3667 2546,3668 2606,3670 2666,3671 2726,3673 2787,3675 2847,3676 2907,3677 2967,3678 3027,3680 3087,3681 3148,3682"/>
                <TextEquiv>
                    <Unicode>seine Hausehre sei beschmutzt; denn er (Journalist) war der</Unicode>
                </TextEquiv>
            </TextLine>
            <TextLine id="r2l67" custom="readingOrder {index:66;}">
                <Coords points="1930,3698 3155,3748 3156,3699 3111,3685 1931,3665"/>
                <Baseline points="1941,3697 2001,3699 2061,3701 2121,3702 2181,3704 2242,3706 2302,3708 2362,3709 2422,3711 2482,3713 2543,3714 2603,3716 2663,3718 2723,3719 2783,3721 2844,3722 2904,3724 2964,3726 3024,3727 3084,3728 3145,3730"/>
                <TextEquiv>
                    <Unicode>Geliebte seiner Frau, die in ihrem Manne auch nicht mehr als</Unicode>
                </TextEquiv>
            </TextLine>
            <TextLine id="r2l68" custom="readingOrder {index:67;}">
                <Coords points="1928,3740 3149,3792 3150,3741 3063,3731 1929,3698"/>
                <Baseline points="1939,3744 1999,3746 2059,3749 2119,3751 2179,3753 2239,3754 2299,3755 2359,3757 2419,3758 2479,3759 2539,3760 2599,3762 2659,3763 2719,3764 2779,3765 2839,3767 2899,3769 2959,3770 3019,3772 3079,3774 3139,3777"/>
                <TextEquiv>
                    <Unicode>einen Hohlkopf sah. Um dies alles in wirksamer Steigerung dem</Unicode>
                </TextEquiv>
            </TextLine>
            <TextLine id="r2l69" custom="readingOrder {index:68;}">
                <Coords points="1928,3797 3147,3828 3114,3780 2152,3783 1930,3740"/>
                <Baseline points="1939,3792 1998,3793 2058,3795 2118,3796 2178,3797 2238,3799 2298,3800 2358,3802 2418,3803 2478,3805 2538,3807 2597,3808 2657,3810 2717,3811 2777,3813 2837,3815 2897,3817 2957,3819 3017,3820 3077,3822 3137,3825"/>
                <TextEquiv>
                    <Unicode>Verhaßten entgegenzuschleudern, rät ihm sein Stubengenosse, der</Unicode>
                </TextEquiv>
            </TextLine>
            <TextLine id="r2l70" custom="readingOrder {index:69;}">
                <Coords points="1938,3854 3159,3885 3156,3817 1939,3813"/>
                <Baseline points="1948,3839 2008,3842 2068,3845 2128,3847 2188,3849 2248,3850 2308,3851 2368,3852 2428,3853 2488,3854 2548,3855 2608,3856 2668,3857 2728,3858 2788,3859 2848,3861 2908,3863 2968,3865 3028,3868 3088,3871 3148,3875"/>
                <TextEquiv>
                    <Unicode>Schauspieler Jackwerth, ein dem Tode zeweihter Lungenkranker,</Unicode>
                </TextEquiv>
            </TextLine>
            <TextLine id="r2l71" custom="readingOrder {index:70;}">
                <Coords points="1926,3908 2063,3896 2408,3917 2582,3898 2482,3859 2397,3855 2351,3875 2315,3854 1927,3855"/>
                <Baseline points="1936,3885 1967,3886 1999,3888 2031,3889 2063,3890 2095,3891 2126,3892 2158,3893 2190,3893 2222,3894 2254,3895 2285,3895 2317,3896 2349,3896 2381,3896 2413,3897 2444,3897 2476,3897 2508,3897 2540,3898 2572,3898"/>
                <TextEquiv>
                    <Unicode>Ivorher erst eine Probe abzuhalten.</Unicode>
                </TextEquiv>
            </TextLine>
            <TextLine id="r2l72" custom="readingOrder {index:71;}">
                <Coords points="2032,3941 3101,3982 3155,3967 3157,3906 2033,3903"/>
                <Baseline points="2043,3937 2098,3938 2153,3939 2208,3941 2263,3942 2318,3943 2373,3945 2428,3946 2483,3947 2538,3949 2593,3950 2648,3952 2703,3953 2758,3955 2813,3957 2868,3958 2923,3959 2978,3961 3033,3962 3088,3964 3144,3965"/>
                <TextEquiv>
                    <Unicode>Als nun der Journalist diesem Raie gefolgt und den ganzen</Unicode>
                </TextEquiv>
            </TextLine>
            <TextLine id="r2l73" custom="readingOrder {index:72;}">
                <Coords points="1928,3991 3149,4021 3150,3972 2216,3964 1930,3918"/>
                <Baseline points="1938,3984 1998,3985 2058,3986 2118,3987 2178,3988 2238,3989 2298,3990 2358,3991 2418,3993 2478,3994 2538,3995 2598,3997 2658,3999 2718,4000 2778,4002 2838,4004 2898,4006 2958,4008 3018,4009 3078,4012 3138,4014"/>
                <TextEquiv>
                    <Unicode>Fglühenden Zorn und die Verachtung sich von der Seele gesprochen,</Unicode>
                </TextEquiv>
            </TextLine>
            <TextLine id="r2l74" custom="readingOrder {index:73;}">
                <Coords points="1925,4054 3147,4060 3148,4021 3048,4012 1927,3993"/>
                <Baseline points="1936,4030 1996,4030 2056,4030 2116,4030 2176,4031 2236,4032 2296,4034 2356,4036 2416,4037 2476,4039 2536,4041 2596,4043 2656,4045 2716,4047 2776,4049 2836,4050 2896,4052 2956,4054 3016,4055 3076,4056 3136,4057"/>
                <TextEquiv>
                    <Unicode>Ferscheint der von dem menschenfreundlichen Anstaltsarzt herbeigerufene</Unicode>
                </TextEquiv>
            </TextLine>
            <TextLine id="r2l75" custom="readingOrder {index:74;}">
                <Coords points="1909,4086 3149,4106 3150,4059 1910,4053"/>
                <Baseline points="1920,4076 1984,4076 2048,4078 2112,4078 2176,4080 2240,4081 2304,4082 2369,4084 2433,4086 2497,4087 2561,4089 2625,4091 2689,4093 2754,4094 2818,4096 2882,4097 2946,4099 3010,4100 3074,4100 3139,4101"/>
                <TextEquiv>
                    <Unicode>Weihegast und da findet der Sterbende nur noch Worte weh¬</Unicode>
                </TextEquiv>
            </TextLine>
            <TextLine id="r2l76" custom="readingOrder {index:75;}">
                <Coords points="1925,4138 3089,4163 3151,4152 3152,4107 1926,4099"/>
                <Baseline points="1935,4124 1995,4125 2055,4125 2115,4126 2176,4127 2236,4128 2296,4129 2357,4130 2417,4131 2477,4132 2538,4134 2598,4135 2658,4137 2718,4138 2779,4140 2839,4142 2899,4144 2960,4146 3020,4148 3080,4150 3141,4153"/>
                <TextEquiv>
                    <Unicode>mütigen Abschiedes. „Die letzten Masken“ können als das beste</Unicode>
                </TextEquiv>
            </TextLine>
            <TextLine id="r2l77" custom="readingOrder {index:76;}">
                <Coords points="1922,4160 2920,4191 2921,4154 2840,4146 1923,4136"/>
                <Baseline points="1932,4167 1980,4169 2029,4170 2078,4172 2127,4173 2176,4175 2225,4176 2274,4177 2323,4178 2372,4179 2421,4180 2469,4181 2518,4182 2567,4182 2616,4184 2665,4185 2714,4186 2763,4187 2812,4188 2861,4190 2910,4191"/>
                <TextEquiv>
                    <Unicode>der vier Einakter gelten, so scharf beobachtet sind die</Unicode>
                </TextEquiv>
            </TextLine>
            <TextLine id="r2l78" custom="readingOrder {index:77;}">
                <Coords points="2965,4191 3028,4190 3034,4183 3126,4190 3125,4157 3099,4155 3089,4164 3079,4160 3073,4166 3056,4158 3030,4167 3017,4163 3005,4170 2980,4156 2964,4160"/>
                <Baseline points="2975,4189 3003,4188 3031,4188 3059,4186 3087,4186 3115,4187"/>
                <TextEquiv>
                    <Unicode>harafter</Unicode>
                </TextEquiv>
            </TextLine>
            <TextEquiv>
                <Unicode>box 21/3
ihm der Sohn derselben zu erkennen giebt, daß ihm die Mutter
all' sein Denken und Fühlen durch ihre Krankheit getötet hat.
Er ist nämlich Dichter und glaubt für sich das Recht beanspruchen
zu können, sein eigenes Ich, seinen Dichterberuf höher zu stellen
als das Leben seiner Mutter, die ohnehin nicht mehr lange zu
leben gehabt hätte.
Da glaubt Hausdörfer, das ihm von der Hofrätin abge¬
nommene Versprechen lösen zu können, und macht dem Sohne die
erschütternde Mitteilung, daß seine Mutter freiwillig aus dem
Leben gegangen und zwar ihrem Kinde zu Liebe. Fassungslos
steht der Sohn bei diesen Worten, die ihn tief getroffen. Da
endlich rafft er sich auf und nun verspricht er dem väterlichen
Freunde, dieses Opfer, wie es nur eine Mutter bringen kann, mit
allen seinen Kräften zu lohnen.
Ein Theaterstück in des Wortes wahrer Bedeutung ist dieser
Einakter nicht, weshalb die Darsteller auch nicht mehr als die
darin enthaltene Stimmung auslösen können. Nicht mit seinem
gewohnten Glück zog sich Herr Ziegel (Hausdörfer) aus der
Affaire und Herr Schlaghammer verwischte vollends die Figur des
Dichters.
In dem zweiten Stücke, „Die Frau mit dem Dolche“, wandelt
Schnitzler wieder einmal auf dem Gebiete der Renaissance. Paula,
die Gattin eines bekannten Schriftstellers, läßt sich von Leonhard den Hof
machen, da sie aber vor dem letzten Schritt der völligen Hingabe,
um die sie Leonhard gebeten, zurückschrickt, teilt sie alles ihrem
Manne mit. Noch einmal vor ihrer Abreise will sie ihrem Lieb¬
haber ein Stelldichein geben und so treffen sich die beiden in der
Gemäldegalerie und zwar vor dem Bildnis eines unbekannten
Malers aus dem 15. Jahrhundert „Die Frau mit dem Dolche“.
Eben dieses Bild gibt Leonhard die Veranlassung, eine starke
Aehnlichkeit zwischen Paula und der Frau auf dem Gemälde zu
konstatieren, und redet sich selbst immer mehr und mehr ein, alles
das schon einmal durchgemacht zu haben, was der Maler auf die
Leinwand gebannt. Um ein bischen auszuruhn, läßt sich Paula
nun auf das Sopha gleiten und nun verwandelt sich die Scene
in ein Maleratelier aus dem Quincento. Paola, die Gattin des
Malers, war soeben die Geliebte Leonardis, eines Schülers ihres
 Mannes. Der Tag bricht an und Paola ist wie umgewandelt.
Sehnsüchtig harrt sie der Ankunft des Gatten, um ihm alles zu
verraten. Leonardi beschwört sie, davon abzustehen, oder wenigstens
die ganze Schuld auf ihn zu wälzen. Da naht der Maler.
Paola stürzt ihm entgegen und beichtet alles. Als der erwartete
Zornesausbruch nicht eintritt, verlangt Leonardi von seines Meisters
Hand den Tod, da er alles, nur nicht die Verachtung erträgt.
Doch der Maler rührt sich nicht, da stößt Paola dem Jüngling
den Dolch ins Herz und dabei nimmt sie eine Stellung ein, die
dem Maler für sein angefangenes Bild zum Beenden fehlt. Die
Scene verwandelt sich wieder. Pauline und Leonhard befinden sich
wiede#vor dem Gemälde im Museum. Nochmals bittet Leonhard
um Gewährung seiner Bitte. Da ruft ihm Pauline entschlossen
zu: „Ich komme“. Sie weiß, ihr Mann wird sie und Leonhardje
nicht töten, er wird wahrscheinlich daraus ein gutes Theaterstück
schreiben.
Eine ebenso richtig aufgefaßte, moderne nervöse Frau, als
versesprechende Renaissancedame, war Frl. Illing. Hen Schlage.
hammer überraschte als feuriger Leonardi und die kleine Rolle,
des Malers spielte Herr Ziegel.
„Die letzten Masken“ betitelt sich das dritte Bild. Ein
sterbender Journalist, der durch die Ungunst der Verhältnisse seinen
wahren Standpunkt im Leben nie verteidigen konnte, will jetzt am
Enoe mit seinem Freunde, dem Dichter Weihegast, der zwar
berühmt, jedoch nur durch Reklame und dergleichen geworden,
abrechnen. Er will ihm sagen, daß er schon längst der Lächer¬
lichkeit preisgegeben, und nicht nur sein Dichterruhm, sondern auch
seine Hausehre sei beschmutzt; denn er (Journalist) war der
Geliebte seiner Frau, die in ihrem Manne auch nicht mehr als
einen Hohlkopf sah. Um dies alles in wirksamer Steigerung dem
Verhaßten entgegenzuschleudern, rät ihm sein Stubengenosse, der
Schauspieler Jackwerth, ein dem Tode zeweihter Lungenkranker,
Ivorher erst eine Probe abzuhalten.
Als nun der Journalist diesem Raie gefolgt und den ganzen
Fglühenden Zorn und die Verachtung sich von der Seele gesprochen,
Ferscheint der von dem menschenfreundlichen Anstaltsarzt herbeigerufene
Weihegast und da findet der Sterbende nur noch Worte weh¬
mütigen Abschiedes. „Die letzten Masken“ können als das beste
der vier Einakter gelten, so scharf beobachtet sind die
harafter</Unicode>
            </TextEquiv>
        </TextRegion>
    </Page>
</PcGts>
