3484 4256
2076 210 2527 293 box 21/2
263 202 1946 315 16.1. Lebendige Stunden zyklus
922 808 1235 977 4442#
526 815 943 1072 en
1092 868 3245 1068 Zweite Beilage zu Ntr. 9 der „Breslauer M.
1976 1060 2983 1157 dienstag, den 7. Januar 1902.
1791 1199 3236 1267 [Roman seiner Freundin bis auf ein Exemplar einstampfen läßt, wie Onkel
1805 1248 1937 1305 Marg#
940 1192 1427 1319 Feuilleton.
2031 1245 3229 1303 um zu beweisen, daß sie mit der Litteratur nichts mehrfihr &
2006 1287 3239 1357 haben will, dieses letzte Exemplar dem Feuer überantwortet,ssandte
2024 1324 3100 1380 gläubige Clemens sie gerührt in seine Arme schließt, das
1816 1348 1925 1410 ist kö
2042 1357 3238 1434 Desselbe gilt von den Gestalten. Die berechnende, kokette bezopf
888 1344 1498 1435 „Lebendige Stunden“.
1813 1398 1947 1453 Marga
2036 1402 2951 1462 der trotz aller Berechnung immer wieder die Zic
1328 1406 1765 1474 Berlin, 5. Januar.
3052 1418 3239 1471 inlbar be
1804 1439 2945 1500 (von ehewols dürchbricht, der unverfrorene, phlegmatische, cynisc
3094 1448 3250 1509 in die
613 1436 1821 1503 „Nach so vielen Leiden“, wie eine Arie in Rossini's Tancred“
2070 1484 2971 1532 schwachköpfige, vorurtheilsvolle und gutmüthige Ci
3087 1489 3241 1549 Theile
519 1475 1972 1543 anhebt, die einst den Ruhm des „Schwans von Pesaro“ über beidelbert un
515 1542 3254 1586 Hemisphären trug, aber etwas deutlicher und ein wenig nüchterneralle drer wirtn erschütternd. Der erste Lachsturm brach los, als Mar=heits¬
1813 1555 3209 1621 gareihe sich selber schildernd, zu ihrer Entschuldigung anführte: „Ichljetzti
521 1564 1834 1622 gesprochen, nach den vielen Mißerfolgen der vorigen und der jetzigen
2049 1603 3234 1653 mplicirt!“ und diesem Lachsturm folgten viele. Gespieltlindem
521 1595 1983 1658 Spielzeit hatte das „Deutsche Theater“ am Sonnabend endlich bin ja#
2105 1635 3208 1686 Schwank entzückend. Icene Triesch als Mar=Acte“
514 1637 1963 1703 wieder einmal eine anziehende und anregende, des Beifalls würdigewurde
1816 1660 1989 1730 garethe
2080 1663 3231 1722 Bassermann als Clemens und Herr Rittner,sjedoch
519 1681 1823 1729 und durch Beifall ausgezeichnete Erstaufführung zu verzeichnen. Die
1830 1703 2001 1763 der dens
2084 1716 3276 1787 in der Maske Hartlebens gab, jeder stand an seinem kämpfe
524 1713 1824 1767 unter dem Gesammttitel „Lebendige Stunden"*) vereinigten
1818 1751 2488 1809 Platze und fillte diesen Platz aus.
529 1756 1826 1810 neuen Einacter von Arthur Schnitzler, die gestern das Licht der
3072 1769 3242 1823 Wu¬T
1888 1778 3249 1867 Bemerktssei schließlich noch, daß von den vier Stücken das erste,lvielfal
521 1788 1821 1842 Rampen erblickten, sind einer Aufnahme begegnet, die mit kühler An¬
1817 1802 3097 1898 dritte und virte unverfälscht wienerisch sind. Nur „die Frau mit dem
513 1829 1823 1890 erkennung begann, dann wärmer und wärmer wurde, und mit stürmischem
1824 1865 2738 1922 Dolche“ (h=keine besondere örtliche Herkunft.
519 1860 1836 1924 Jubel endete. Nicht nur um dieses Erfolges, sondern auch um des
2876 1869 3261 1958 St—m. „Schr
516 1911 1829 1955 inneren Werthes der Stücke willen stellt die Reihenfolge, in der sie
3079 1922 3248 1986 Eine
517 1950 1834 2012 gegeben wurden, eine der glücklichsten Steigerungen dar. Zuerst
2431 1953 3241 2017 Flügel und Pianinos, stane
522 1989 1835 2033 kommt ein Schauspiel, dessen Titel „Lebendige Stunden“ auch
2570 1993 3227 2056 Alleinvertretung 1042thaus
520 2028 1844 2085 als Gesammtüberschrift dient. Ihm folgt das Schauspiel „Die Fraul
3064 2041 3224 2086 Route
521 2060 1842 2121 mit dem Dolche", An dieses reiht sich das Schauspiel „Die
2423 2059 3219 2119 Georg Neumann, hebun
2083 1944 2444 2153 □
514 2106 1838 2169 letzten Masken“. Und das krönende Ende bildet der Schwank
2564 2110 3235 2188 e Mrhenstraße 13.s1 61
518 2142 883 2203 „Literatur“.
602 2165 1855 2249 Das erste Stück ist kaum mehr als ein gesprochenes Feuilleton ein
516 2201 1827 2266 Schauspiel ohne Handlung und nur aus einem Dialog bestehend. Eine
514 2242 1956 2316 Hofräthin ist gestorben und ein im Ruhestande lebender Beamter, mit##
510 2283 1955 2348 dem innige Freundschaft sie verband, trauert tief um sie. Der SohnMa¬
522 2320 1839 2391 der Verblichenen, ein Dichter, erscheint bei dem Alten und das Gespräch
1820 2336 1943 2388 884h
513 2356 1952 2424 gilt der Todten. Die Trauer des Sohnes erscheint dem Alten nicht ernst#
509 2404 1829 2455 genug und er macht dem jungen Manne die Mittheilung, daß seine
1816 2397 1961 2479 2
514 2435 1838 2497 Mutter, weil ihr langwieriges Leiden den Sohn nicht zu freudigem
526 2487 1833 2534 Schaffen kommen ließ, sich das Leben genommen habe, damit der Sohn
519 2514 1843 2574 nicht länger an der vollen Entfaltung seiner Begabung gehindert werde.
523 2545 1955 2610 Der Sohn ist erschüttert. Das hat er nicht gewollt. Daran ist er#
523 2590 1833 2633 unschuldig. Aber da das Opfer einmal gebracht ist, wird er es dichterisch
518 2625 1958 2704 verwerthen. Dieses „Recht des Lebenden“ nimmt der Sohn unverkürzt
513 2680 1826 2724 für sich in Anspruch. Die Stimmung, die in diesem Zwiegespräch ent¬
516 2705 1958 2763 halten ist, wurde durch die Darstellung der Herren Reinhardt undistei
521 2740 1956 2801 Rittner ausgelöst. Eine größere Wirkung kann das Stück, das Halte
518 2785 1242 2838 eigentlich kein Stück ist, nicht erzielen.
611 2819 1823 2870 Geistreich seinen Gedanken, phantastisch seiner Ausführung und
521 2846 1835 2903 ziemlich frostig seinem Eindruck nach ist der zweite Einakter, „Die
514 2892 1946 2956 Frau mit dem Dolche“. Das Stück gehört einer Gattung an,sist di
512 2944 1944 2998 die vor etwa zehn Jahren beliebt zu werden schien, die Gattung der16 3i
518 2975 1960 3017 „Traumstücke". Als Barnay noch das „Berliner Theater“ leitete, Neuze
510 3002 1939 3082 wurde an dieser Stätte ein vieraktiges Schauspiel von dem Schweizer oder
517 3044 1834 3102 Widmann, „Jenseits von Gut und Böse“, aufgeführt. Der erste und
505 3078 1819 3135 der letzte Akt dieses Stückes spielen in bürgerlichen Kreisen der Gegen¬
518 3114 1832 3179 wart, während der zweite und dritte in das Florenz der Renaissancezeit
514 3162 1827 3203 verlegt sind. An dieses Widmann'sche Stück erinnert der Schnitzler¬
519 3200 1832 3254 sche Einakter. Pauline und Leonhard lieben sich. Sie ist die Frau
511 3224 1949 3299 eines reichen Mannes, der zu seiner Unterhaltung literarisch thätig ist.[Die
512 3275 1832 3322 Er ist ein junger, hübscher, kräftig gebauter Mann. Im Museum, bei
1813 3285 1963 3336 der¬
513 3311 1819 3359 dem Bilde der „Frau mit dem Dolche“ — ein unbekannter Meister des
1815 3326 1940 3385 — J.
508 3347 1808 3398 fünfzehnten Jahrhunderts ist der Schöpfer des so bezeichneten Gemäldes
1817 3360 1961 3433 Inv.
612 3380 995 3451 treffen sie sich.
974 3387 1793 3441 Ihr Gatte weiß, daß sie und zu
511 3424 1761 3481 welchem Zweck sie hier ist. Sie selbst hat es ihm gesagt. Um
507 3472 1828 3532 verhindern, daß sie sich Leonhard ganz hingiebt, wird sie morgen mit
509 3504 1826 3562 ihrem Gatten verreisen. „Dann bleibt uns doch noch der Abend, die
521 3542 1824 3593 Nacht", spricht Leonhard und beschwört die Geliebte, diesen Abend zu
514 3567 1953 3628 ihm zu kommen. Ehe Pauline darauf endgiltig antwortet, träumt siel=Mad
1807 3603 1947 3653 Aus
508 3606 1815 3671 von der „Frau mit dem Dolche“, der sie, wie Leonhard meint und wie
509 3658 1951 3713 sie selbst fi det, sehr ähnlich sieht. Die Scene verwandelt sich. Das edlen
509 3671 1951 3748 Arbeitszimmer eines Malers zur Mediceerzeit thut sich auf. Derl glanz
1825 3720 1927 3762 die
516 3736 1830 3788 Morgen graut und Leonardo will von Paola, der Gattin des Malers!
1802 3754 1946 3802 Saiso
513 3763 1823 3804 Remigio, die sich ihm in dieser Nacht hingegeben, Abschied nehmen.
520 3792 1942 3857 Da naht, von einer Reise zurückkehrend, Remigio. Paola theilt ihm, Tout
516 3823 1948 3892 weil sie nie lügt, mit, daß sie ihm untreu geworden und Remigio verri
1804 3864 1944 3912 ganze
520 3879 1813 3923 straft, statt blutige Rache zu nehmen, Beide mit Verachtung. Leonardo
1807 3904 1947 3957 Conce
509 3918 1815 3966 verlangt, getödtet zu werden, und als Remigio sich dessen hartnäckig
1811 3939 1952 4003 einen
514 3953 1817 4010 weigert, sticht Paola den Geliebten nieder. Dieser Vorgang giebt Re¬
1807 3969 1950 4033 der v
510 3986 1807 4037 migio Stoff zu seinem angefangenen Gemälde „Die Frau mit dem
1814 4010 1944 4068 versch
511 4024 1814 4071 Dolche". Die Züge Paola's, als sie Leonardo tödtete, das sind die
1805 4052 1926 4098 und
520 4072 1809 4123 Züge, nach denen Remigio im Geiste für das Bild gesucht hat. Sofort
1810 4087 1939 4139 Frack¬
524 4083 1811 4151 ergreift er Pinsel und Palette und beginnt zu arbeiten. Der Traum
1799 4122 1928 4175 neue
524 4132 1814 4186 ist zu Ende. Pauline und Leonhard stehen sich wieder im Museum gegen¬
2541 4138 2867 4217 B
510 4155 1942 4228 über. Leonhard wiederholt seine Bitte und Pauline haucht ihm ein: parad¬
1799 4198 1938 4242 drückt
