3392 4224
680 209 1342 293 „O SSLN VLENT
1513 202 1735 281 Nr. 41
332 261 1776 345 L. österr. behördl. conc. Bureau für Zeitungsberichte u. Personalnachrichten
562 332 1558 411 Wien, IX/1, Türkenstrasse 12.
745 409 1393 490 - Filiale in Budapest: „Figyelö“ —
349 432 1772 537 Vertretungen in Berlin, Chicago, Genf, London, Newyork, Paris, Rom, Stockholm.
880 516 1719 645 Lolom Zer
352 602 856 699 Ausschnitt aus:
561 681 896 782 21170 2
347 760 557 848 vom:
584 955 1738 1061 & Gastspiel von Mitgliedern des Wiener Hofburgtheaters.
486 1014 1741 1106 Gestern kam im Stadthaussaal wieder einer unserer Modernsten
501 1070 1740 1145 zum Wörtg nämlich Arthur Schnitzler mit seinem jüngsten
502 1119 1750 1199 Bühnenwerk, dem Einaktereyelus „Lebendige Stunden“. Man
491 1162 1744 1233 mag von diesen Jungen, die alle Formen unseres Daseins und
500 1211 1730 1279 Wirkens auflösen wollen, da sie der naturwissenschaftlichen An¬
492 1256 1737 1305 schauung widersprechen, man mag von ihnen halten was man
496 1302 1735 1378 wolle, aber für eine sterbende Weltanschauung kämpfen sie nicht;
493 1347 1727 1401 es wohnt ihren Werken, auch wenn sie, wie die „Lebendigen
495 1375 1734 1454 Stunden“, vom künstlerischen Standpunkt aus nicht ganz ein¬
484 1415 1734 1506 wandsfrei sein mögen, doch eine werbende Kraft inne, eine Kraft.
486 1469 1724 1533 die mit fortreißt und sich in Beifallsstürmen äußert, wie sie
483 1514 1767 1586 gestern den Stadthaussal durchbrausten. Schnitzlers Namen ist 8
375 1528 480 1588 Für
498 1552 1738 1645 der besten einer: sein erster großer Bühnenerfolg „Liebelei",
495 1598 1795 1684 stellte ihn mit einem Schlage in die vorderste Reihe der modernen gs.
490 1650 1714 1718 Dramatiker, unter denen er durch seine erquickende Liebenswür¬
419 1694 479 1752 „
473 1685 1818 1764 1digkeit und feinen Humor excellierte; sein Ansehen befestigte sich das
488 1738 1816 1810 dann durch die Anatolskizzen „Freiwild“, „Das Vermächtnis“, den
375 1782 1721 1839 Abom=Die Gefährtin“, „Der grüne Kakadu“ und „Paracelsus“, und
386 1829 1715 1889 Abomendlich schlugen im letzten Winter die „Lebendigen Stunden“
488 1838 1826 1936 an allen Orten, besonders in Wien und Berlin ganz ungewöhn= dle
482 1894 1809 1994 lich ein. Allerdings sind die „Lebendigen Stunden“ nicht das jugt
388 1950 1822 2033 InhalBeste, was Schnitzler bisher geschaffen. Aber die schwungvolle, liche
390 1984 1822 2073 blä geistreiche Sprache, wie auch die dramatische Gestaltungskraft, Mit¬
396 2028 1709 2108 wodtwelche besonders in dem zweiten Stücke „Die letzten Masken“ so
393 2051 1722 2143 Lebewirkungsvoll, oft geradezu packend zum Ausdruck kommt, lassen
388 2099 488 2154 thei
480 2104 1720 2202 über Manches hinwegsehen. Das erste Stück „Die Frau
469 2168 1710 2230 mit dem Dolche“ nimmt etwas die Phantasie des Zu¬
470 2208 1736 2296 schauers in Anspruch, ist aber hübsch, vielleicht auch etwas kühn
467 2249 1718 2330 erdacht. Wie die Weltdame sich mit ihrem Liebhaber in der
477 2298 1698 2354 Bildergallerie ein Stelldichein giebt, hier beim Anblick des Ge¬
470 2326 1716 2409 mäldes „Die Frau mit dem Dolche“ durch die Aehnlichkeit ver¬
470 2383 1713 2453 blüfft, sich vor ihrem geistigen Auge in einem Traumzustand eine
468 2433 1709 2475 Szene abspielt, in der sie ihrem Gatten den Ehebruch bekennt und
461 2475 1717 2538 dann ihren Liebhaber ersticht, ist gewiß nicht neu, aber das
466 2514 1705 2589 Ganze ist originell aufgebaut und verblüfft durch den Schluß.
467 2546 1706 2629 In diesem Stücke zeigt sich Schnitzler als ein starkes dramatisches
466 2610 1710 2670 Talent. — Eine ungewöhnliche Gestaltungskraft beweist der
461 2644 1697 2719 Dichter in dem zweiten Stück: „Die letzten Masken“,
461 2686 1693 2758 während das dritte: „Litteratur", eine Art dramatisier¬
451 2727 1709 2803 ten Feuilletons, durch eine Reihe heiterer Momente sowohl, wie
460 2776 1696 2833 auch durch den schlagfertigen, geistsprühenden Dialog, eine be¬
460 2825 1706 2885 hagliche Stimmung erzeugt und die Lachmuskeln ausgiebig in
454 2865 1708 2931 Bewegung setzt. — So führen die „Lebendigen Stunden“ von
454 2901 1706 2977 dem Ernsten, Erschütternoen ins humoristische hinüber, und das
461 2945 1691 3019 ist ein großer Vorzug an diesem Einaktereyclus. — Das Be¬
460 2987 1694 3064 merkenswerteste an dem gestrigen Abend aber war — auch wenn
462 3032 1680 3107 man die „Lebendigen Stunden“ an sich nicht zu hoch einschätzt —
458 3077 1692 3145 die Aufführung. Erst kürzlich hatten wir zwar Gelegenheit,
467 3115 1690 3203 Mitglieder des Lessingtheaters in Berlin in einem Gastspiele zu
462 3166 1690 3241 sehen. Wenn ihr Zusammenspiel auch ein gutes gewesen, so war
464 3214 1684 3280 es doch weit nicht das, was gestern in dieser Hinsicht sowohl, als
447 3266 1686 3307 auch in jeder Einzeldarstellung geboten wurde. Eine so vollen¬
456 3297 1695 3347 dete Leistung, wie sie gestern Albert Heine, der seit 2 Jahren
424 3347 1684 3410 vom Berliner Königl. Schauspielhause an die Wiener Burg
455 3386 1698 3432 Albergestederr#t und hier Linnen kurzer Frist zum gefeierten:
456 3431 1686 3504 Spielleiter der akadem. Vorstellungen und zum erschütternden
453 3481 1685 3553 Darsteller dämonischer Charaktere, wie des Mephistopheles und
449 3522 1686 3566 des Muleigh Hassan geworden ist, als Journalist Rademacher
447 3573 1678 3635 bot, ist eben einzig dastehend. Verblüffend und hinreißend war
450 3607 1689 3681 Clara Rabitow, die gleichsfalls zum jüngsten Burgtheater
454 3663 1678 3727 zählt und dort „Maria Stuart“, „Julia“, „Thekla“, Clärchen“,
457 3696 1685 3755 „Gretchen“ und „Hero“ verkörpert, als Pauline in „Die Frau
446 3727 1689 3804 mit dem Dolche“, ebenso Ferd. Gregori als Leonhard und
444 3792 1681 3854 alle die anderen. Jede Person war an ihrem Platze, jede bot ihr
443 3837 1686 3899 Bestes . . . . .. nur im Einakter „Litteratur" nicht ganz. Wir
454 3869 1679 3950 wollen jedoch die Heiterkeit, die manchmal sich aus dem Zu¬
454 3920 1683 3963 schauerkreis auf die Darsteller übertrug nicht auf die bei manchen
457 3957 1693 4025 Gesellschaften verbreitete irrtümliche Meinung zurückführen, daß
449 4009 1686 4062 „für die dummen Provinzler das Schlechteste gut genug“ sei,
451 4043 1683 4108 sondern nur auf den prächtigen, oft sogan drastischen Humor in
450 4084 811 4143 diesem Stücke. —
546 4121 1693 4192 Morgen, Sonnabend, findet das zweite und letzte Gastspiel
441 4163 1004 4240 der Wiener Künstler statt.
2293 283 2744 375 Telephon 12801.
1911 359 3132 473 Alex. Weigl’s Unternehmen für Zeitungs-Ausschnitte
2893 420 3127 501 Ausschnitt
2960 489 3208 575 Nr. 40
2134 468 2828 584 „OBSERVER“
1801 561 3241 659 I. österr. behördl. conc. Bureau für Zeitungsberichte u. Personalnachrichten
2035 631 3031 715 Wien, IX/1, Türkenstrasse 17.
2215 705 2851 777 Filiale in Budapest: „Figyelö“ —
1811 749 3243 862 Vertretungen in Berlin, Chicago, Genf, London, Newyork, Paris, Ron, Stockholm.
1815 908 3131 1034 Ausschnitt aus: Ostrauer Tagblatt
2089 1020 2383 1122 IVl 4002.
1825 1038 2089 1152 vom: 7
2311 1296 2864 1439 Theater und Kunst.
2130 1390 3223 1513 Ensemble-Gastspiel von Mitgliedern des
1971 1428 3213 1562 K. k. Hofburgtheaters. „Lebendige Stunden“ drei
1983 1485 3204 1599 (Einakter von Arthur Schnitzler. Die Sommersaison eilt
1973 1535 3201 1660 ihrem Gipfelpunkte zu, es ist daher gewiß nicht befremdlich,
1977 1590 3193 1709 daß man jeden Sonnenblick, der das tägliche Grau durch¬
1963 1635 3189 1755 reist, gern im Freien genießt. Nur daraus ist es zu er¬
1974 1692 3177 1793 klären, daß der Besuch zu wünschen übrig ließ. Das er¬
1972 1736 3247 1874 schienene Publikum schenkte den interessanten Leistungen, je
1962 1792 3221 1895 welche die Vorstellung mit sich brachte, ein außerorbentlich.
1849 1804 1953 1901 Für
1961 1835 3230 1948 reges Interesse. Es folgse sowohl den Halluzinationen der fer
1958 1900 3255 1991 „Frau mit dem Dolche“ als auch der Spitalsscene „Die a0s.
1962 1938 3280 2034 letzten Masken“ wie dem heiteren Genrebildchen „Literatur“s das
1951 1988 3281 2079 („Wie Literatur entsteht“) mit der größten Aufmerksamkeit. es den
1957 2033 3174 2123 In Fräulein Clara Rabitow lernten wir eine Künstlerin
1857 2089 3283 2212 Abo von durchgeistigtem, zielbewußtem Schaffen kennen, die des ga die
1850 2119 3280 2241 Abo Dichters Gestalten, wie aus einem Bilde geschnitten, hinstelltrgen¬
1937 2181 3273 2303 und für dieselben zu interessiren weiß. Sie bewies dies itung")
1855 2222 3291 2341 lnt namentlich in dem ersten Stücke, urch eine herrliche Probe aftliche
1864 2290 3287 2398 di ihres hervorragenden Talentes, indem sie die Pauline, nament= Ar¬
1878 2329 3157 2450 wo lich in den Ausbrüchen wilder Leidenschaft und Selbstanklage
1871 2363 3143 2504 Le unvergleichlich gab. Es war ein Licht= und Schattenspiel der
1932 2426 3154 2547 Seele voll zutreffender Aeußerung. Herr Gregori Leon¬
1914 2460 3135 2596 hard sprach mit edlem Feuer, und den bis aus Herz hinan
1919 2513 3137 2649 kühlen Remigio Herr Heine gediegen. Diese Künstler glänzten
1926 2567 3144 2683 durch ihre verblüffende Vielseitigkeit und vorzügliche Charak¬
1922 2626 3143 2730 teristik und dazu bot ihnen insbesondere das Schauspiel
1926 2672 3127 2779 „Die letzten Masken“ reichlich Gelegenheit, welches das Ende
1924 2723 3117 2825 eines verkannten, vom Glücke im Stiche gelassenen Journa¬
1923 2763 3135 2877 listen zum Vorwurfe hat. Das Spiel des Herrn Heines
1912 2815 3135 2925 (Rademacher) zeichnete sich durch Klarheit und Natürlichkeits
1904 2869 3121 2988 aus; es war allen Mätzchen fern, eine höchstdiegene, vollen¬
1904 2907 3114 3028 dete Leistung. Einzig in seiner Art, treu dem Leben abge¬
1897 2949 3107 3079 lauscht, charakterisierte in Wort und Spiel Herr Gregoris
1900 3004 3109 3127 den emporgekommenen Dichterling Weihgast und Herr¬
1902 3058 3108 3177 Fischer der den posenreichen Jackwert sehr brav und
1888 3110 3107 3222 äußerst wirksam gab. In der Sterbescene bewies Herr¬
1880 3137 3103 3274 [Heine nach jeder Richtung hin, daß er seine Kunst ernste
1879 3207 3109 3302 nimmt und daß ihm die Prinzipien Lessings heilig sind. Das¬
1895 3257 3111 3368 am stärksten von sezessionistischen Parfum durchglühte Lust¬
1880 3298 3098 3403 spiel „Literatur“ erheiterte das Publikum ungemein. Frl.
1888 3342 3100 3463 Rabitow, diesmal in Momus Diensten, ergötzte durch die
1873 3394 3097 3508 drastische Zeichnung der schließlich den Mamon der Poesie
1876 3449 3079 3571 vorziehenden Margarethe und ihrer Rückerinnerungen an eine
1870 3492 3076 3613 verflossene Liebelei, während Herr Gregori, einzig in seiner
1858 3549 3081 3660 Art, in dem beschränkten aber correcten Edelmann und Sports¬
1863 3608 3078 3703 mann eine Type schuf, die lebhaft an ein Original derbesten
1852 3631 3072 3754 Wiener Gesellschaft erinnerte. Urkomisch gab Herr Heine
1850 3677 3067 3804 den Gilbert, welcher alle Pointen aufs Zutreffendste ins
1859 3738 3065 3840 Feld stillte. — Das Zusammenspiel in sämmtlichen drei
1858 3784 3056 3884 Stücken ließ nichts zu wünschen übrig. Herr Waschatko
1856 3845 3056 3948 und Fräulein Moucza, die weniger Gelegenheit hatten,
1853 3885 3058 4005 in den Vordergrund zu treten, entledigten sich ihre kleineren
1843 3938 3064 4044 Aufgaben mit aller Gewissenhaftigkeit. Wir werden uns,
1833 3980 3060 4096 dieses bestgelungenen Literaturschnitzelabendes und seiner Haupt¬
1839 4027 2427 4119 furheber stets gerne erinnern.
