3436 4384
-10 1495 56 1565 e
2104 176 2569 261 box 21/3
298 149 1965 277 16.1. Lebendige Stunden— Zuklus
883 1343 3234 1423 hin und schüttelst es von dir ab? Was ist denn deine dreht sich die Bühne wieder zuruck ins 20. Jahrhundert
907 1386 2189 1461 ganze Schreiberei, und wenn du das größte Genie bist, was und-
2165 1389 3231 1461 — das wiederverkörperte schuldige Paar trennt sich
176 1397 576 1490 euilleton.
907 1442 3231 1494 ist sie denn gegen so eine Stunde, so eine lebendige Stunde, vor dem Bilde, dessen Geschichte wir nun kennen, mit dem
911 1483 3239 1530 in der den Mutter hier auf dem Lehnstuhl gesessen ist und Versprechen, zu dem Rendezvous zu kommen. Wird Frau
910 1513 1789 1567 zu uns geredet hat, oder auch geschwiegen —
1812 1526 3234 1596 aber da ist Pauline Hrn. Leonhard dann auch umbringen, wie sie es
190 1536 640 1618 Residenztheater.
901 1549 2069 1619 sie gewesen — da! Und sie hat gelebt, gelebt!“ Heinrich
2056 1569 2810 1636 einst als Paola in Florenz gethan? —
897 1606 2072 1656 hat keine Ahnung davon gehabt, der alte Jugendfreund der
2135 1614 3235 1670 Auch der dritte Einakter „Die letzten Masken“
175 1602 914 1681 ers „Lebendige Stunden“.
897 1649 2068 1702 Mutter aber hat hn einen von dieser hinterlassenen Brief
2058 1639 3230 1711 ist eine sehr traurige Geschichte. Sie spielt im Wiener all¬
181 1678 907 1739 Sudermann oder vor ihm schon ein
910 1692 2063 1746 lesen lassen, in dem das ganze Geheimniß stand, das dem
2059 1698 3231 1765 gemeinen Krankenhause. Ein alter, heruntergekommener
172 1726 918 1791 Einakter=Cyklus unter gemeinsamem
914 1722 2067 1785 Sohne verborgen bleiben sollte. Heinrich, zuerst ganz ge¬
2060 1731 3236 1803 Journalist liegt im Sterben, er hat nur noch einen Wunsch
184 1768 918 1829 — seine Morituri? Gewiß ist, daß
904 1764 2075 1829 brochen und voll Selbstvorwürfe und Anklagen gegen den
2054 1759 3226 1835 und keinen schönen: er will dem verhaßten, reich gewor¬
177 1807 919 1868 Schule gemacht hat. Arthur Schnitz¬
1619 1808 2076 1885 um zu leben und zu
909 1814 1640 1886 indiskreten Freund, rafft sich auf —
2056 1817 3228 1867 denen Nebenbuhler vor seinem Ende nach lebenslanger
182 1844 913 1909 hzum zweitenmal: seine vier neuesten
913 1850 2065 1915 „dichten“. Darauf sagt ihm Haushofer obige schön und
2061 1861 3241 1932 Verstellung noch seine Verachtung ausdrücken. Was er
167 1894 905 1951 nuar d. J. im Berliner Deutschen
906 1884 2071 1958 wahr empfundene Worte. Das ist aber auch alles — eine
2065 1909 3226 1971 ihm alles sagen will, das erzählt er einstweilen einem
171 1927 916 1995 Hhaben sollen, haben den gemeinsamen
911 1933 2064 2003 novellistische Skizze, nicht ohne psychologische Berechtigung
2062 1945 3230 1997 lustigen Spitalgenossen, während sein verhaßter Jugend¬
175 1970 920 2045 Unden“. Ich habe den Berliner
909 1993 2062 2043 und Feinheit, aber ohne alle Berechtigung, „Schauspiel“
2051 1989 3238 2057 freund von einem mitleidigen Arzt rasch und in der Nacht
180 2031 918 2081 sehen, auf dem der gestrigen Mün¬
911 2019 1330 2100 genannt zu werden.
2042 2037 3240 2098 geholt wird. Als dieser aber eintrifft und theilnahmsvoll
193 2073 916 2131 enur der erste Einakter den Titel
984 2058 2065 2131 Noch geheimnißvoller und mystischer ist das zweite
2058 2070 3229 2125 fragt, was der kranke Freund von ihm wolle — schweigt
191 2110 910 2167 ,und der naive, voraussetzungslose
913 2109 2070 2175 Stück „Die Fraumit dem Dolche“, aber neu, wirk¬
2055 2117 3227 2182 dieser und ist nicht mehr zum Reden zu bringen. „Was hat
182 2138 920 2207 in zu rechnen der Autor berechtigt ist,
913 2148 2066 2213 lich ganz neu ist der Einfall, dessen tieferer Sinn gestern
2065 2156 3225 2218 Unsereiner mit Leuten zu schaffen, die morgen noch auf der
164 2180 928 2263 kabe nicht gesehen hat, wird hier den
910 2193 2504 2250 vielleicht einem Theile unseres Publikums verborgen ge= Welt sein werden?“
2535 2196 3231 2274 sagt er endlich und stirbt — es
169 2230 918 2292 so weniger vermißt haben, als nur
900 2237 2072 2303 blieben ist, trotzdem unsere Drehbühne ein scenisches Arran¬
2049 2242 2578 2318 war seine „letzte Maske“.
170 2283 901 2336 elei eine allen vier Stücken gemein¬
905 2278 2077 2347 gement dafür ermöglicht, das an anderen Bühnen nicht
2136 2277 3231 2351 In Berlin wie auch hier hat das vierte und letzte Stück
174 2327 912 2391 kit dem Namen „Lebendige Stunden“
909 2321 2061 2385 gegeben ist. Eine untreue Frau gewährt ihrem vorerst
2055 2335 3231 2393 „Literatur“ am meisten gefallen. Warum? Es ist
172 2353 921 2421 raustüfteln kann. Daß ein Schrift¬
904 2370 2068 2424 platonischen Liebhaber ein Stelldichein in einer Bilder¬
2052 2377 3224 2432 ein Lustspiel von starker Satire; das Publikum ist froh,
171 2398 905 2463 nbande den Titel der ersten Novelle
906 2400 3226 2468 galerie vor dem aus dem 15. Jahrhundert von einem nach dem düsteren Eindruck des Vorhergegangenen herzhaft
164 2446 929 2503 lbezeichnung mitgibt, kommt schon
906 2438 3208 2503 unbekannten Meister stammenden Bilde einer Frau mit lachen zu können und fühlt sich zugleich von allen Zweifels
171 2493 921 2560 diesem Sinne könnten wir allenfalls
900 2500 2079 2550 dem Dolche. Sie fühlt sich seltsam zu dem Bilde hinge¬
2051 2507 3219 2560 Qualen entladen. Dies Lustspiel versteht Jeder; tiefsinnig
167 2534 905 2592 el „Lebendige Stunden“ acceptiren,
913 2541 2055 2594 zogen — schwupps, auf einmal dreht sich die Bühne, wir
2054 2544 3226 2602 ist es nicht, aber nicht ohne Geist, und als Theaterstück ist
180 2564 914 2632 r. fast alle vier Stücke mehr novellisti¬
907 2580 2067 2638 sind um vier Jahrhunderte zurück= und in ein Vers=Kostüm¬
2063 2591 3231 2648 es mehr werth als die drei anderen. In München hat
166 2622 915 2676 Natur sind, am meisten das erste der
905 2613 2080 2690 drama versetzt, sehen dieselben zwei Personen vor uns (ein
2057 2630 3221 2679 Margarethe einen Wiener Sportbaron kennen lernen und
169 2667 911 2717 n Aufzuge“, das dem Ganzen den
910 2668 2058 2721 kleines Verwandlungskunststück!) und der Schluß dieser
2058 2661 3230 2724 umgarnt, nachdem sie sich in der literarischen Boheme der
178 2705 2080 2762 Namen, der selbst wieder erst einer Scene ist, daß Paola ihren Liebsten Leonardo wirklich mit
2057 2719 3228 2764 Isarstadt tüchtig herumgetrieben hat und daraus auch
890 2755 2084 2801 dem Dolche ersticht, weil er ihr neben dem zurückkehrenden
2057 2746 3233 2820 nichts weniger als rein hervorgegangen ist. Ihr letztes
161 2773 918 2860 lebendige Stunden"? Der
902 2798 2066 2850 Gatten unsagbar unwürdig und erbärmlich erscheint und
2049 2801 3232 2865 Abenteuer hat sie zu einem Roman verarbeitet. Da er¬
168 2825 921 2900 zu dem jungen „Dichter“ Heinrich,
898 2841 3230 2904 sie sich der Schwäche einer Nacht schämt. Maler Remigio scheint der mit dem sie es erlebt, der richtige Dekadent, und
174 2869 912 2928 eine zu große Dosis Morphium ge¬
898 2873 3222 2932 ergreift schnell den Pinsel und malt nach der grauenhaften will alte Beziehungen wieder anknüpfen. Die Situation
171 2910 909 2994 hr Stöhnen ihrem Sohne bei seinem
906 2906 3231 2993 Gruppe, die sein Weib mit dem Dolche und der todte Jüng=wird bedenklich, insofern nämlich der Münchener Literatur¬
157 2971 3238 3039 er lästig zu fallen: „Heinrich, vor ling bildet, sein angefangenes Bild „Die Frau mit dem jüngling ebenfalls einen Roman geschrieben hat, in dem
158 3013 3232 3047 de Mutter noch gelebt, und du kannst Dolche“ fertig. Sehr wahrscheinlich, was? Aber wir der ganze Briefwechsel mit Margarethe gleichfalls ver¬
170 3051 3232 3128 hat sie sich umgebracht, und du gehst haben keine Zeit, darüber nachzudenken, denn — schwupps, werthet ist. Wenn der Bräutigam=Baron daraufkäme!
