3436 4320
288 122 568 223 16. 1
2123 139 2560 241 box 21/3
544 147 1971 259 Lebendige Stunden— Zkius
958 964 1169 1049 —
522 1011 1764 1103 sagt blieb. Aber auch die Tendenz des Dichters wurde
1796 1024 3393 1129 Sein Poet geht durch vier Stücke, bald skizzenhaft fassungen eine größere
514 1096 3386 1153 immer tiefer. Seine Satire traf die bevorzugten Kreise, die gezeichnet, bald von romantischen, schwer faßlichen Seelen= wollen. Das bringt
509 1122 1730 1203 nur zu oft das Recht souveräuer Straflosigkeit genießen. Dieser
1718 1140 3383 1224 wanderungsstimmungen belebt; er seufzt im Krankenhause, wo er dient, wagte er
517 1184 1723 1239 Freimuth erschwerte die Stellung Schnitzler's auf der
1718 1188 2911 1261 dessen armselige Hilfskraft veristisch geschildert wird,
2909 1194 3396 1276 Vorgesetzten zu wider
514 1224 1717 1285 Wiener Bühne. Eine seiner besten Arbeiten, „Freiwild“,
1718 1233 2911 1313 er erscheint uns am vortheilhaftesten in einem Lustspiel,
2909 1244 3395 1321 berechtigten Zorn wir
513 1280 1717 1346 begegnete einer ungerecht ablehnenden Haltung, der eine
1721 1283 2918 1358 das wie eine Sammlung sprechender Porträts anfluthet,
2902 1290 3392 1363 fängniß. Auch Baren
503 1317 1713 1388 Director wies sie ohne jeden Grund zurück, der andere,
1713 1322 2909 1407 Diese lebendig hübsche Comödie ist eine seltene und hoch
2905 1340 3399 1415 und entschiedene Brud
505 1379 1712 1442 weil er in seiner Jugend Officier gewesen, der dritte
1711 1379 2911 1447 anzurechnende Gabe in einer Zeit, in der die Aeußerungen
2905 1387 3384 1457 gegen die Satzungen
513 1414 1720 1486 führte sie auf, brach aber die Vorstellungen jäh und un¬
1710 1426 2909 1495 des Humors immer spärlicher auftauchen. Die verflossene
2901 1434 3391 1508 liche Brauch, daß seine
501 1456 2903 1550 erwartet ab. Schnitzler verstand es ganz anders, als die Epoche des Idealismus ließ die Wirklichkeit im Lustspiel
2901 1486 3385 1558 werfen und im Kamp
496 1508 2917 1586 halbnärrischen Bramarbasse, die sich auf dem Berichti= aufleben; dieses verstummte, seit der Realismus seine un¬
2905 1533 3381 1608 gewinnen, ist nicht
496 1570 2906 1641 gungswege als Genie ausrufen, die Schrecken der großen umschränkte Herrschaft übt. Auch in Paris wo die fröh¬
2903 1575 3390 1651 See“ ist ihm verhaßt,
509 1608 2901 1693 Revolution der Bühnensprache dienstbar zu machen. Ueber= lichen Geister des Theaters so lange mächtig waren und
2911 1629 3391 1698 Grab, aus dem ein 1
503 1654 1724 1718 ängstliche höfische Vorsicht erstickte seinen Erfolg. Ja auch
1707 1658 2906 1741 mit unvergleichlicher Elasticität lustige Gestalten belebten,
2894 1662 3391 1748 eines Morgens unhei
499 1708 1724 1765 dort, wo der Dichter wie im „Schleier der Beatrice" nur
1706 1708 2906 1790 tritt das unterhaltende Theaterstück auffallend in den
2897 1722 3387 1802 Geert aus dem Arrest
507 1747 1717 1818 rein poctische Motive verwerthet, begegnete er dem Uebelwollen
1711 1763 2911 1840 Hintergrund. Und da kommt Schnitzler mit einem zierlich
2902 1769 3376 1847 freundlich auf. Die 2
497 1806 1715 1866 und der Unduldsamkeit. Eine ähnliche Stellungnahme gegen
1715 1815 2904 1878 graziösen Werke heiterer Laune, das die peinlichen, kecken,
2897 1813 3376 1894 und Schmerz zu ihm
504 1840 1704 1910 einen jungen, sieggekrönten Autor, dem man skrupellos
1716 1845 2905 1919 unromantisch mit sich zufriedenen Apostel, die eine so be¬
2898 1868 3381 1942 finster wie ein Geschöp
503 1900 1706 1953 den Boden seiner Wirksamkeit abgräbt, kannte der Vor¬
1714 1914 2914 1981 queme Verbindung ihrer literarischen und persönlichen Ab¬
2896 1915 3395 1983 lich grüßt ihn nur sei
498 1935 1715 2003 märz nicht. Seine Reaction, ihre Helfer und Handlanger,
1706 1952 2906 2029 sichten herstellen, auf das ergötzlichste geißelt. Er zeigt
2902 1960 3379 2028 strahl des Dorfes, im
490 1974 1295 2068 waren vornehmer, als man heute ist.
1717 2004 2903 2083 nicht nur die Fertigkeit, mit wenig Strichen eine Figur
2898 2011 3396 2071 die in unsterblicher Lust#
592 2042 1710 2103 Darum ist es sehr dankenswerth, wenn das Deutsche
1704 2056 2901 2130 glaubhaft hinzustellen, er bewährt sich als ein Meister
2894 2056 3405 2142 ist ganz Seemann; das
496 2082 1710 2154 Theater die letzte Arbeit Schnitzler's vorführte, eine Serie
1711 2102 2900 2174 des Dialogs, der voll Geist und doch ohne Ab¬
2889 2098 3372 2173 unwiderstehlichen Reiz
492 2141 1712 2205 von vier Stücken: „Lebendige Stunden“, die schon in
1705 2155 2905 2230 sichtlichkeit ist, in dem der Witz leuchtet und der Autor
2889 2155 3391 2223 Marseillaise singend, lag
501 2174 1708 2241 Berlin Beifall und Anerkennung fand. Ihrer damali¬
1701 2196 2891 2267 wie ein Dialektiker spricht, der über eine Fülle guter
2896 2205 3386 2276 nimmt dann Handgeld
493 2231 1700 2286 gen Würdigung in diesen Blättern ist kaum Wesentliches
1695 2232 2905 2331 Einfälle verfügt. Wenn diese kleine fesselnde Literatur¬
2884 2243 3392 2318 sein Schiff, die „Hoffnun
490 2281 1708 2348 hinzuzufügen. Die Helden der genannten Einacter sind
1705 2294 2894 2366 Comödie Schnitzler auf den Weg des Lustspieles führt,
2883 2303 3384 2370 Die Gewohnheit, die al
493 2337 1703 2402 durchaus Künstler. Schon einmal war es Brauch in der
1693 2340 2897 2412 werden wir ihm noch viele lebendige Stunden verdanken,
2884 2349 3389 2412 sammenhält, beugt auch
488 2380 1702 2433 Literatur, den Poeten, der wärmer fühlen sollte als
1780 2393 2888 2459 Der heiteren Ironie Schnitzler's folgte in der Dar¬
2879 2396 3373 2466 Bruders folgt. Aber wi
489 2430 1703 2498 Andere, um wärmer zu gestalten, zum Mittelpunkte der
1697 2427 2876 2502 stellung unserer Berliner Gäste das Drama „Hoffnung
2889 2435 3383 2512 nung“ ihre Anker licht
485 2470 1703 2538 Darstellung zu machen. Die frühere Poesie pflegte jedoch
1698 2468 2895 2553 von Heyermans als düsteres Gegenbild. Es führt an die
2886 2483 3376 2564 die Angst, schüttelt ihn
487 2530 1700 2598 mit Vorliebe den Idealdichter zu schildern, der durch eine
1699 2526 2888 2607 holländische Küste in ein armes Dorf, dessen Bewohne
2881 2537 3381 2608 vor sein Auge. „Das
490 2576 1700 2629 Schule von Kampf und Noth zur Höhe strebt, das lockere
1702 2584 2894 2655 genöthigt sind, vom Fischfang zu leben. Welch trauriges
2875 2584 3375 2655 ruft er verstört, leichenb
495 2624 1702 2695 Genie mit bekümmerter Seele, das sich eine eigene, will¬
1696 2633 2892 2693 Los dies bedeutet, erfuhr die Witwe Kniertie, welcher der
2884 2630 3374 2708 er die Schritte des Rhel
489 2669 1699 2735 kürliche Weltanschauung schuf, den krankhaft regellosen
1692 2680 2882 2749 Mann und zwei Söhne in den Wellen umkamen. Die
2884 2667 3384 2750 seinem Schein zu bes
490 2710 1700 2767 Literaturhelden, der in malerischen Attitüden die Schick¬
1699 2717 2885 2792 arme Frau ist fromm geblieben. Am Meeresstrand wie in
2873 2718 3363 2795 dem armen Burschen.
494 2770 2886 2842 salsschläge des Lebens erträgt; Schnitzler verschmäht diese den Bergen sind die Menschen, von den Elementen einge
2873 2777 3381 2845 ihr Standesgefühl hört,
486 2814 2881 2889 zwischen „Lorbeerbaum und Bettelstab“ aufsteigenden Effeete, schüchtert glaubenstreuer als in der Stadt, wo selbst die
2870 2822 3381 2896 in sein Schicksal forder
498 2855 1705 2915 er spottei nicht ohne Anmuth über den Heiligenschein des
1682 2867 2888 2939 berufsmäßig Frommen der Religion gern ein Schnippchen
2867 2872 3379 2944 um den tobenden „Feig
494 2904 1704 2964 Poeten und dessen Kunst, Eindrücke des Lebens künst¬
1687 2915 2876 2990 schlagen. Der guten Frau Kniertje verblieben noch zwei Söhne,
2870 2915 3381 2986 Strümpfe und die süber
488 2950 2873 3038 lerisch zu verwerthen — ein Vorrecht, das von Makreon Geert und Barend. Geert, der Aeltere, hat sich langsam
2862 2968 3370 3037 Sonntagsschmuck getrag
482 3002 2881 3076 bis Goethe und vielleicht von diesem bis zu Schnitzler von dem armseligen Dorfgeiste losgelöst: er liest Zeitungen,
2862 3016 3324 3086 Hand,“ sagt sie, „es h
478 3046 915 3141 alle Dichter übten:
1669 3062 3383 3150 1 die verboten sind, und Bücher, die an Stelle früherer Auf¬ Angst zeigt.“ Barend ist
