3484 4320
1973 200 2439 294 box 2175
279 199 1970 312 16.1. Lebendige StundenZuklus
1778 563 2170 670 Telephon 12801.
1022 832 2173 908 O l. österr. behördl. korz. Unternehmen für Zeitungs-Ausschnitte
1027 907 1078 958 70
1202 886 2078 996 Wien, I., Concordiaplatz 4.
1026 944 1106 991 0
1419 983 1845 1048 Vertretungen
1057 1018 2158 1116 □ in Berlin, Budapest, Chicago, Christiania, Genf, Kopen¬
1019 1065 2169 1152 hagen, London, Madrid, Mailand, Minneapolis, New-Vork,
1130 1097 2153 1195 Paris, Rom, San Francisco, Stockholm, St. Petersburg.
1438 1146 1829 1212 (Quellenangabe ohne Gewaurg.
1032 1166 1848 1286 & Ausschnitt aus; 26 3. 107
1023 1276 1091 1331 120
1446 1248 2273 1378 Tagesbote aus Mähren u. Schlesien
1733 1328 1929 1390 Brünn.
1026 1314 1259 1400 E vom:
1357 1312 2069 1477 Theater und Kunst.
1187 1439 2313 1541 Dr. St. Brünner Stadtthater. Von den drei Einaktern,
1095 1511 2315 1590 die unsere Bühne vom Burgtheater übernommen hat, ist
1086 1555 2312 1640 einer gleich im ersten Ansturm hinweggerafft worden: Her¬
1087 1608 2311 1688 mann Bahrs „Der arme Narr“. Die Ansicht des
1095 1647 2319 1721 Publikums hat sich so unzweidentig gegen ihn gekehrt, daß
1096 1709 2307 1781 man es vorgezogen hat, ihn für weiterhin „aus dem Spiel
1085 1767 2317 1833 zu lassen". Ob dieses Volksgericht Gottesgericht ist, ob diese,
1093 1803 2312 1869 Verurteilung nicht bloß nach dem Impuls, sondern auch nach
1087 1850 2299 1929 dem Gesetzbuch der Asthetik zu rechtfertigen ist, muß hier
1091 1893 2309 1968 dahingestellt bleiben. Es war dem Referenten nicht vergönnt.
1087 1952 2314 2037 der Hinrichtung beizuwohnen. Für den Abend von Samstag
1090 2005 2302 2074 sind die einrahmenden Einakter geblieben. Zwischen ihnen
1092 2057 2309 2132 ist Schnitzlers „Literatur“ eingefügt worden, Ernst
1085 2095 2309 2193 Welisch' „Däs Fest des St. Matern“ und Max]
1094 2140 2299 2232 Bernsteins „Der galdene Schlüssel“ tragen un¬
1085 2194 2290 2282 verkennbar den Burgtheatertyp an sich. Die neuen Erwer¬
1075 2256 2296 2335 bungen unseres Burgtheaters haben ihn alle, diesen Typ,
1088 2297 2295 2376 und es scheint, als sollte die uniforme Darstellungskunst, die
1077 2324 2295 2399 einst den berühmten Stil der ersten deutschen Bühne aus¬
1071 2382 2282 2468 machte, nun — da sie durch norddeutschen und realistischen
1077 2440 2283 2507 Einschlag etwas in Unordnung gebracht wurde — durch eine
1064 2492 2278 2578 Uniformierung des Repertoires ersetzt werden. Es ist der Typ
1068 2547 2287 2625 einer besonderen Wohlanständigkeit, einer ehrbaren Pikan¬
1065 2609 2284 2661 terie, einer literarisch angehauchten Langweiligkeit. Komtes¬
1071 2627 2284 2744 sengeschmack. Der Antor und die handelnden Personen dürfen
1066 2672 2275 2774 sich nach keiner Richtung hin allzusehr exponieren. Es ist Sa¬
1062 2748 2281 2810 londramatik. Bildlich gesprochen: roter Einband und Gold¬
1067 2794 2269 2880 schnitt. Unleugbar ist: alle diese Siücke sind recht hübsch recht
1061 2851 2267 2922 fein, recht gebildet; sie zeigen von guter Erziehung des Au¬
1054 2890 2278 2983 tors und darum verletzen sie auch ein wohlerzogenes Publi¬
1055 2933 2257 3022 kum in keinem Punkte. Blumenthals: „Wann wir altern“
1067 2976 2271 3077 ist ein Paradigma für diese Art von Stücken. Und Bern¬
1062 3044 2273 3140 steins „Goldener Schlüssel“ ist genau nach dem Paradigma
1047 3083 2259 3171 gearbeitet. Liebenswürdige Schalkhaftigkeit umspielt das
1046 3124 2268 3226 Thema, dessen Ernst nur gunz leise anklingen darf. In an¬
1055 3175 2262 3274 mutigen Tanzschritten, wie bei einem Menuett, nähern und
1046 3224 2260 3319 entfernen sich die beiden Personen dieses Spieles. Wie eine
1044 3268 2251 3365 leichte Melodie ist der Eindruck dieses Stückes. Bei einem
1037 3322 2256 3417 Ohr hinein, beim andern berunggeane ung ier zu berühten.
1903 3394 2253 3476 d een ent eeeeeeenene
1025 3452 2252 3558 Und doch geht uns das Thema nahe genug an. Ein Ehe¬
1033 3532 2234 3598 problem: was ist zu tun, um die Liebe der Gatten zu er¬
1031 3579 2229 3648 neuern, um keinen überdruß aufkommen zu lassen? Wie
1026 3622 2223 3692 kann die Gefahr der Gleichgültigkeit vermieden werden? —
1018 3667 2236 3744 Ein ernstes Thema! Max Bernstein behandelt es liebens¬
1024 3704 2229 3797 würdig, manierlich, gewandt, anmutig, schalkhaft, im besten
1017 3779 2230 3847 Komtessengeschmack, und er verfehlt nicht, die dem Thema
1016 3834 2236 3892 anhaftenden sinnlichen Emotionen mit gefälliger Pikanterie
1009 3871 2188 3934 durch die Symbolik des goldenen Schlüssels anzudeuten. —
1016 3926 2231 4008 Kräftiger und schwerer ist Das Fest des St. Matern“ des
1011 3968 2236 4048 Ernst Welisch, eines homo novus, wie mir scheint. Hier klingt
1006 4023 2230 4076 etwas an „Paracelsus“ an, den „Paracelsus“ Schnitzlers, der
1018 4068 2235 4145 Ion allen Lebenden weitaus den stärksten Einfluß auf die
1015 4116 2220 4175 zitgenössischen Dramatiker übt. Dieser Anklano lieat weniger
