3484 4224
302 228 2472 311 16.1. Lebendige Stunden zuklus box 21/5
1950 957 2883 1032 Schwank irgendwo ein dauerndes Plätzchen im
1945 1015 2306 1082 Repertoire finden.
1087 919 1218 1079 105
2154 1045 2351 1111 —V
1196 1005 1862 1117 Theater und Musik.
1008 1038 1158 1121 6
1025 1108 1961 1177 J. K. Im Lessing=Theater gab es gestern
1027 1151 1953 1204 (Mittwoch) einen Schnitzler=Abend, über den in¬
1027 1178 1955 1256 dessen wenig Neues zu berichten ist. Die vier
1029 1225 1952 1290 Einakter, die unter dem Gesamttitel „Lebendige
1030 1268 1958 1328 Stunden“ an dieser Stätte zum ersten Male
1022 1303 1955 1370 zur Aufführung gelangten, sind bereits von früher
1026 1360 1951 1410 her bekannt und eingehend besprochen worden.
1028 1380 1961 1432 Drei der Werkchen gingen vor einigen Jahren
1025 1419 1967 1477 unter der gleichen Flagge im Deutschen Theater
1024 1454 1958 1540 in Szene; das erste Stück des Zyklus, das damals
1032 1484 1965 1551 völlig versagte, hat man jetzt durch die ebenfalls
1037 1541 1960 1605 schon hier dargestellte Kleinigkeit: „Der Puppen¬
1034 1571 1964 1648 spieler“ ersetzt, die einer „Marionette# betitelten
1031 1609 1962 1669 Einakter=Serie Schnitzlers entnommet ist. Wie
1039 1654 1962 1723 früher, ward auch gestern das Publi m erst bei
1039 1692 1956 1749 dem letzten Stückchen der „Lebendicen Stunden“
1033 1731 1955 1790 so recht lebendig und belachte von Herzen den
1152 1763 1968 1827 ingeworfenen Spaß: „Literatur“ der
1171 1797 1971 1867 ötzlich das München=Wiener Kaffeehaus¬
1163 1842 1968 1905 tentum und im wirksamen Gegensatz dazu
1170 1889 1962 1949 pus eines literaturfeindlichen österreichischen
1159 1932 1956 1983 kraten glossiert. Der leichtwiegende Scherz
1038 1972 1955 2029 hob sich besonders freundlich von dem schweren Ge¬
1035 1999 1963 2057 schütz der beiden vorhergegangenen Einakter ab. Die
1036 2044 1966 2106 wunderliche Geschichte von der Frau mit dem
1029 2068 1970 2138 Dolche“ interessierte das Publikum einiger¬
1031 2123 1970 2175 maßen durch ihre bizarre Mischung von psycholo¬
1040 2165 1966 2224 gischer Rätselspielerei und modernster Realistik, der
1036 2201 1962 2266 schwächliche Beifall am Schluß aber enssprang
1034 2241 1965 2296 wohl hauptsächlich der Freude darüber, daß die
1040 2270 1963 2333 Dame, die vor dem Bilde der Frau mit dem Dolche
1044 2316 1965 2369 einen so düsteren und umständlichen Traum durch¬
1044 2356 1964 2401 lebt, rechtzeitig wieder zum Bewußtsein kommt und
1033 2389 1977 2450 das romantische Abenteuer in der Gemäldegalerie
1034 2426 1970 2494 mit der realen Verheißung der ersten Szene eines
1423 2464 1971 2530 Bei dem Dramolett: „Die
1038 2476 1426 2536 Ehebruchs endet.
1046 2508 1966 2566 letzten Masken“ blieb selbst jener schwäch¬
1034 2547 1965 2613 liche Beifall aus. Die geistvoll konstruierte Idee,
1047 2592 1975 2647 daß der Haß eines Menschen, der sich in dessen
1035 2621 1966 2681 letzter Lebensstunde dem Gehaßten grausam offen¬
1035 2654 1972 2720 baren will, an der geistigen Minderwertigkeit des
1045 2705 1965 2763 Verachteten abprallt, versagte in der breiten,
1033 2736 1969 2807 quälend wirkenden Ausmalung der Skizze,
1035 2773 1969 2847 deren Tragik zudem allerlei nicht eben ge¬
1045 2812 1968 2887 schmackvolle Späße stören... Die kleine Studie:
1039 2861 1967 2918 „Der Puppenspieler“, in der Schnitzler
1048 2904 1957 2952 in seiner feinsinnigen Art zeigt, wie ein vermeini¬
1038 2935 1963 2993 licher Uebermensch mit anderen spielen zu können
1035 2959 1976 3030 glaubt und doch selbst nur eine Puppe ist, die an
1045 3010 1965 3072 den Drähten des Schicksals zappelt, leitete den
1043 3051 1974 3102 Abend jedenfalls glücklicher ein als seinerzeit
1036 3097 1966 3150 das verunglückte Drama, das dem ganzen Zyklus
1045 3122 1973 3197 den Titel gab; zu einer nachhaltigen Wirkung
1036 3171 1731 3240 aber fehlt ihr die dramatische Kraft.
1110 3206 1982 3269 Darstellerisch traten aus der im ganzen nicht
1044 3249 1982 3319 sonderlich unterhaltsamen Vorstellung die Herren
1055 3298 1964 3351 Bassermann, Reicher, Forest, Stieler und Irene
1043 3327 1968 3392 Triesch mit scharf charakteristerten, künstlerisch
1038 3381 1966 3436 abgerundeten Leistungen hervor. Zu einem län¬
1044 3414 1964 3480 geren Leben aber werden sie den „Lebendigen
1047 3445 1975 3499 Stunden“ auch diesmal nicht verhelfen können.
1053 3485 1997 3555 Vielleicht läßt sich für den kleinen Literatur¬
