3436 4256
348 229 2011 342 16.1. Lebendige Stunden Zpklus
2164 249 2619 347 box 21/2
575 701 1635 794 . Burenn für Zeitungsberichte u. Personalnachrichten
346 783 1477 880 Wien, 1X, Türkenstrasse 17.
506 851 1319 945 — Filiale in Budapest: „Figvelö“ —
206 921 1632 1007 Vertretungen in Berlin, Chicago, Genf, London, Newyork, Paris, Rom, Stockholm.
193 1044 707 1145 AAusschnitt aus:
843 1118 1521 1297 ue Noheste Nachri
106 1197 358 1293 om
396 1206 701 1392 4
453 1652 2302 1749 „Lebendige Stunden" unbefängenheit seiner Jugend verloren gegangen,
2287 1672 3396 1768 neue Kraft. Dies ist der erste Paradesatz. Wir (Opfer
1340 1705 2306 1790 jetzt reckt er sich auf, zu den Sternen hinauf, möchte
418 1725 1362 1819 * Schnitzler ist von der Jungwiener Schule, die
2283 1735 3388 1826 sind Sklaven des Schicksals allesammt. Es peitscht phrasen
1336 1756 3250 1868 ein blutig ernst zu nehmender Mann sein; Einer, lunsern Geist durch die Jahrhunderte; dem, was
378 1777 1345 1849 einst mit so lautem und siegesbewußtem Trommel¬
3225 1803 3369 1869 Gipfel
1333 1799 3376 1899 der Gedanken wälzt wie der oft zitirte Sisyphusluns vorherbestimmt war, können wir nicht ent¬ gestellte
369 1815 1336 1893 wirbel in die Literatur einmarschirte, der einzige
1333 1842 3373 1944 Steinblöcke; ein feierlicher Dichter. Nun probirt gehen; wir müssen dem Fatum zu Willen sein. Dies nännl
368 1863 1346 1940 Vielgenannte geblieben. Langsam nur arbeitete er
1330 1886 2301 1967 er vor'm Spiegel, wie die Kravatte und diese oder
2277 1902 3356 1989 ist der Weisheit zweiter, tiefinnerster Sinn. Die sind
370 1906 2295 2007 sich empor; langsam nur drang sein Ruhm über die sjene geistreiche Wendung sitzt probirt es stunden¬
2270 1944 3379 2042 Chokolade könnte Einem kalt werden, wenn man tergesse
369 1959 2283 2054 Kaffeehäuser der inneren Stadt hinaus. Dann lang. Der belümmerte Wiener Bummler hat
378 1999 1341 2080 aber gelang ihm zu guter Stunde der Anschluß an
2282 1998 3384 2078 sich nachhaltig in sie versenkte. Und drittens: der Spezia
298 2006 371 2080 50
1328 2025 2280 2097 sich zum Wiene Stutzer entwickelt, zum soignirten
383 2051 1335 2116 die Berliner dramatische Revolution. Brahm er¬
2277 2038 3236 2120 Tod macht groß und frei. Wahre lebendige Stun¬
3221 2068 3382 2128 sagen si
1325 2063 2286 2159 Uebergecken, der schon ein ganz kleines Bischen an
2276 2086 3231 2178 den werden uns oft genug erst auf dem Sterbebette
378 2094 1337 2165 nannte ihn, obgleich er doch keine Aktien des Deut¬
280 2078 396 2157 200
3219 2115 3377 2170 willen
1328 2107 1959 2183 den vienx marcheur gemahnt.
272 2146 388 2194 500
381 2131 1336 2211 schen Theaters besaß, zum Hausdichter, und so
2277 2133 3233 2209 bescheert. „Die letzten Masken“ heißt das Schau¬
3223 2158 3377 2230 Ische Bo
1357 2155 2283 2236 In seinen „Lebendigen Stunden“ einer Folge
223 2166 394 2263 „ 1000
2274 2176 3238 2259 spiel, worin Schnitzler dies Theorem illustrirt. Ein
374 2180 2272 2276 durste er neben Hauptmann, Hirschfeld und Ge= von vier Einaktern, die unser Deutsches Theater neu¬
3265 2196 3384 2264 „Die
2267 2227 3229 2303 armer Heruntergekommener liegt verröchelnd im
289 2233 390 2302 Im
377 2233 2279 2322 nossen, unbelümmert um etwaige Durchfälle, auf lich zum ersten Male aufführte, lacht an einer Stelle
3219 2234 3380 2305 Nachar
179 2267 381 2335 Abonnem
2266 2265 3231 2335 Spital. Leben und Dichten sind ihm verronnen,
376 2278 2286 2365 Lorberkränzen ruhen. Die Unsterblichkeit, soweit der alte junge Schnitzler. Das Lustspiel „Litera¬
3206 2278 3390 2350 Wiener
2273 2324 3232 2387 nutzlos, glücklos. Nun beseelt ihn nur noch der eine
191 2329 2284 2391 Abonnent sie zehn Jahre nicht überschreitet, ist ihm garantirt. Itur“ zeichnet ergötzlich die Dame mit der amathus¬
3217 2340 3394 2400 burdh#
2271 2358 3233 2436 Wunsch: Rache zu nehmen an dem Jugendfreunde,
375 2363 2278 2449 Seinen guten Freunden vom Kärtner Ring ist es ischen Vergangenheit, deren Verlobter es durchaus
3213 2385 3372 2441 ein gege
277 2380 387 2471 De
2272 2405 3224 2478 der es so herrlich weit gebracht hat und doch ein er¬
369 2403 1328 2480 minder gut ergangen: Bahr muß sich mit den kling¬
3207 2421 3387 2488 lingnich
1317 2424 2276 2498 nicht zugeben will, daß sie einen Roman veröffent¬
175 2438 382 2508 inhaltsn
2260 2431 3231 2528 bärmlicher Hohlkopf, ein künstlich aufgeblasenes
385 2451 1322 2523 enden Erfolgen begnügen, die ihm seine interessante
3215 2471 3380 2530 Mann
184 2489 377 2543 blätte
1314 2462 3223 2574 licht. Er weiß nicht 'mal, daß es ein selbsterlebter [Nichts ist. Er läßt ihn an sein Lager rufen, um
381 2490 1325 2568 Doppelstellung als unbestechlicher Kritiker und
185 2530 373 2591 wodurch
1318 2512 3223 2608 ist ... Der Verlobte überbietet sich in korrekter ihm Verachtung und Hohn in's Gesicht zu schreien,
3197 2510 3375 2625 Frane
172 2572 359 2633 des In¬
365 2543 3371 2659 Stückelieferant des Deutschen Volkstheaters in Lebensklugheit, ohne dem Bräutchen die Richtigkeit um ihm zu verrathen, daß dem Dunklen, jetzt in die selber d
180 2605 366 2676 werden i
358 2588 3333 2706 Wien einbringen; Hofmannsthal, der dichtende 1seiner Anschauung beweisen zu können, daß heirats= Nacht Versinkenden die Liebe der Frau gehört hat, Paole
363 2625 2273 2727 Bankierssohn, hat sich von seiner unfreiwilligen lbedürftige Fräulein besser daran thun, ihre Erotica
2262 2662 3228 2752 die der berühmte Dichterling an sich zu ketten wußte.
368 2674 1323 2744 Faustparodie noch nicht wieder erholt, und all' die
3207 2695 3328 2753 helt;
1311 2691 2267 2767 dem Einstampfer als dem Buchhändler zu über¬
2263 2712 3229 2803 Der Sterbende spielt einem Leidensgenossen, einem
371 2715 1322 2796 Andern ... wo seid Ihr, Ihr Lieben, zur Zeit mir
3213 2733 3386 2798 ihm Al
1308 2737 3221 2828 geben. Zum Glück kommt ihm Hilfe. Der deka= übrigens mit prächtiger Komik gezeichneten Schau¬
356 2764 615 2839 geblieben?
3204 2779 3370 2843 der gro
1313 2781 3375 2876 dente Schriftsteller, mit dem die Braut eine Reihe spieler, die wilde Racheszene vor. Als dann aber [Liebe un
400 2795 1322 2874 Das literarische Wien von heute hat, sehr im
1312 2827 3376 2927 glückseliger Münchner Tage durchschmarotzt hat, der sehnsüchtig Erwartete kommt und mit trauriger die Mör
362 2833 1329 2928 Gegensatz zum politischen, gar nichts Dramatisches
1314 2865 3220 2981 ist ebenfalls auf den Gedanken gekommen, jene sel=Stimme von seinen Mühseligkeiten erzählt, seinen
3205 2912 3378 2988 Paula
346 2898 3217 3022 an sich. Auch Arthur Schnitzler ist durchaus mehrligen Stunden zu einem Roman zu verarbeiten. Und krampshaften Anstrengungen, sich oben zu erhalten,
357 2949 1326 3022 Novellist als Schauspieldichter. Seine Speziali¬
3194 2955 3386 3025 „Ich lo
1313 2959 3215 3062 wie die verlorene Geliebte, so will auch er gewisse eine Tagesgröße zu bleiben, als er all' seine kleine
356 2988 2269 3077 tät besteht in jenem Wienerthum, dossen Stärke da= Originalbriefe wörtlich benützen. Nun ist es der
3191 2999 3367 3060 wilder
2259 3024 3215 3111 Eitelkeit und Windigkeit beichtet da verzichtet der
3201 3046 3378 3109 Schnitzl
345 3033 2258 3125 rin liegt, mit rundlichen Mädchen zur Jause nach Verlobten klar, daß sie auf ihren literarischen Ruhm
2255 3070 3364 3148 Kranke auf die Rache an diesem Aermlichen. Der will. H
354 3074 2259 3178 Schönbrunn hinauszufahren, zwei Wochen später verzichten muß, wenn sie sich den Bräutigam erhal¬
2245 3111 3212 3208 ist ihm zu schäbig dazu ... „Die letzten Masken“.
351 3117 1320 3197 Elegien auf ihre Untreue zu schreiben und inzwischen
3196 3131 3384 3194 Seeleni
1301 3133 2271 3218 ten will. Sein Argwohn ist ohnehin erwacht ...
2245 3153 3201 3240 sind ein wenig umständlich komponirt, aber mit be¬
344 3169 1315 3240 mit fünf oder sechs anderen, gleichfalls Schönbrunn
3189 3169 3374 3240 bunten
1305 3182 2259 3256 Das Stücklein fällt durch seinen munteren Ton und
2245 3203 3369 3280 trächtlichem Fleiße aufgebaut; sie überraschen und sind in
344 3203 1325 3286 und die Untreue liebenden Dämchen anzubandeln.
1304 3228 2260 3311 seine lustige Bosheit auf. Wer sich so viel mit der
2244 3245 3200 3325 stimmen zugleich nachdenklich. Hier ist es dem Ver¬
355 3258 2246 3308 Das ist seine Welt, das heißt eine Welt! Mitunter Literatur unserer Zeit befaßt wie Arthur Schnitz¬
3186 3258 3260 3333 da
2244 3292 3203 3374 fasser gelungen, seinen Ideen persönliches Leben
3183 3322 3260 3388 i
355 3302 2242 3390 sucht er den Kreis seiner Gestalten zu erweitern, ller, wer einen Stammplatz in den Kaffeehäusern
2244 3344 3200 3410 zu verleihen; hier wirken Handlung und Menschen
346 3332 2256 3454 Financiersgemahlinnen, und Oberleutnants tauchen hat und ein Kenner des Kaffeehaus=Tratsches ist,
2246 3376 3202 3444 nicht von vornherein erklügelt, wie in den beiden
339 3385 1317 3461 auf, und die Probleme der Liebelei wachsen sich zu
3189 3405 3259 3453 un
1311 3391 2169 3471 dem wird das flotte Spiel Vergnügen machen.
2237 3431 3193 3505 anderen Stücken, der „Frau mit dem Dolche“ und
351 3434 1314 3496 sozialen Fragen aus. Na ja. Indessen war mir
3187 3446 3330 3504 Vermö
1337 3445 2256 3524 „Literatur“ gibt sich als weanerischer Bummel¬
2235 3468 3197 3544 den „Lebendigen Stunden“, welch' letzteres Dramo¬
338 3472 1308 3542 der anfängliche Schnitzler sympathischer als der
3180 3486 3364 3548 Gedanke
1292 3474 2255 3575 witz, als Schnitzleriade von ehedem und das macht
2237 3513 3193 3596 let dem ganzen Cyklus den Namen gegeben hat.
349 3518 1308 3588 keuchende Poet, der seine kleinen, ohnehin mühsam
3176 3531 3368 3599 ausschö
1297 3542 2237 3612 sie liebenswürdig und amusant. In den drei an¬
2239 3559 3191 3636 Wie Henriette Stieglitz sich erschoß, um das dichter¬
346 3560 2245 3660 ausgetüftelren Stoffe auf Vertiefung deichselt, deren Einaktern setzt der Antor die ernste Grübler¬
3182 3580 3374 3650 Allem be
2245 3604 3197 3682 ische Genie ihres Mannes zu großer That zu ent¬
335 3611 1309 3679 So lange „Anatol“ küßte und philosophirte, konnte
3177 3626 3370 3698 schluß,
1291 3631 2251 3706 miene auf und quält sich beweglich um künstlerische
2242 3650 3358 3729 flammen, so begeht bei Schnitzler eine Mutter Spiel
347 3659 3376 3709 man sich des witzigen und klugen Dialoges freuen, Wirkungen. Ein Dichterphilosoph, der beim Glase Selbstmord, damit der geliebte Sohn nicht länger was kan
345 3696 3378 3818 der das einzige Dramatische an diesen Plauder= Melange über den Tod nachdenkt! Das erlöschende unter dem Bann ihrer schweren Krankheit schmach= seit sein
355 3752 3376 3856 skizzen war. Jetzt ist Herrn Schnitzler die frobe Leben des Mitmenschen gibt unserem eigenen Leben lten muß und frei die Fittiche regen kann. Ihr wärtsgen
