3484 4320
280 214 1926 344 16.1. Lehendige StundenZuklus
1236 1622 1588 1734 Telephon 128
484 1906 1626 1963 □ l. österr. behördl: konz. Unternehmen für Zett##gs-Ausschnitte
644 1945 1538 2058 Wien, I., Concordiaplatz 4.
469 1990 585 2091 2
874 2022 1317 2099 Vertretungen
542 2080 1619 2135 in Berlin, Budapest, Chicago, Christiania, Genf, Kopen¬
549 2124 1630 2186 hagen, London, Madrid, Mailand, Minneapolis, New-Vork,
582 2183 1598 2231 Paris, Rom, San Francisco, Stockholm, St. Petersburg.
895 2204 1299 2265 (Quellenangabe ohne Gewähr.)
1280 2234 1381 2323 4
534 2217 1670 2342 Ausschnitt aus Moershe Zeitür
473 2293 558 2372 2
473 2358 641 2433 E vo
634 2360 915 2470 BRETTan
1122 2383 1613 2481 Nach der „Salome“
587 2445 1614 2553 wurde das entzückende Lustspiel „Literatur“
596 2514 1631 2602 des geistvollen Wieners Artur Schnitzlen gegeben.
597 2553 1630 2642 Die köstliche Satyre in ihrer#enden Wieder¬
604 2601 1649 2720 gabe fand vielen Beifall. Herr Hoppé gab den
605 2652 1645 2756 Schriftsteller mit zündender Komik und Herr
603 2708 1644 2807 Grosser mit überlegener Leichtigkeit und fei¬
602 2752 1646 2861 nem, nuancenreichen Salonhumor den Baron.
608 2801 1657 2902 Frl. Stephany erwies sich insbesonders im
614 2846 1659 2966 zweiten Teile als routinierte Schauspielerin, hatte
613 2905 1669 3004 aber das ans Kokottenhafte streifende Wesen ihrer
1390 2931 1670 3034 E. v. 8./
618 2970 1188 3079 Rolle nicht richtig erfaßt.
1948 203 2430 318 box 21/5
1915 409 3062 620 s Milaesteeaeie-Snn
1935 603 3076 683 O l. österr. behördl. konz. Unternehmen für Zeitungs-Ansschnitte
2108 657 2986 762 Wien, I., Concordiaplatz 4.
1955 691 2028 786 2
2326 738 2759 808 Vertretungen
1987 789 3074 862 In Berlin, Budapest, Chicago, Christiania, Genf, Kopen¬
1930 835 3081 890 ## hagen, London, Madrid, Mäiland, Minneapolis, New-Vork,
2038 868 3046 939 Paris, Rom, San Francisco, Stockholm, St. Petersburg.
2355 915 2743 981 (Quellenangabe ohne Gewäl.)
1929 952 2419 1043 Ausschnitt aus:
2155 1033 2931 1131 O. 190 Gablonzer Tagblatt
1946 1036 2160 1138 E vom:
2078 1146 2944 1255 Theater und Kunst.
2280 1233 2695 1315 —Schnitzter=Abend.
2452 1296 3011 1387 Gablonz, 12. Oktober.
2053 1340 3053 1432 Ein kleines literarisches Ereignis gab es gestern“,
1964 1420 3049 1483 abends in unserem Stadttheater: Es wurde einem
1958 1459 3057 1522 recht gut besuchtem Hause der reizende Einakterstrauß
1968 1512 3052 1581 von Arthur Schnitzler, nach dem einleitenden
1961 1557 3053 1628 Schauspiele, „Lebendige Stunden“ benannt,
1965 1609 3064 1668 überreicht. Wahrhaft duftige Blüten waren es, die
1969 1663 3066 1734 dieser Strauß enthielt, doch sog, wie es schien, nur ein
1962 1712 3053 1768 Teil des Publikums den herrlichen Duft ein, wenig¬
1970 1757 3057 1830 stens ließ die während der Vorstellung hin und wieder
1969 1814 3062 1871 unangenehm zutage getretene Unruhe im Zuschauer¬
1974 1864 3069 1912 raume darauf schließen. Was der graziöse Plauderer
1971 1910 3066 1972 Schnitzler in seinen Werken, ob sie nun erzählender
1978 1962 3063 2032 oder drematischer Natur sind, bietet, haben wir ge¬
1967 2009 3064 2076 stern, zumal stellenweise die Darstellung eine sehr gute
1968 2063 3067 2121 war, empfunden: Psychologische Vertiefung, frische Ge¬
1972 2112 3060 2173 staltung der Handlung, scharfe Beobachtung und na¬
1970 2158 3067 2229 mentlich — was den Dichter in ganz besonderem Maße
1962 2212 3077 2283 auszeichnet — Schlagfertigkeit und Natürlichkeit des
1975 2255 3076 2327 Dialogs. Das starke Talent des Dichters, der als Me¬
1964 2305 3061 2360 diziner ebensosehr ohysiologische, als pychologische
1976 2359 3069 2424 Studien gemacht haben muß, trat namentlich in dem
1969 2410 3073 2474 letzten der vier Einakter, dem Lustspiel „Litera¬
1977 2466 3053 2530 tur“, scharf hervor. Daß die „Lebendigen Stunden“
1968 2510 3069 2585 sich in der Literatur eines mit Recht bedeutenben Le¬
1978 2551 3075 2618 serkreises erfreuen, erhellt am besten aus dem Um¬
1977 2599 3060 2672 stande, daß sie schon die sechste Auflage erlebi haben.
1979 2662 3070 2735 Die leichte Erotik, wie sie der Dichter so füß in seinen
1980 2719 3055 2780 Schauspielen „Liebelei", „Frei vilt“ und „Das Mär¬
1980 2769 3056 2828 chen“ behandelt, spann sich am gestrigen Schnitzler¬
1980 2813 3062 2872 Abend nur in einem der Einakter durch, in dem
1978 2858 2951 2913 Schauspiele „Die Frau mit dem Dolch“.
2046 2901 3070 2976 Von den darstellenden Personen boten Herr Suß,
1969 2960 3070 3020 mann als Journalist und Herr Sturm als Schau¬
1978 3015 3071 3078 spieler, beide Todeskandidaten, die in einem Spitale
1979 3063 3069 3129 untergebracht sind, prächtige Leistungen in dem Schau¬
1976 3111 3081 3171 spiele „Die letzten Masken“, das der Dichter
1987 3157 3070 3221 dem Milieu entnahm, in welchem er sich bewegte, be¬
1976 3215 3067 3270 vor er die Schriftstellerei zu seinem eigentlichen Be¬
1977 3263 3066 3322 rufe machte. Die zwei Patienten, beide trotz der na¬
1983 3316 3072 3383 hen Todesstunde noch immer Schwärmer für das
1983 3358 3072 3418 Ideale ihres Berufes, der Sekundärarzt des Spitals
1987 3422 3076 3484 (Herr Schramm) und die Wärterin (Frau May)¬
1989 3464 3079 3517 waren lebenswahre Figuren. Das Bildchen „Leben¬
1978 3514 3075 3573 dige Stunden", eine Art Allerseelenstimmung, er¬
1983 3559 3068 3636 wärmte trotz der guten Darstellung (die Herren So¬
1990 3619 3075 3680 dek, Gerb und Hottinger) nicht. In dem
1993 3671 3074 3733 Schauspiel „Die Frau mit dem Dolch“ tat sich
1993 3722 3065 3774 Herr Klötzel als würdiger Partner des Frl. Stei¬
1987 3759 3072 3826 ger hervor; sein Spiel ließ erkennen, daß er sich mit
1983 3814 3088 3881 ganzer Hingebung in seine Rolle hineingelebt hatte;
1990 3858 3080 3928 natürliche Bewegungen, deutliche Aussprache und na¬
2016 3938 3097 4026 mentlich schöner Vortrag der Verse fielen sehr ange¬
2011 3993 3096 4073 nehm auf. Frl. Steiger sprach manchmal ein we¬
2017 4024 3105 4123 nig zu leise, stand aber sonst, insbesondere in Augen¬
2012 4078 3091 4175 blicken des Afsektes, auf der Höhe der Situation.
2005 4132 3080 4217 C  „
