3484 4384
-5 1913 55 1972 tel
-10 1956 51 2020 eh
333 80 2009 214 16. 1. Lebendige Stunden- Zuklus
2157 109 2610 203 box 21/2
198 887 672 976 Kirtschan. Danauy 2n
202 933 922 1007 ahres 1900 im ganzen 1046 landtiche.
1390 939 2068 1022 Skront anc für sich. Bei nungunge
2596 978 3233 1047 #eung Scots Greyo
215 981 3277 1087 und 33 mit versuchsweiser Ausgestaltung des sache Pieuem Voltsheer erwartet der Soldat mit Recht, daß auf dem Marsche von Brugspruit nach Bronkhorstsprutt
204 1004 3271 1076 Unterrichts, von ersteren unter den Provinzen am der Offizier auch schlechte Zeiten mit ihm teilt. Mansvon den Buren überfallen. Die Abteilung verlor
230 1047 3269 1185 in Hessen=Rassau und der Rheinprovinz, wird bei unseren Manövern, geschweige denn im [6 Tote, 13 Verwundete. Nach zweistündigem Kampfe zog sich
212 1059 3063 1162 ch 252, bezw. 221, und am wenigsten — abgesehen von Kriege, niemals einen Offizier schwelgen sehen, wenn die der Feind mit ebenfalls einigen Verlusten zurück.
191 1157 2205 1267 iechtum der geliebten Mutter aller Arbeitsfreude beilso, als Rächerin, als Frau mit dem Dolch, malt sie der
216 1214 2196 1298 Er kann sich nicht mehr sammeln, kann nicht mehr Gatte. Das Bild ist seine Verzeihung, seine Rache, ist die
2196 1208 3265 1301 Gedichte, die sie geschrieben, hält er für „Litteratur“, für
214 1252 1143 1316 n, nicht mehr gestalten. Die Leidende und ihre Krank¬
2188 1259 3276 1340 unerlebtes, für freies Spiel der Pbantasie. Aber auch das
1136 1265 2204 1346 „lebendige Stunde“, die sie alle überleben wird. Die Nebel
186 1274 1145 1357 ehen zwischen ihm und seiner künstlerischen Arbeit.
2185 1295 2283 1340 ist
2261 1299 2607 1360 dem eleganten
2601 1295 3131 1384 Aristokraten unsympathisch.
3130 1322 3267 1376 Sie
1133 1293 2621 1372 weichen. Wir sind wieder in der Galerie Das modernel soll überhaupt nicht
199 1323 1139 1393 ihlt es mit feinem Mutterinstinkt und — sie macht
2606 1332 2975 1415 schreiben. Sonst
1129 1345 2197 1427 Spiel geht zu Ende. Mit einem cynischen Witz. Die
3087 1352 3267 1421 heiratet
200 1358 1140 1427 Sie hätte noch ein Jahr oder zwei zu leben, sagt
2186 1373 3118 1455 er sie nicht. Leider hat sie aber heimlich
1130 1381 1525 1440 Enkelin jener Frau —
1539 1383 2195 1457 vielleicht sie selbst in neuer Gestalt,
3096 1392 3267 1460 einen
189 1377 1139 1469 rzt. Aber sie will nicht mehr. Sie trinit das
2188 1408 2598 1480 Roman geschrieben.
2583 1418 3028 1494 Noch dazu einen
1129 1418 2194 1497 jedenfalls ihre Schwester im Geiste und doch das Kind einer
3128 1432 3259 1494 er¬
188 1437 1143 1513 hiumfläschchen aus und schafft dem Sohne, seinem
2188 1437 3268 1541 sebten! Mit allen Liebesbriefen, die „er“ — ein
1131 1468 2188 1533 anderen Zeit, will nichts gelernt haben von jener düsteren
197 1467 1137 1549 und Ruhme freie Bahn. Ihrem alten Freund und
2180 1491 3253 1573 Münchener Bohemien, den Rittner prachtvoll in der Hart¬
1132 1497 2193 1593 Erinnerung. Sie wird fallen, wie jene. Aber töten wird
186 1505 1129 1579 n Geliebten hat sie dies in einem letzten Briefe ge¬
1119 1524 1316 1600 sie nicht.
2182 1531 3251 1624 leben Maske spielte — an sie und die sie an ihn gerichtet.
232 1561 1145 1616 Und ais der es — gegen ihren Willen — dem
2175 1562 3239 1651 Das ist schlimm. Aber es lommt noch schlimmer. „Er“,
202 1569 1127 1668 mitteilt, warum sie gegangen ist, da findet nach
1146 1580 3201 1680 Hier stört, wie schon angedeutet, das Pathos. Der tiefen der Entthronte, erscheint auf der Bildfläche und hat ..
199 1623 1131 1703 sten herben Schmerz der Sohn die tröstliche Gewiß¬
1132 1601 3257 1727 Idee der kleinen Tragikomödie war Schnitzlers Kunst nicht denselben Roman, mit Benützung derselben Briefe
1129 1643 2194 1728 gewachsen. Und so blieb es eine sehr geistreiche Spielerei
190 1668 1123 1748 Diese Stunden, um die sie freiwillig ihr Leben kürzte,
2177 1685 3254 1756 geschrieben! Mit einem Wort: Alles wäre offenbar, der
1124 1696 2185 1770 eines gewandten Mannes. Anders „Die letzten Masken“.
200 1716 1034 1772 „lebendige Stunden“ werden und bleiben:
1049 1734 1119 1779 in
2178 1713 3250 1799 Welt und dem braven Baron offenbar, wenn dieser Harm¬
1120 1737 2185 1813 Hier ist das Milieu brillant. Das klein. Schauspiel spielt
187 1748 1124 1821 nWerken. Er fühlt die Pflicht dieses Vermächt¬
2170 1763 3253 1846 lose nicht selbst den Roman seiner Braut hätte aufgekauft
1125 1771 2179 1847 im Krankenhaus. Schnitzler ist bekanntlich Arzt und alles
196 1774 1129 1866 und die Kraft, es zu erfüllen. Er hat sich wieder
2178 1809 3239 1885 und einstampfen lassen. Das letzte Exemplar, das er
1113 1811 2174 1887 drum und dran in diesem Sterbezimmer ist von wunderbarer
187 1831 2183 1938 en und geht — zu Ehren der Mutter — an die Echtheit, von ergreifender Einfachheit, mit den sicheren
2175 1834 3255 1940 eigentlich in aller Ruhe lesen wollte, wirft sie selbst rasch
194 1861 668 1923 ins neue befreite Leben.
2172 1866 2839 1956 ins Feuer — als Opfer ihrer Liebe
1120 1891 2180 1965 Strichen eines Neuerers und Dichters zugleich festgehalten.
189 1885 1126 1983 etwas künstliche Philosophie, schon mehr eine grau¬
2190 1922 3244 2000 Diese kurze Inhaltsangabe giebt keinen Begriff von der
1113 1937 2174 2004 Ein alter Journalist, müde, abgehetzt, ausgepumpt, ver¬
176 1926 1127 2016 ophistische Scheinweisheit, die auch auf den Stil des
2172 1954 3255 2038 sprudelnden Munterkeit dieses reizenden Stückchens, von den
1109 1963 2177 2047 braucht, liegt im Sterben. Seine einzige Gesellschaft ein
186 1968 1126 2056 ens empfindlich drückt, läßt uns zu keinem rechten
2168 2000 3244 2077 eingestreuten vorzüglichen Bemerkungen und der feinen Ironie,
1111 2007 2173 2081 fideler Komödiant, der an seine baldige Genesung glaubt
175 2005 1126 2089 kommen. Der Sohn, der in wenigen Minuten —
2169 2042 3253 2114 die wie ein prickelnder Duft über dem Ganzen liegt.
1116 2042 2169 2123 und der die Woche nicht überleben wird. Der Journalist
178 2069 1122 2133 erhabenen Standpunkt seiner selbstsicheren Künstler¬
2163 2078 3242 2155 Schnitzler hat nichts Besseres geschrieben, als dieses Lust¬
1120 2089 2162 2164 fühlt den Tod. Er möchte, eh' er geht, noch ein einziges
205 2104 1125 2168 — den Selbstmord der Mutter, mit dem sie seine
2166 2122 3239 2195 spiel. Es ist, so leicht die Ware scheint, nicht nur das beste
1118 2124 2163 2203 Mal seinem einstigen Jugendfreund, einem hohlen, aufge¬
183 2134 1119 2208 t mutig erkauft, als etwas durchaus Begreifliches, je
2155 2147 3246 2242 des Abends, nicht nur die lebensfähigste der lebendigen
1117 2169 2167 2237 blasenen Dichter, den das Leben gehütet und verhätschelt,
179 2179 1123 2252 Natur der Dinge, fast Selbstverständliches behandelt,
2167 2194 3255 2273 Stunden. Es ist einfach das Amüsanteste, was uns dieser
1117 2199 2163 2274 wie es ihn gezanst und geschunden hat, die Wahrheit
184 2213 1116 2294 sere Sympathien auch dann nicht, wenn er schließlich
2156 2231 3239 2335 für das „Deutsche Theater“, besonders ärmliche Winter ge¬
1114 2239 2170 2315 sagen; möcht ihm seine Lebenslüge zerbrochen vor die Füsße
178 2252 1124 2349 ur ein uraltes Weltgesetz auf den eignen Fall an¬
2157 2275 2381 2336 bracht hat.
1101 2271 2177 2365 werfen, möcht ihm sagen, daß er, der arme gehetzte Teufel, den
1101 2318 2169 2394 anderen immer verachtet, sein Weib verführt und mit der
2185 2332 3236 2403 Im Theater saß das kritischste Publikum Berlins. Die
162 2315 1109 2413 ereTeilnahme erzwingt schon das zweite Stückchen:
1112 2358 2165 2431 Trenlosen den Betrogenen verlacht hat und seine gespreizte
2162 2361 3235 2452 namhaftesten Autoren, die ganze erste Kritik, die blut¬
180 2376 1119 2444 Frau mit dem Dolch.“ Nur zerstört es durch
1106 2385 1490 2455 Armut im Geiste ..
1541 2412 2167 2476 Da kommt der Gehaßte. Und wie
2158 2412 3227 2482 gierigsten Premierentiger, die erbarmungslosesten „Mieß¬
168 2409 1108 2483 lzuviel im Pathos, was das and###e durch verschnör¬
1102 2434 2163 2511 er dessen armseliges Hängen am Tand des Tages, an
2161 2442 3234 2523 macher". Und — alles lachte; lachte laut und herzlich und
159 2444 1115 2524 Hophismen zerstört hatte. Der Ge anke, daß wir alle
1106 2473 2163 2551 papiernem Ruhm und unechtem Glück und behaglichem
2156 2488 3236 2559 amüsierte sich ganz vortrefflich. Freilich wurde auch
170 2482 1114 2560 eben schon einmal gelebt, unter eren Leidenschaften
1107 2500 2161 2595 Sattsein erkennt, da faßt ihn ein Erstaunen, ein Elel und
2156 2529 3236 2600 glänzend gespielt. Albert Bassermann und Irene Triesch
166 2519 1113 2600 Einmal gelitten haben, ist selbst den Religionen der
1104 2547 2157 2630 ein Mitleid mit diesem Jammer des Lebens. Er redet
2153 2557 3229 2654 gaben das liebende Paar. Ohne jede Uebertreibung, ganz
157 2558 1111 2639 völker nicht fremd und die Philosophie wie die Kunst
1110 2602 2151 2663 nicht. Er lächelt nur und läßt den anderen gehen, zurück
2153 2610 3217 2676 einfach und natürlich und mit zwingendem Humor. Da¬
170 2592 1114 2678 sich mehrfach ernsthaft mit ihm beschäftigt. Schnitzler
1105 2635 2156 2709 ins Leben, in die Alltäglichkeit. Dann stirbt er ohne Haß
2150 2638 3234 2715 zwischen Rittner in der Hartleben=Maske mit seiner wonnigen
158 2647 1112 2725 Et ein modernes, ein sehr modernes Paar, in heißer
1105 2678 2159 2741 und ohne Reue. Die Klarheit der letzten Stunden eines
2150 2675 3230 2750 Bierruhe des überlegenen Cynikers. Es war ein erlesener
159 2688 1106 2756 Für einander entbrannt und im Begriff, die Ehe zu brechen.
1103 2711 2156 2781 Mühseligen und Beladenen liegt über diesem Stückchen. Es
2149 2714 3228 2795 Genuß und wen sein Stern in der nächsten Zeit nach
147 2708 1102 2794 er Galerie treffen sie sich, vor dem Gilde der „Frau
1098 2745 2160 2826 ist ein wunderbar menschlicher Ton darin. Wenig Theater
2149 2753 3188 2845 Berlin führt, der sollte sich ihn auch verschaffen. R. P.
153 2766 1108 2838 em Dolch“, von einem unbekanmen Meister der
1094 2784 1507 2847 und viel echtes Weh.
151 2800 1107 2879 ance gemalt. Beide sind frappiert von der Aehn¬
1124 2823 2151 2902 Und dann kommt der Humor. Kein Blumenthalscher
168 2834 1101 2922 der Frau auf dem Bilde mit dem lebendigen Weibe.
1092 2841 2160 2934 Weißer Röß'l= und Börsenwitz, keine französische Situations¬
167 2880 1107 2958 diesem Augenblick fallen dichte Schleier nieder. Wir
2361 2857 2990 2972 Kleines Feuilleton.
1096 2898 2157 2980 komik mit Schrankverstecken und beweglichen Alkoven.
168 2907 1100 2988 in der Zeit der Renaissance. Wir sehen ienes
1099 2945 2149 3011 Ein echter und rechter Humor, aus der alltäglichen Narr¬
156 2933 1104 3033 das zu dem Bilde Medell gestanden, lebendig. Einem
2538 2954 3171 3033 * Frankfurt a. M., 6. Januar.
1091 2983 2156 3056 heit der Menschen quellend, ein Humor, dem die Güte nicht
153 2993 1101 3059 Er des Gatten, des berühmten Meisters, hat sie sich
2188 3004 3215 3092 = Opernhaus. Samstag abend triumphierten wieder
1099 3021 2144 3095 fehlt und der viel verzeiht, weil er viel belächeln kann. Eine
158 3036 1094 3111 em Sinnenrausch hingegeben. Der Gatte kehrt zurück
2140 3041 3220 3115 einmal die frohen Tanzgeister, die leichtgeschürzten Kinder
1090 3060 2136 3133 Münchener Bohémienne, die hart an jene ekelhafte Sorte
169 3070 1096 3155 liefert den Geliebten und sich selbst seiner Wut aus.
2144 3092 3213 3175 einer lockeren, leichtlebigen Muse auf unserer Opernbühne.
1092 3095 2138 3178 streift, die mit ihrem Cynismus talentlos kokettieren, eine
152 3102 2109 3200 kelt nur Er will den Räuber seiner Ehre nicht geschiedene Fran mit dem heißen Drang zur Kunst und —
2136 3125 3200 3190 Des Lebens Schwere verträgt mitunter die leichte Schwebe
2121 3151 3204 3238 lust und den frohbeschwingten Tanzschritt der Freude recht
167 3141 3212 3288 Da reißt die Gefallene selbst den Dolch aus der den Künstlern, hat sich einen etwas bornierten Baron ein= wohl, und wenn nun eine so einschmeichelnde, pikante und
163 3197 3215 3275 e und tötet den Liebsten einer einzigen Nacht. Und gefangen. So was soll vorkommen. Die schlüpfrigen temperamentvoll=graziöse Musik erklingt, wie es die Weisen
