3392 4224
2038 230 2490 323 box 21/4
227 229 1880 333 16.1. Lebendige Stundenzyklus
1696 1224 1934 1331 S A
2047 1235 2489 1321 G
153 1258 1041 1352 ier zugrunde geht.“ Diese Probe hatte Schnitzler
1066 1323 2068 1377 sehr gern, die „Lebendigen Stunden“, um ihrer herbstlichen
2086 1311 3106 1381 derblich ist. Vielleicht gerade aus Lust an der Gefahr,
147 1325 1041 1393 hen, das war mein Gefühl. Er hätte mich aber
1073 1356 2081 1410 Wehmut und Stille willen, wenn sie auch freilich auf
2084 1357 3107 1436 am Verderben. Das ist doch absurd, wird man
150 1375 1031 1450 ht gebraucht, denn in ihm ist jene wunderbare Un¬
1072 1410 2078 1466 lyrischen Füßen leiser gehen, als es im Theater, will man
2086 1407 3106 1482 sagen. Man lese aber Edgar Poe nach, der gern die
145 1439 1033 1503 der ganz ehrlichen Menschen, die sich niemals be¬
1062 1443 2078 1506 wirken, erlaubt ist. Aber die „Frau mit dem Dolche“ ziehe
2090 1456 3109 1511 Macht zeigt, die das Absurde über den Menschen hat,
161 1464 1039 1544 bei keinem Erfolge verweilen, sondern unerbittlich
1068 1502 2078 1555 ich noch vor, weil sie an unsere tiefsten Stimmungen rührt.
2081 1503 3098 1568 und wie sie ihn stößt, eben das zu tun, was die Ver¬
178 1511 1044 1572 das Höchste zu fordern entschlossen sind. Vom
1063 1550 2079 1595 Freilich fragt das Publikum am Ende, was sie denn
2089 1554 3104 1612 nunft ihn vermeiden heißt. Wer sich über einen Abgrund
189 1565 1040 1633 zum „Schleier der Beatrice", welch ein Wegl
1060 1591 2076 1645 eigentlich „bedeuten“, was das Ganze heißen soll, und es
2090 1592 3106 1662 neigt, den zieht es herab. Die Heiligen, welche die Sünde
151 1617 1036 1682 siß dieser Dichter mit sich gerungen, wie vielem muß
1068 1640 2074 1699 will, daß wir ihm den Sinn bei Heller und Pfennig vor¬
2092 1649 3096 1713 erkennen, werden von ihren Lockungen am heftigsten heim¬
149 1659 1039 1737 agt, wie unablässig muß er sich ausgebildet haben!
1061 1694 2077 1754 rechnen und herausbezahlen sollen. Worauf ich schon
2082 1691 3106 1747 gesucht. Wie sollen wir uns das erklären? Wie sollen wir
154 1698 1048 1766 sollte wirklich meinen: schon aus Nespekt vor dieser
1068 1729 2080 1790 voriges Jahr geantwortet habe: Wenn ich das könnte,
2093 1742 3108 1795 es uns überhaupt erklären, wenn unser Gefühl begehrt, was
156 1747 1042 1813 Arbeit allein, aus Verehrung einer so reinen
1068 1779 2080 1844 wäre er kein Dichter und es wäre kein Gedicht. Wie es
2089 1788 3111 1839 unsere Vernunst uns versagt? Wir meinen dann wohl
148 1785 1034 1874 ischen Gesinnung hätte man ihm dankbar zu¬
1070 1827 2077 1888 einem nun aber meistens passiert, wenn mar sich vergißt
2098 1831 3106 1898 (einen Ausdruck von Barrés anzuwenden), es seien die
149 1836 1044 1907 in müssen. Doch sind die Menschen ein wunderlich
1057 1878 2067 1925 und einmal etwas Gescheites sagt, habe ich dadurch manche
2092 1877 3104 1931 Toten in uns, die mächtiger sind, als wir selbst. Es ist
148 1886 1047 1966 cht und immer noch den alten Ephesiern gleich,
1057 1923 2077 1990 Leute sehr aufgebracht und sie haben mich ausgelacht. Ich
2095 1921 3111 1980 irgend ein fürchterlicher Urgroßvater in mir, der mmer
146 1933 1054 2023 rmodoros, ihren wackersten Mann, aus der Stadt
1057 1982 2077 2029 kann ihnen jedoch nur wiederholen, daß es wirklich das
2081 1973 3109 2040 noch nicht sterben will und dessen ich mich nicht erwehren
159 1981 1052 2039 mit den Worten: „Von uns soll keiner der wackerste
1069 2018 2068 2073 Amt der Poesie war, ist und sein wird, Unaussprechliches.
2087 2018 3111 2088 kann. Der regt mein Blut auf und reißt mich zu Taten
148 2036 1052 2096 der, wenn schon, dann anderswo und bei anderen.“
1060 2063 2074 2119 da es sich mit Worten nicht mitteilen läßt, uns an einem
2087 2062 3111 2133 hin, denen meine Vernunft längst entwachsen ist. Daher
148 2070 1058 2133 erzählt uns Heraklit und fügt, der Grobian, hinzu:
1069 2116 2081 2167 Beispiele, an einem Falle zu zeigen, der uns, was nun
2085 2115 3108 2179 alle die Gespenstergeschichten von Familien, in welchen eine
155 2114 1053 2189 täten darum die Ephesier, wenn sie sich alle, Mann
1073 2159 2077 2216 einmal nicht gesagt werden kann, wenigstens fühlen läßt.
2095 2161 3107 2219 grauenhafte Tat, einmal verübt, so blutig auf allen Nach¬
150 2163 1053 2239 kann, aufhängen uund den Unmündigen ihre Stadt
1076 2203 2078 2269 Wer mir das nicht glauben will, schlage seinen Hebbel nach,
2087 2210 3109 2260 kommen liegt, daß sie immer wieder wiederholt wird; man
153 2224 429 2300 assen würden.
1070 2251 2070 2310 wo geschrieben steht: „Wehe dem Dichter, dessen Werk man
2085 2252 3101 2315 erinnere sich etwa der „Elixiere des Teufels“. Wir lachen
143 2239 1049 2340 Die „Lebendigen Stunden“ kennt man ja von der
1082 2296 2067 2355 im gemeinen Verstande kapieren kann! Er ist entweder
2092 2293 3101 2343 aufgeklärt darüber, aber wer ist unter uns, der nicht am
155 2316 1050 2384 ihmen Aufführung her, die Brahm voriges Jahr im
2082 2340 3098 2410 hellen Tage schon mit solchen Gespenstern gerungen hätte?
1068 2341 2076 2393 nichts oder hat wenigstens nichts gemacht." Oder er
144 2369 1055 2439 heater gegeben hat. Von den vier in der Stimmung,
2091 2383 3094 2452 Und schließlich geschieht mit jenem Pater Medardus auch nur
1069 2390 2066 2441 erinnere sich, daß Goethe die Kunst „eine, Vermittlerin des
142 2409 1051 2493 ne so wechselnden und doch geistig so fest zusammen¬
2094 2436 3088 2495 genau dasselbe, wie mit dem Coupeau in „L'Assommoir“.
1069 2433 2072 2497 Unaussprechlichen“ genannt und darum resolut gesagt hat:
149 2454 1051 2543 senen Akten wird der letzte dem Publikum immer am
2083 2482 3093 2549 Von hier ist es nun gar nicht mehr weit und wir fühlen
1085 2485 2080 2558 „Je inkommensurabler und für den Verstand unfaßlicher
154 2508 1055 2570 gefallen; wie da Weltmann, Literat und Dilettantin
1071 2529 1754 2592 eine poetische Produktion, desto besser.“
2080 2518 3094 2590 jenen verruchten Urgroßvater so stark in uns, daß wir uns
150 2546 1059 2625 iter durcheinander schlingen und ironisch umeinander
2084 2563 3094 2637 einbilden, wir selbst hätten damals seine Tat verübt: wir
1182 2574 2071 2633 Die „Frau mit dem Dolch“ schlägt manches an, was
143 2594 1060 2666 , das ist in der Tat charmant, mag dabei die
2087 2625 3091 2690 hätten schon einmal in einer anderen Zeit in anderer#
1084 2622 2080 2694 wohl jeder einmal gespürt hat, wenn man sich sonst auch
151 2639 1058 2719 htigkeit auch ein bißchen verschoben sein, da doch im
2087 2670 3093 2743 Gestalt gelebt. Und vielleicht bilden wir uns das nicht
1072 2669 2078 2733 gern beeilt, von solchen unheimlichen Stimmungen los¬
157 2686 1055 2766 ,seien wir nur aufrichtig, meistens der verbummelte
2091 2715 3091 2759 bloß ein. Es gibt Menschen, die darauf schwören. Aber¬
1077 2714 2077 2779 zukommen. Wir tun oft, was für uns gar keinen Sinn hat,
148 2733 1059 2813 ent immer noch erträglicher ist als ein alberner
2083 2755 3112 2829 freilich, wir raffen uns auf, wir fühlen, daß wir
1074 2765 2069 2824 was uns auch nicht einmal Freude macht, was wir eigentlich
146 2797 1060 2856 pkrat, was der Dichter selbst wohl auch ganz gut weiß.
2086 2794 3110 2867 uns dem nicht hingeben dürfen, ohne über die
1074 2816 2070 2868 gär nicht wollen, wovon wir uns geheimnisvoll gewarnt
159 2831 1059 2906 stärkste ist der dritte, die „Letzten Masken“, wo die
2094 2847 3100 2925 Grenzen zu geraten. Wir spielen nur manchmal
1075 2858 2081 2913 fühlen, wovor wir eher zurückschauern. Aber es reizt uns
161 2877 1064 2959 Verwilderung eines raté so grausam neben die
2087 2893 3099 2966 damit ein wenig. Wir schließen die Augen und
1079 2903 2074 2966 Der Verstand zählt uns die Folgen vor. Wir sehen ein
162 2934 1063 3004 Erstarrung eines Günstlings gestellt wird, daß wir
2091 2950 3091 3001 dämmern ein. Und dann erinnern wir uns. Aber plötzlich
1074 2955 2077 3013 er hat Recht; wir beschließen, ihm zu gehorchen. Es hilft aber
146 2975 1060 3038 am Ende ganz entsetzt sagen: Verunglücken oder
2087 2995 3097 3051 tönen die Glocken wieder, die Frau mit dem Dolche erwacht,
1085 3002 2070 3055 alles nichts; wir tun es doch, oder eigenklich müßte man
142 3022 1062 3095 seren, es wird einem die Wahl schwer, das eine bringt
2079 3041 3095 3104 Paola ist wieder zur Pauline geworden, es war nur ein
1073 3042 2079 3103 fast sagen: es wird doch mit uns getan. Es ist stärker als
140 3076 1063 3126 Menschen ebenso herab als das andere! Der liebste ist
2088 3090 3098 3153 Traum. Aber freilich: Was ist Wahrheit, was ist Traum?
1071 3093 2081 3147 wir: es reizt uns. Es reizt uns, obwohl es uns gar nicht
140 3116 1064 3190 die „Frau mit dem Dolch“. Ich habe auch den ersten
1075 3145 2096 3197 freut, obwohl es uns gefährlich und verderblich ist.!
2647 3134 3076 3241 Hermann Bahr.
1060 3182 2115 3251 Vielleicht gerade: weil es uns gefährlich und ver¬
2923 3222 3083 3288 KMe
489 3264 636 3329 S
