3436 4192
291 92 1937 196 16.1. Lebendige Stunden — Zyklus
2105 113 2562 202 box 21/3
2257 1074 2740 1160 Telephon 12801.
1880 1148 3129 1237 Alex. Weigl’s Unternehmen für Zeitungs-Ausschnitte
795 1189 1257 1292 Telephon 12801.
2894 1219 3116 1284 Ausschnitt
2109 1227 2806 1380 „OBSERYER“
2938 1279 3187 1367 Nr. 52
396 1293 1651 1366 Alex. Weigl’s Unternehmen für Zeitungs-Ausschnitte
1427 1361 1659 1441 Ausschnitt
1772 1366 3226 1439 I. österr. behördl. conc. Bureau für Zeitungsberichte u. Personalnachrichten
634 1379 1308 1506 „OBSERVER
1989 1416 3011 1500 Wien, IX/1, Türkenstrasse 17.
1465 1420 1714 1519 Nr. 59
2182 1494 2843 1574 - Filiale in Budapest: „Figyelö“ —
301 1495 1749 1580 L. österr. behördl. conc. Bureau für Zeitungsberichte u. Personalnachrichten
1779 1550 3221 1621 Vertretungen in Berlin, Chicago, Genf, London, Newyork, Paris, Rom, Stockholm.
515 1560 1542 1627 Wien, IX/1, Tünkenstrasse 17.
698 1627 1346 1712 — Filiale in Budapest: „Figyelö“ -
307 1690 1736 1754 Vertretungen in Berlin, Chicago, Genf, London, Newyork, Paris, Rom, Stockholm.
1755 1687 3030 1847 Ausschnitt aus: Intergssantee Blatt
961 1774 1546 1909 Frarklurter Zeitung
293 1827 837 1912 Ausschnitt aus:
1787 1824 2396 1931 voma: 1478790 2
304 1975 882 2102 N  02
740 2089 1638 2223 Ven dun W. B##un
2095 2312 3105 2428 * Die Mitglieder des Deutschen Theaters in
573 2329 1593 2424 Das Berliner Deutsche Theater brachte uns
556 2387 1598 2468 hnitzler's „Lebendige Stunden“. Auch diese geist¬
1991 2380 3102 2469 Berlin absolvieren gegenwärtig unter Leitung des Directors
500 2417 1601 2508 reichen Studien, Epigramme, Anekdoten, genieße ich lieber
2010 2436 3104 2519 Dr. Otto Brahm ein längeres Gastspiel im Carltheater.
496 2469 1585 2548 aus dem Buche. Zwei Leute, die, je nach ihrer Seelenverfass¬
2015 2502 3110 2574 Director Brahm ist ein findiger Kopf, er gehört zu den
491 2504 1582 2579 ung, von einer theuren Todten reden, geben noch kein Schau¬
509 2541 1598 2611 spiel, und der Gedanke, daß der Ueberlebende, ob er nun ein
2025 2550 3104 2621 Stürmern und Drängern, die ein starkes — administratives
501 2580 1588 2659 Dichter oder ein Schwindler sei, Recht behält, müßte, um
2019 2585 3104 2660 Talent haben. Auf die Gastfreundschaft der Wiener kann
1904 2607 2018 2678 507
1777 2609 1888 2689 Für
499 2623 1579 2699 Bühnenrecht zu erringen, nicht nur von einigen Personen
2021 2639 3195 2729 man bauen, wir kommen fremder Kunst mit besonderer sive
1897 2659 2007 2706 100
3090 2679 3167 2719 10.
504 2664 1585 2747 ausgesprochen, sondern erst dramatisch verarbeitet werden.
1896 2701 1995 2745 200
1820 2712 1863 2762 9
2030 2678 3178 2768 Empfänglichkeit entgegen. Auch in künstlerischen Dingen sind dur
491 2700 1574 2767 Was einst ein Distichon geworden wäre, wird, ein wenig er¬
1893 2726 1999 2782 500
1818 2747 1882 2807 „
301 2720 393 2808 Für
493 2735 1708 2823 weitert, jetzt schon zu einem Stück — die hübschen Gebanken Jusive
2025 2739 3211 2817 die Wiener „gemüthlich“, sie begeistern sich aus Gutmüty, aus.
1870 2770 2010 2835 1000
490 2774 1682 2858 werden in Kleider gesteckt und gehen auf und ab. Nach orto.
2021 2777 3112 2865 keit. Denn was die Darsteller des Einacter=Cyclus „Leben¬
3114 2809 3241 2874 das
1909 2823 1995 2877 Im
488 2816 1690 2907 Schnitzler's „Lebendigen Stunden“ bleibt mir nur ein Ge= ulhar
2035 2835 3238 2913 dige Stunden“ boten, kann man bei uns im Lande min¬  den
1800 2839 2022 2916 Abonnemen
502 2851 1711 2950 fühl zurück, als wenn ich ein paar tiefsinnige Tenien gelesen Voraus.
1785 2904 2011 2963 Abonnenten
328 2870 495 2961 150
490 2889 1578 2972 hätte. Diesen epigrammatischen Stil beherrschen die Berliner
2022 2878 3118 2959 destens ebenso gut sehen. Die nüchterne, mit quälenden
485 2923 1570 3009 Künstler so meisterlich wie die „Neu=Thümer“ Hauptmann's
2035 2942 3127 3031 Stimmungsmätzchen arbeitende Spielweise der Berliner
1582 2948 1745 3015 ist das
494 2975 1276 3038 oder Heyermann's. Für die „Alt=Thümer“
1912 2978 2018 3039 Der
300 2977 475 3043 Abonnem
1336 2997 1568 3051 ich wähle
1589 3000 1739 3061 es den
2033 2981 3240 3073 realistischen Schule hat sich inzwischen abgenützt, sie ist zur d die
482 3009 1559 3085 Goethe's Bezeichnung — fehlt ihnen der Athem, und sie ge¬
1795 3021 2019 3080 Inhaltsang
300 3031 473 3097 Abonnen
3190 3051 3232 3113 9
2030 3021 3226 3113 Manier erstarrt. Das träge Tempo, das bei jedem Ge= Fen¬
3101 3055 3188 3110 ung
487 3054 1497 3143 rathen schon in Verlegenheit, wenn Schnitzler in der Vis
1799 3070 2029 3120 blätter
490 3083 1234 3153 der „Frau mit dem Dolche“ sie Verse
2031 3084 3241 3177 dankenstrich des Dichters eine Zwischenactspause einschiebt, tliche
1810 3105 2016 3155 wodurch ei
1259 3109 1731 3179 rechen läßt. Die end die
486 3127 1733 3219 Wiener drängen sich zu dem Gastspiele des Deutschenirgen¬
1797 3146 2017 3194 Leben des
2033 3134 3231 3235 nennt man heute nicht mehr „subtile Regie". Auch die Schlag= Mit¬
291 3150 1725 3253 Inhaltsas Theaters. Mit jedem Frühjahr, wenn die Berliner wieder= seitung")
1798 3185 2020 3240 theilungen
2031 3185 3125 3265 worte einer Kritik, die ebenso modern sein wollte, wie die
297 3201 1735 3297 blätte kommen, beginnt für uns eine Zeitrechnung neuen Stils. haftliche
2040 3234 3136 3312 verschiedenen „Richtungen“, sind tedtgehetzt. Die Schnitzler¬
304 3239 1732 3337 wodurch Diese Theilung ist gut. Ein einziges Theater kann den Alten jese Mit¬
301 3274 482 3328 Leben d
482 3286 1555 3360 und Neuen nicht zugleich in vollkommener Weise gerecht wer¬
2038 3292 3137 3375 schen Einacter zählen sicherlich nicht zu den besten Werken, des
296 3312 482 3383 theilung
479 3312 1558 3406 den. Das Burgtheater und auch unser Deutsches Volkstheater
2044 3331 3117 3424 Dichters. Schnitzler hat im „Schleier der Beatrice“
478 3353 1552 3436 haven den Versuch gewagt, und wir sind heute glücklich dahin
2036 3364 3163 3451 einen kühnen Anlauf genommen. Wie Schade, dass er nun#
467 3406 1544 3492 gelangt, daß auf diesen Bühnen jeder Schauspieler einen
489 3435 960 3516 eigenen Siil repräsentirt.
2048 3431 3125 3518 der feuilletonistischen Kleinkunst seines Anatol“ zurückker
1349 3466 1518 3538 — F H
2053 3484 3132 3573 Selbst in seinem graziösen Einacter „Literatur“ erreicht
2038 3537 3131 3617 er nicht seine frühere Höhe. Wie groß hat Goncourt
2045 3592 3130 3671 den gleichen Stoff gestaltet, wie keusch glitt Dandet¬
2046 3631 3135 3722 darüber hinweg. Wurum hat Herr Brahm nicht
2050 3684 3132 3774 den „Schleier der Beatrice“ gebracht? Nur, weil es
2055 3712 3146 3823 das Werk eines echten Dichters ist, und Herr Brahm doch
2042 3773 3151 3860 am liebsten die Literatur mit — Vorverkaufsgebür protegiert!
