<?xml version="1.0" encoding="UTF-8" standalone="yes"?>
<PcGts xmlns="http://schema.primaresearch.org/PAGE/gts/pagecontent/2013-07-15" xmlns:xsi="http://www.w3.org/2001/XMLSchema-instance" xsi:schemaLocation="http://schema.primaresearch.org/PAGE/gts/pagecontent/2013-07-15 http://schema.primaresearch.org/PAGE/gts/pagecontent/2013-07-15/pagecontent.xsd">
    <Metadata>
        <Creator>prov=University of Rostock/Institute of Mathematics/CITlab/Gundram Leifert/gundram.leifert@uni-rostock.de:name=ONB_Newseye_GT_M1+(htr_id=10810)::::v=2.4.2
prov=University of Rostock/Institute of Mathematics/CITlab/Tobias Gruening/tobias.gruening@uni-rostock.de:name=de.uros.citlab.module.baseline2polygon.B2PSeamMultiOriented:v=2.4.2
prov=University of Rostock/Institute of Mathematics/CITlab/Tobias Gruening/tobias.gruening@uni-rostock.de:name=/mnt/transkribus/LA/DEA/URO/LA_news_onb_att.pb:de.uros.citlab.segmentation.CITlab_LA_ML:v=2.4.2
Transkribus</Creator>
        <Created>2019-10-07T11:36:39.865+02:00</Created>
        <LastChange>2019-10-08T20:29:12.975+02:00</LastChange>
        <TranskribusMetadata docId="223975" pageId="9502932" pageNr="638" tsid="16608928" status="IN_PROGRESS" userId="40391" imgUrl="https://files.transkribus.eu/Get?id=OOIIGIERCSSOCHWGMNCLFHJT&amp;fileType=view" xmlUrl="https://files.transkribus.eu/Get?id=BORDHSYCRNXQOMJYDCPDORHM" imageId="6193146"/>
    </Metadata>
    <Page imageFilename="223975_0638.jpeg" imageWidth="3484" imageHeight="4192">
        <ReadingOrder>
            <OrderedGroup id="ro_1711450017465" caption="Regions reading order">
                <RegionRefIndexed index="0" regionRef="r1"/>
                <RegionRefIndexed index="1" regionRef="r2"/>
            </OrderedGroup>
        </ReadingOrder>
        <TextRegion orientation="0.0" id="r1" custom="readingOrder {index:0;}">
            <Coords points="277,225 277,3460 2430,3460 2430,225"/>
            <TextLine id="r1l1" custom="readingOrder {index:0;}">
                <Coords points="1983,253 2057,281 2209,273 2250,257 2324,278 2356,253 2381,266 2404,253 2440,277 2441,205 2345,179 2318,200 2233,180 2197,216 2117,209 2072,182 2038,196 1983,190"/>
                <Baseline points="1994,250 2019,250 2045,250 2070,251 2096,251 2122,251 2147,252 2173,252 2199,253 2224,253 2250,253 2276,253 2301,253 2327,253 2353,253 2378,252 2404,251 2430,250"/>
                <TextEquiv>
                    <Unicode>box 21/5</Unicode>
                </TextEquiv>
            </TextLine>
            <TextLine id="r1l2" custom="readingOrder {index:1;}">
                <Coords points="267,277 1980,266 1779,192 1533,253 1370,194 267,224"/>
                <Baseline points="277,260 361,263 446,266 530,268 615,270 700,271 784,272 869,273 954,274 1038,274 1123,274 1208,274 1292,273 1377,272 1462,271 1546,270 1631,269 1716,267 1800,265 1885,263 1970,262"/>
                <TextEquiv>
                    <Unicode>16.1. Lebendige Stunden—Zuklus</Unicode>
                </TextEquiv>
            </TextLine>
            <TextLine id="r1l3" custom="readingOrder {index:2;}">
                <Coords points="1021,1206 1060,1218 1085,1214 1130,1220 1153,1213 1170,1219 1189,1204 1201,1206 1201,1179 1188,1179 1173,1164 1159,1177 1110,1150 1097,1157 1091,1154 1066,1170 1036,1153 1021,1157"/>
                <Baseline points="1031,1212 1057,1209 1084,1207 1111,1206 1137,1207 1164,1208 1191,1210"/>
                <TextEquiv>
                    <Unicode>Seite 6</Unicode>
                </TextEquiv>
            </TextLine>
            <TextLine id="r1l4" custom="readingOrder {index:3;}">
                <Coords points="1438,1205 1517,1220 1889,1221 1932,1202 1932,1169 1887,1154 1807,1168 1781,1145 1741,1172 1678,1159 1591,1172 1553,1153 1523,1169 1500,1148 1466,1165 1438,1156"/>
                <Baseline points="1448,1212 1474,1211 1500,1210 1526,1209 1552,1208 1579,1208 1605,1208 1631,1208 1657,1208 1684,1208 1710,1208 1736,1208 1762,1208 1788,1209 1815,1210 1841,1210 1867,1211 1893,1212 1920,1213"/>
                <TextEquiv>
                    <Unicode>FREIE VOLKSBUHNE</Unicode>
                </TextEquiv>
            </TextLine>
            <TextLine id="r1l5" custom="readingOrder {index:4;}">
                <Coords points="995,1340 2412,1337 2412,1255 2124,1293 996,1280"/>
                <Baseline points="1005,1324 1074,1325 1144,1325 1214,1326 1284,1326 1354,1327 1423,1327 1493,1327 1563,1327 1633,1327 1703,1327 1772,1327 1842,1327 1912,1327 1982,1327 2052,1327 2121,1327 2191,1327 2261,1327 2331,1327 2401,1328"/>
                <TextEquiv>
                    <Unicode>leichten Lächeln des Drüberstehenden eire Lebenslüge durch¬</Unicode>
                </TextEquiv>
            </TextLine>
            <TextLine id="r1l6" custom="readingOrder {index:5;}">
                <Coords points="984,1378 2394,1368 2394,1335 2244,1328 984,1329"/>
                <Baseline points="995,1372 1064,1372 1133,1373 1203,1373 1272,1374 1342,1374 1411,1375 1480,1375 1550,1375 1619,1376 1689,1376 1758,1376 1827,1376 1897,1377 1966,1377 2036,1377 2105,1377 2174,1377 2244,1377 2313,1377 2383,1376"/>
                <TextEquiv>
                    <Unicode>schaut und zerzaust. Er schildert in den männlichen und weib¬</Unicode>
                </TextEquiv>
            </TextLine>
            <TextLine id="r1l7" custom="readingOrder {index:6;}">
                <Coords points="984,1421 2356,1439 2399,1382 984,1379"/>
                <Baseline points="995,1420 1064,1420 1134,1420 1203,1420 1273,1421 1343,1421 1412,1421 1482,1421 1551,1422 1621,1422 1691,1422 1760,1423 1830,1423 1899,1424 1969,1424 2039,1424 2108,1425 2178,1425 2247,1426 2317,1426 2387,1426"/>
                <TextEquiv>
                    <Unicode>lichen Schreibtischmenschen die ganze kümmerliche, eitle, grund¬</Unicode>
                </TextEquiv>
            </TextLine>
            <TextLine id="r1l8" custom="readingOrder {index:7;}">
                <Coords points="989,1451 1129,1485 2399,1480 2334,1425 989,1428"/>
                <Baseline points="999,1466 1068,1467 1138,1467 1207,1467 1277,1467 1346,1467 1416,1467 1485,1467 1555,1467 1624,1467 1694,1467 1763,1467 1833,1467 1902,1468 1972,1468 2041,1468 2111,1469 2180,1469 2250,1470 2319,1471 2389,1472"/>
                <TextEquiv>
                    <Unicode>verlogene Gattung. Andere Geschäftsleute handeln mit Tuch oder</Unicode>
                </TextEquiv>
            </TextLine>
            <TextLine id="r1l9" custom="readingOrder {index:8;}">
                <Coords points="988,1524 2405,1514 2198,1469 988,1473"/>
                <Baseline points="999,1514 1068,1514 1138,1514 1208,1514 1278,1514 1348,1514 1417,1514 1487,1514 1557,1514 1627,1514 1697,1515 1766,1515 1836,1515 1906,1515 1976,1515 2046,1515 2115,1515 2185,1516 2255,1516 2325,1516 2395,1516"/>
                <TextEquiv>
                    <Unicode>mit alten Kleidern oder mit Eisenbestandteilen, diese Literaten</Unicode>
                </TextEquiv>
            </TextLine>
            <TextLine id="r1l10" custom="readingOrder {index:9;}">
                <Coords points="987,1562 2405,1577 2382,1528 2175,1515 987,1528"/>
                <Baseline points="998,1559 1067,1560 1137,1560 1207,1561 1277,1561 1347,1561 1417,1561 1486,1561 1556,1561 1626,1561 1696,1561 1766,1561 1836,1561 1906,1561 1975,1561 2045,1561 2115,1561 2185,1561 2255,1562 2325,1563 2395,1564"/>
                <TextEquiv>
                    <Unicode>handeln mit ihren Erlebnissen. Die Sympathie des Zuschauers</Unicode>
                </TextEquiv>
            </TextLine>
            <TextLine id="r1l11" custom="readingOrder {index:10;}">
                <Coords points="988,1619 2397,1600 1850,1559 989,1577"/>
                <Baseline points="999,1606 1068,1606 1137,1607 1206,1607 1276,1608 1345,1608 1414,1608 1484,1609 1553,1609 1622,1609 1692,1609 1761,1609 1830,1609 1899,1609 1969,1609 2038,1609 2107,1609 2177,1609 2246,1609 2315,1608 2385,1608"/>
                <TextEquiv>
                    <Unicode>gehört eigentlich jenem ein bisschen einfältigen, aber redlich emp¬</Unicode>
                </TextEquiv>
            </TextLine>
            <TextLine id="r1l12" custom="readingOrder {index:11;}">
                <Coords points="991,1653 2422,1663 2369,1610 991,1622"/>
                <Baseline points="1002,1652 1072,1653 1143,1654 1213,1654 1284,1654 1354,1654 1425,1654 1495,1654 1566,1654 1636,1654 1707,1654 1777,1654 1848,1654 1918,1654 1989,1655 2059,1655 2130,1656 2200,1657 2271,1658 2341,1660 2412,1662"/>
                <TextEquiv>
                    <Unicode>findenden Aristokraten, der liebt, um zu lieben, und nicht liebt,</Unicode>
                </TextEquiv>
            </TextLine>
            <TextLine id="r1l13" custom="readingOrder {index:12;}">
                <Coords points="993,1713 2403,1714 2403,1665 2272,1654 993,1658"/>
                <Baseline points="1004,1696 1073,1698 1142,1699 1212,1700 1281,1701 1351,1702 1420,1702 1490,1703 1559,1703 1629,1703 1698,1704 1767,1704 1837,1704 1906,1704 1976,1703 2045,1703 2115,1703 2184,1703 2254,1704 2323,1704 2393,1704"/>
                <TextEquiv>
                    <Unicode>um zu schreiben. So freimötig scherzen konnte kein Literat. Diese</Unicode>
                </TextEquiv>
            </TextLine>
            <TextLine id="r1l14" custom="readingOrder {index:13;}">
                <Coords points="996,1753 2402,1769 2385,1709 996,1719"/>
                <Baseline points="1007,1745 1076,1746 1145,1747 1214,1747 1284,1748 1353,1748 1422,1748 1491,1749 1561,1749 1630,1749 1699,1749 1768,1749 1838,1749 1907,1749 1976,1749 2045,1749 2115,1749 2184,1749 2253,1749 2322,1749 2392,1749"/>
                <TextEquiv>
                    <Unicode>kleine, meisterhafte Komödie - Literature konnte nur ein Dichter</Unicode>
                </TextEquiv>
            </TextLine>
            <TextLine id="r1l15" custom="readingOrder {index:14;}">
                <Coords points="994,1807 1025,1809 1040,1820 1070,1801 1097,1812 1123,1805 1140,1816 1186,1802 1220,1819 1243,1817 1244,1760 1216,1755 1208,1764 1182,1761 1174,1768 1123,1752 1091,1763 1064,1754 994,1773"/>
                <Baseline points="1004,1793 1029,1793 1055,1793 1080,1793 1106,1793 1131,1793 1157,1793 1182,1794 1208,1794 1234,1795"/>
                <TextEquiv>
                    <Unicode>schreiben!</Unicode>
                </TextEquiv>
            </TextLine>
            <TextLine id="r1l16" custom="readingOrder {index:15;}">
                <Coords points="1965,1853 2027,1849 2046,1868 2063,1860 2077,1871 2198,1850 2243,1861 2255,1848 2291,1866 2340,1855 2363,1864 2364,1800 2273,1810 2254,1795 2211,1810 2158,1793 2086,1805 2040,1792 1966,1809"/>
                <Baseline points="1976,1835 2001,1836 2026,1836 2051,1837 2076,1837 2101,1838 2126,1838 2151,1838 2176,1838 2201,1838 2226,1838 2251,1838 2276,1838 2301,1838 2326,1838 2352,1837"/>
                <TextEquiv>
                    <Unicode>Stephan Grossmann.</Unicode>
                </TextEquiv>
            </TextLine>
            <TextLine id="r1l17" custom="readingOrder {index:16;}">
                <Coords points="1417,2086 1938,2095 1959,2090 1959,2037 1505,2030 1417,2045"/>
                <Baseline points="1427,2082 1453,2082 1479,2082 1505,2082 1531,2082 1557,2082 1583,2081 1609,2081 1635,2080 1661,2080 1688,2080 1714,2080 1740,2079 1766,2079 1792,2079 1818,2080 1844,2080 1870,2080 1896,2081 1922,2082 1949,2083"/>
                <TextEquiv>
                    <Unicode>MITTEILUNGEN</Unicode>
                </TextEquiv>
            </TextLine>
            <TextLine id="r1l18" custom="readingOrder {index:17;}">
                <Coords points="1038,2128 1051,2128 1058,2132 1070,2129 1077,2133 1089,2126 1104,2137 1115,2136 1113,2071 1102,2071 1082,2059 1072,2064 1048,2043 1035,2044"/>
                <Baseline points="1049,2111 1076,2109 1103,2109"/>
                <TextEquiv>
                    <Unicode>1</Unicode>
                </TextEquiv>
            </TextLine>
            <TextLine id="r1l19" custom="readingOrder {index:18;}">
                <Coords points="1936,2131 1983,2127 2006,2137 2013,2133 2043,2142 2068,2128 2095,2132 2093,2062 2040,2068 2029,2064 2002,2089 1983,2083 1975,2088 1968,2081 1956,2088 1935,2087"/>
                <Baseline points="1947,2115 1974,2117 2001,2117 2028,2116 2055,2113 2083,2111"/>
                <TextEquiv>
                    <Unicode>—ad</Unicode>
                </TextEquiv>
            </TextLine>
            <TextLine id="r1l20" custom="readingOrder {index:19;}">
                <Coords points="1098,2208 2402,2196 2222,2146 1098,2166"/>
                <Baseline points="1109,2199 1173,2199 1237,2200 1301,2201 1365,2201 1429,2201 1493,2201 1558,2201 1622,2201 1686,2201 1750,2201 1814,2201 1878,2201 1942,2201 2007,2201 2071,2201 2135,2202 2199,2203 2263,2204 2327,2205 2392,2207"/>
                <TextEquiv>
                    <Unicode>Unsere nächste Première. Die Freie Volksbühne hat mit dem</Unicode>
                </TextEquiv>
            </TextLine>
            <TextLine id="r1l21" custom="readingOrder {index:20;}">
                <Coords points="977,2241 2199,2276 2330,2272 2394,2210 977,2200"/>
                <Baseline points="988,2246 1057,2247 1127,2247 1197,2247 1267,2248 1336,2248 1406,2248 1476,2248 1546,2248 1615,2248 1685,2249 1755,2249 1825,2249 1894,2249 1964,2249 2034,2249 2104,2249 2173,2250 2243,2250 2313,2250 2383,2251"/>
                <TextEquiv>
                    <Unicode>Deutschen Volkstheater einen neuen Vertrag abgeschlossen, der unseren Mit¬</Unicode>
                </TextEquiv>
            </TextLine>
            <TextLine id="r1l22" custom="readingOrder {index:21;}">
                <Coords points="987,2305 2397,2310 2397,2272 2283,2257 987,2245"/>
                <Baseline points="997,2296 1066,2296 1136,2296 1205,2296 1275,2296 1344,2296 1414,2296 1483,2297 1553,2297 1622,2297 1692,2297 1761,2297 1831,2297 1900,2297 1970,2297 2039,2297 2109,2297 2178,2297 2248,2297 2317,2297 2387,2297"/>
                <TextEquiv>
                    <Unicode>gliedern Vorstellungen im April, Mai, August, September sichert. Die erste</Unicode>
                </TextEquiv>
            </TextLine>
            <TextLine id="r1l23" custom="readingOrder {index:22;}">
                <Coords points="988,2355 2144,2372 2356,2355 2407,2307 988,2312"/>
                <Baseline points="999,2341 1068,2341 1138,2342 1208,2342 1278,2342 1348,2342 1418,2342 1487,2343 1557,2343 1627,2343 1697,2343 1767,2343 1837,2343 1907,2343 1976,2343 2046,2343 2116,2344 2186,2344 2256,2344 2326,2344 2396,2345"/>
                <TextEquiv>
                    <Unicode>Vorstellung findet Sonntag den 24. April statt. Zur Aufführung gelangt (zum</Unicode>
                </TextEquiv>
            </TextLine>
            <TextLine id="r1l24" custom="readingOrder {index:23;}">
                <Coords points="988,2378 2407,2391 2276,2347 988,2355"/>
                <Baseline points="999,2390 1068,2389 1138,2389 1208,2388 1278,2388 1348,2388 1418,2387 1487,2388 1557,2388 1627,2388 1697,2388 1767,2388 1837,2389 1907,2389 1976,2389 2046,2390 2116,2390 2186,2391 2256,2391 2326,2391 2396,2391"/>
                <TextEquiv>
                    <Unicode>erstenmal) das Werk eines jungen ungarischen Dichters (auch das gibt es),</Unicode>
                </TextEquiv>
            </TextLine>
            <TextLine id="r1l25" custom="readingOrder {index:24;}">
                <Coords points="984,2436 2397,2456 2397,2406 2333,2397 984,2394"/>
                <Baseline points="995,2436 1064,2435 1134,2435 1203,2435 1273,2435 1342,2435 1412,2435 1481,2435 1551,2435 1620,2435 1690,2435 1760,2435 1829,2435 1899,2435 1968,2436 2038,2436 2107,2436 2177,2436 2246,2436 2316,2436 2386,2437"/>
                <TextEquiv>
                    <Unicode>Alexander Brody, ein Schauspiel -Die Lehrerine. Die tragende Rolle wird</Unicode>
                </TextEquiv>
            </TextLine>
            <TextLine id="r1l26" custom="readingOrder {index:25;}">
                <Coords points="977,2484 2394,2489 2339,2445 977,2446"/>
                <Baseline points="987,2484 1056,2484 1126,2483 1196,2483 1266,2482 1336,2482 1406,2482 1475,2482 1545,2482 1615,2482 1685,2482 1755,2482 1825,2482 1895,2482 1964,2483 2034,2483 2104,2483 2174,2483 2244,2484 2314,2484 2384,2484"/>
                <TextEquiv>
                    <Unicode>Käthe Hannemann spielen. Das Werk, das bis nun nur in den Rein¬</Unicode>
                </TextEquiv>
            </TextLine>
            <TextLine id="r1l27" custom="readingOrder {index:26;}">
                <Coords points="979,2545 2370,2553 2398,2487 979,2483"/>
                <Baseline points="989,2532 1058,2531 1128,2531 1198,2530 1268,2530 1338,2530 1408,2530 1478,2530 1548,2531 1618,2531 1688,2531 1757,2531 1827,2532 1897,2532 1967,2532 2037,2532 2107,2532 2177,2532 2247,2532 2317,2532 2387,2532"/>
                <TextEquiv>
                    <Unicode>hardtschen Kammerspielen in Berlin gegeben wurde, ist eines der wenigen</Unicode>
                </TextEquiv>
            </TextLine>
            <TextLine id="r1l28" custom="readingOrder {index:27;}">
                <Coords points="979,2579 2399,2597 2400,2546 979,2545"/>
                <Baseline points="990,2577 1059,2576 1129,2575 1199,2574 1269,2574 1339,2574 1409,2575 1479,2575 1549,2576 1619,2576 1689,2577 1758,2578 1828,2578 1898,2579 1968,2580 2038,2580 2108,2580 2178,2579 2248,2579 2318,2578 2388,2576"/>
                <TextEquiv>
                    <Unicode>Kunstwerke der ungarischen Literatur, das ohne Ruhmredigkeit und Ritterlich¬</Unicode>
                </TextEquiv>
            </TextLine>
            <TextLine id="r1l29" custom="readingOrder {index:28;}">
                <Coords points="980,2642 2404,2631 2404,2586 981,2591"/>
                <Baseline points="991,2623 1061,2622 1131,2622 1201,2622 1271,2622 1341,2623 1411,2623 1481,2624 1551,2625 1621,2625 1691,2626 1761,2627 1831,2628 1901,2628 1971,2628 2041,2629 2111,2629 2181,2628 2251,2628 2321,2627 2392,2626"/>
                <TextEquiv>
                    <Unicode>keit ein Bild magyarischer Kultur gibt, dort, wo sie noch ganz ungeniert und</Unicode>
                </TextEquiv>
            </TextLine>
            <TextLine id="r1l30" custom="readingOrder {index:29;}">
                <Coords points="991,2670 2406,2669 2351,2635 991,2640"/>
                <Baseline points="1001,2669 1070,2669 1140,2669 1210,2669 1279,2669 1349,2670 1419,2670 1488,2671 1558,2672 1628,2673 1698,2673 1767,2674 1837,2674 1907,2675 1976,2675 2046,2675 2116,2674 2185,2674 2255,2673 2325,2671 2395,2670"/>
                <TextEquiv>
                    <Unicode>unbeobachtet sich austobt. Alexander Brody ist ein ungleich ernsteres Talent</Unicode>
                </TextEquiv>
            </TextLine>
            <TextLine id="r1l31" custom="readingOrder {index:30;}">
                <Coords points="984,2736 2393,2726 2393,2677 985,2679"/>
                <Baseline points="995,2718 1064,2717 1133,2717 1203,2717 1272,2717 1341,2718 1411,2718 1480,2719 1549,2720 1619,2720 1688,2721 1757,2722 1827,2722 1896,2723 1965,2724 2035,2724 2104,2724 2173,2724 2243,2724 2312,2723 2382,2722"/>
                <TextEquiv>
                    <Unicode>als der Nachahmer Franz Molnar oder als der allzu versöhnliche Franz Herczeg.</Unicode>
                </TextEquiv>
            </TextLine>
            <TextLine id="r1l32" custom="readingOrder {index:31;}">
                <Coords points="975,2757 2403,2774 2375,2729 2214,2723 975,2734"/>
                <Baseline points="987,2764 1057,2764 1127,2764 1197,2765 1268,2765 1338,2765 1408,2766 1478,2766 1549,2767 1619,2767 1689,2768 1759,2768 1830,2768 1900,2768 1970,2769 2040,2768 2111,2768 2181,2768 2251,2767 2321,2766 2392,2765"/>
                <TextEquiv>
                    <Unicode>Die Freie Volksbühne ist stolz darauf, auch diesem Talent die erste gastliche</Unicode>
                </TextEquiv>
            </TextLine>
            <TextLine id="r1l33" custom="readingOrder {index:32;}">
                <Coords points="987,2808 1068,2845 1089,2828 1191,2820 1233,2835 1424,2818 1453,2839 1530,2821 1530,2782 1500,2776 988,2779"/>
                <Baseline points="997,2808 1023,2809 1049,2809 1075,2809 1101,2810 1127,2810 1153,2810 1179,2810 1205,2810 1231,2810 1257,2810 1283,2810 1309,2810 1335,2810 1361,2810 1387,2810 1413,2810 1439,2810 1465,2810 1491,2811 1518,2811"/>
                <TextEquiv>
                    <Unicode>Stätte in Wien zu bereiten.</Unicode>
                </TextEquiv>
            </TextLine>
            <TextLine id="r1l34" custom="readingOrder {index:33;}">
                <Coords points="1100,2866 1146,2898 2400,2876 2237,2826 1100,2832"/>
                <Baseline points="1110,2872 1174,2873 1238,2876 1302,2877 1366,2879 1430,2880 1494,2881 1558,2882 1622,2883 1686,2883 1750,2883 1814,2884 1878,2884 1942,2884 2006,2884 2070,2883 2134,2883 2198,2883 2262,2882 2326,2882 2390,2881"/>
                <TextEquiv>
                    <Unicode>Die nächste Saison. In diesen Tagen erneuert die Freie Volksbühne</Unicode>
                </TextEquiv>
            </TextLine>
            <TextLine id="r1l35" custom="readingOrder {index:34;}">
                <Coords points="990,2920 2394,2937 2394,2895 2305,2886 990,2880"/>
                <Baseline points="1000,2923 1069,2923 1138,2924 1207,2924 1276,2925 1345,2925 1414,2926 1484,2926 1553,2926 1622,2927 1691,2927 1760,2927 1829,2928 1898,2928 1968,2929 2037,2929 2106,2930 2175,2930 2244,2931 2313,2931 2383,2932"/>
                <TextEquiv>
                    <Unicode>ihre Verträge mit dem Josefstädter Theater und der Neuen Wiener Bühne.</Unicode>
                </TextEquiv>
            </TextLine>
            <TextLine id="r1l36" custom="readingOrder {index:35;}">
                <Coords points="992,2976 2409,2980 2409,2942 2242,2926 993,2942"/>
                <Baseline points="1002,2967 1071,2968 1141,2969 1211,2970 1281,2972 1351,2973 1420,2973 1490,2974 1560,2975 1630,2976 1700,2976 1769,2977 1839,2977 1909,2977 1979,2978 2049,2978 2118,2978 2188,2978 2258,2977 2328,2977 2398,2977"/>
                <TextEquiv>
                    <Unicode>Wir hoffen, dass es uns gelingen wird, ein drittes Theater für die ganze Saison</Unicode>
                </TextEquiv>
            </TextLine>
            <TextLine id="r1l37" custom="readingOrder {index:36;}">
                <Coords points="981,3019 2407,3028 2354,2983 982,2981"/>
                <Baseline points="993,3020 1063,3019 1133,3019 1203,3019 1273,3019 1343,3019 1413,3020 1484,3021 1554,3022 1624,3023 1694,3024 1764,3024 1834,3025 1904,3026 1975,3026 2045,3026 2115,3026 2185,3026 2255,3025 2325,3024 2396,3023"/>
                <TextEquiv>
                    <Unicode>zu mieten. Unser Mitgliederstand, der heute schon das eifte Tausend</Unicode>
                </TextEquiv>
            </TextLine>
            <TextLine id="r1l38" custom="readingOrder {index:37;}">
                <Coords points="981,3084 2406,3087 2377,3029 981,3019"/>
                <Baseline points="991,3067 1061,3067 1131,3067 1201,3067 1271,3067 1342,3068 1412,3068 1482,3068 1552,3068 1622,3069 1693,3069 1763,3069 1833,3069 1903,3070 1973,3070 2044,3070 2114,3070 2184,3070 2254,3071 2324,3071 2395,3071"/>
                <TextEquiv>
                    <Unicode> überschreitet, wird im nächsten Spieljahr voraussichtlich um weitere Tausende</Unicode>
                </TextEquiv>
            </TextLine>
            <TextLine id="r1l39" custom="readingOrder {index:38;}">
                <Coords points="993,3109 2393,3133 2393,3088 2264,3079 993,3086"/>
                <Baseline points="1004,3115 1072,3114 1141,3114 1210,3114 1279,3114 1348,3114 1417,3114 1486,3114 1555,3115 1624,3115 1693,3116 1761,3116 1830,3117 1899,3117 1968,3118 2037,3118 2106,3119 2175,3119 2244,3119 2313,3119 2382,3119"/>
                <TextEquiv>
                    <Unicode>anwachsen. Das Bürgertheater, das für unsere Zwecke so geeignet scheint, ist</Unicode>
                </TextEquiv>
            </TextLine>
            <TextLine id="r1l40" custom="readingOrder {index:39;}">
                <Coords points="993,3172 2295,3191 2404,3141 993,3132"/>
                <Baseline points="1003,3163 1072,3162 1141,3162 1211,3161 1280,3161 1350,3161 1419,3161 1489,3161 1558,3161 1628,3162 1697,3162 1766,3163 1836,3163 1905,3164 1975,3164 2044,3165 2114,3166 2183,3166 2253,3167 2322,3167 2392,3167"/>
                <TextEquiv>
                    <Unicode>unter der jetzigen Direktion für unsere Zwecke unerreichbar, aber auch untauglich.</Unicode>
                </TextEquiv>
            </TextLine>
            <TextLine id="r1l41" custom="readingOrder {index:40;}">
                <Coords points="995,3219 2392,3221 2392,3170 995,3171"/>
                <Baseline points="1005,3211 1073,3210 1142,3209 1211,3209 1280,3208 1349,3208 1417,3208 1486,3208 1555,3209 1624,3209 1693,3209 1761,3210 1830,3210 1899,3211 1968,3211 2037,3211 2105,3212 2174,3212 2243,3212 2312,3212 2381,3212"/>
                <TextEquiv>
                    <Unicode>Dennoch hoffen wir unseren Mitgliedern in den nächsten Wochen Kunde von</Unicode>
                </TextEquiv>
            </TextLine>
            <TextLine id="r1l42" custom="readingOrder {index:41;}">
                <Coords points="982,3247 2398,3285 2399,3219 982,3221"/>
                <Baseline points="993,3257 1062,3256 1132,3256 1202,3256 1272,3255 1341,3256 1411,3256 1481,3256 1551,3257 1620,3257 1690,3258 1760,3259 1830,3259 1899,3260 1969,3260 2039,3261 2109,3261 2178,3261 2248,3261 2318,3260 2388,3260"/>
                <TextEquiv>
                    <Unicode>unserem dritten ständigen Sonntagsquartier zu bringen. Erst wenn mehr als</Unicode>
                </TextEquiv>
            </TextLine>
            <TextLine id="r1l43" custom="readingOrder {index:42;}">
                <Coords points="987,3300 2395,3313 2395,3275 2220,3263 987,3262"/>
                <Baseline points="997,3302 1066,3301 1135,3301 1205,3301 1274,3302 1343,3303 1413,3303 1482,3304 1551,3305 1621,3307 1690,3307 1759,3308 1829,3309 1898,3309 1967,3310 2037,3310 2106,3309 2175,3308 2245,3307 2314,3305 2384,3302"/>
                <TextEquiv>
                    <Unicode>zwanzigtausend Mitglieder in der Freien Volksbühne organisiert sein werden —</Unicode>
                </TextEquiv>
            </TextLine>
            <TextLine id="r1l44" custom="readingOrder {index:43;}">
                <Coords points="995,3368 2369,3369 2401,3312 995,3319"/>
                <Baseline points="1005,3348 1074,3348 1143,3348 1212,3348 1282,3349 1351,3349 1420,3350 1489,3351 1559,3352 1628,3353 1697,3353 1766,3354 1836,3355 1905,3355 1974,3355 2043,3355 2113,3355 2182,3354 2251,3354 2320,3352 2390,3350"/>
                <TextEquiv>
                    <Unicode>wer weiss, wie bald das sein wird — werden wir an die Verwirklichung unseres</Unicode>
                </TextEquiv>
            </TextLine>
            <TextLine id="r1l45" custom="readingOrder {index:44;}">
                <Coords points="988,3404 2233,3406 2306,3443 2398,3408 2398,3361 988,3366"/>
                <Baseline points="998,3395 1067,3395 1137,3395 1206,3396 1276,3397 1345,3398 1415,3399 1484,3400 1554,3401 1623,3402 1693,3403 1762,3403 1832,3404 1901,3405 1971,3405 2040,3405 2110,3405 2179,3404 2249,3403 2318,3402 2388,3400"/>
                <TextEquiv>
                    <Unicode>innigsten Wunsches denken können; an das eigene Heim der Wiener</Unicode>
                </TextEquiv>
            </TextLine>
            <TextLine id="r1l46" custom="readingOrder {index:45;}">
                <Coords points="977,3465 1055,3454 1081,3467 1104,3452 1148,3458 1163,3448 1265,3450 1316,3471 1328,3458 1369,3456 1369,3409 1343,3403 1318,3420 1261,3405 977,3414"/>
                <Baseline points="987,3448 1013,3447 1040,3446 1066,3446 1093,3445 1119,3445 1146,3445 1173,3445 1199,3446 1226,3446 1252,3446 1279,3446 1305,3446 1332,3445 1359,3444"/>
                <TextEquiv>
                    <Unicode>Freien Volksbühne.</Unicode>
                </TextEquiv>
            </TextLine>
            <TextEquiv>
                <Unicode>box 21/5
16.1. Lebendige Stunden—Zuklus
Seite 6
FREIE VOLKSBUHNE
leichten Lächeln des Drüberstehenden eire Lebenslüge durch¬
schaut und zerzaust. Er schildert in den männlichen und weib¬
lichen Schreibtischmenschen die ganze kümmerliche, eitle, grund¬
verlogene Gattung. Andere Geschäftsleute handeln mit Tuch oder
mit alten Kleidern oder mit Eisenbestandteilen, diese Literaten
handeln mit ihren Erlebnissen. Die Sympathie des Zuschauers
gehört eigentlich jenem ein bisschen einfältigen, aber redlich emp¬
findenden Aristokraten, der liebt, um zu lieben, und nicht liebt,
um zu schreiben. So freimötig scherzen konnte kein Literat. Diese
kleine, meisterhafte Komödie - Literature konnte nur ein Dichter
schreiben!
Stephan Grossmann.
MITTEILUNGEN
1
—ad
Unsere nächste Première. Die Freie Volksbühne hat mit dem
Deutschen Volkstheater einen neuen Vertrag abgeschlossen, der unseren Mit¬
gliedern Vorstellungen im April, Mai, August, September sichert. Die erste
Vorstellung findet Sonntag den 24. April statt. Zur Aufführung gelangt (zum
erstenmal) das Werk eines jungen ungarischen Dichters (auch das gibt es),
Alexander Brody, ein Schauspiel -Die Lehrerine. Die tragende Rolle wird
Käthe Hannemann spielen. Das Werk, das bis nun nur in den Rein¬
hardtschen Kammerspielen in Berlin gegeben wurde, ist eines der wenigen
Kunstwerke der ungarischen Literatur, das ohne Ruhmredigkeit und Ritterlich¬
keit ein Bild magyarischer Kultur gibt, dort, wo sie noch ganz ungeniert und
unbeobachtet sich austobt. Alexander Brody ist ein ungleich ernsteres Talent
als der Nachahmer Franz Molnar oder als der allzu versöhnliche Franz Herczeg.
Die Freie Volksbühne ist stolz darauf, auch diesem Talent die erste gastliche
Stätte in Wien zu bereiten.
Die nächste Saison. In diesen Tagen erneuert die Freie Volksbühne
ihre Verträge mit dem Josefstädter Theater und der Neuen Wiener Bühne.
Wir hoffen, dass es uns gelingen wird, ein drittes Theater für die ganze Saison
zu mieten. Unser Mitgliederstand, der heute schon das eifte Tausend
 überschreitet, wird im nächsten Spieljahr voraussichtlich um weitere Tausende
anwachsen. Das Bürgertheater, das für unsere Zwecke so geeignet scheint, ist
unter der jetzigen Direktion für unsere Zwecke unerreichbar, aber auch untauglich.
Dennoch hoffen wir unseren Mitgliedern in den nächsten Wochen Kunde von
unserem dritten ständigen Sonntagsquartier zu bringen. Erst wenn mehr als
zwanzigtausend Mitglieder in der Freien Volksbühne organisiert sein werden —
wer weiss, wie bald das sein wird — werden wir an die Verwirklichung unseres
innigsten Wunsches denken können; an das eigene Heim der Wiener
Freien Volksbühne.</Unicode>
            </TextEquiv>
        </TextRegion>
        <TextRegion orientation="0.0" id="r2" custom="readingOrder {index:1;}">
            <Coords points="2797,3090 2797,3373 3323,3373 3323,3090"/>
            <TextLine id="r2l1" custom="readingOrder {index:0;}">
                <Coords points="2794,3108 2806,3109 2824,3127 2837,3125 2841,3128 2846,3124 2864,3131 2873,3125 2886,3128 2888,3090 2863,3086 2855,3077 2846,3077 2833,3087 2829,3082 2823,3084 2814,3092 2795,3089"/>
                <Baseline points="2805,3112 2841,3114 2877,3116"/>
                <TextEquiv>
                    <Unicode>eine</Unicode>
                </TextEquiv>
            </TextLine>
            <TextLine id="r2l2" custom="readingOrder {index:1;}">
                <Coords points="2787,3176 2802,3177 2809,3171 2819,3180 2834,3176 2857,3183 2883,3167 2897,3174 2917,3170 2933,3175 2946,3167 2961,3172 2962,3138 2925,3124 2895,3133 2870,3120 2861,3126 2838,3121 2825,3127 2806,3109 2789,3111"/>
                <Baseline points="2798,3159 2823,3160 2848,3161 2874,3163 2899,3164 2924,3164 2950,3163"/>
                <TextEquiv>
                    <Unicode>Woche</Unicode>
                </TextEquiv>
            </TextLine>
            <TextLine id="r2l3" custom="readingOrder {index:2;}">
                <Coords points="2787,3226 2931,3228 2950,3213 3137,3228 3194,3212 3302,3232 3302,3171 3288,3166 2788,3175"/>
                <Baseline points="2797,3204 2823,3205 2849,3206 2875,3207 2901,3207 2927,3207 2953,3208 2979,3208 3005,3208 3031,3208 3057,3208 3083,3208 3109,3209 3135,3209 3161,3209 3187,3209 3213,3210 3239,3210 3265,3211 3291,3212"/>
                <TextEquiv>
                    <Unicode>auf die Vorstellung</Unicode>
                </TextEquiv>
            </TextLine>
            <TextLine id="r2l4" custom="readingOrder {index:3;}">
                <Coords points="2904,3281 3327,3280 3328,3225 3250,3235 3184,3217 3142,3229 2979,3227 2958,3214 2905,3224"/>
                <Baseline points="2914,3262 2939,3264 2964,3264 2989,3265 3014,3266 3039,3266 3064,3266 3089,3267 3115,3267 3140,3267 3165,3267 3190,3267 3215,3267 3240,3268 3265,3268 3290,3268 3316,3269"/>
                <TextEquiv>
                    <Unicode>Wohnungsänderung</Unicode>
                </TextEquiv>
            </TextLine>
            <TextLine id="r2l5" custom="readingOrder {index:4;}">
                <Coords points="2786,3327 2960,3314 3019,3331 3309,3325 3330,3319 3331,3279 2786,3277"/>
                <Baseline points="2797,3310 2823,3310 2849,3310 2875,3311 2901,3311 2927,3311 2953,3311 2979,3312 3005,3312 3031,3312 3058,3312 3084,3312 3110,3313 3136,3313 3162,3313 3188,3313 3214,3313 3240,3313 3266,3314 3292,3314 3319,3314"/>
                <TextEquiv>
                    <Unicode>es, dass auf der Beitragsbestä</Unicode>
                </TextEquiv>
            </TextLine>
            <TextLine id="r2l6" custom="readingOrder {index:5;}">
                <Coords points="2789,3375 2882,3385 2970,3359 3202,3398 3273,3365 3334,3381 3335,3314 3256,3329 2790,3324"/>
                <Baseline points="2800,3356 2826,3355 2852,3355 2878,3355 2904,3355 2930,3355 2956,3356 2983,3357 3009,3357 3035,3358 3061,3359 3087,3360 3113,3360 3139,3361 3166,3362 3192,3362 3218,3363 3244,3363 3270,3363 3296,3362 3323,3362"/>
                <TextEquiv>
                    <Unicode>separate Verständigung ist in</Unicode>
                </TextEquiv>
            </TextLine>
            <TextEquiv>
                <Unicode>eine
Woche
auf die Vorstellung
Wohnungsänderung
es, dass auf der Beitragsbestä
separate Verständigung ist in</Unicode>
            </TextEquiv>
        </TextRegion>
    </Page>
</PcGts>
