3436 4320
2082 197 2553 312 box 21/3
271 215 1935 344 16.1. Lebendige Stunden zyklus
1689 1496 2896 1586 Regungen des Innenlebens, das nicht aufdringlich wie das
2895 1498 3356 1576 Apparat schuld. Frl.
466 1500 740 1603 99
2895 1547 3371 1627 [Marr boten ihr Beste
1690 1549 2732 1620 des Literaten, aber tiefer, wahrer ist, zu offenbaren.
703 1554 1458 1660 „Lebendige Stunden“.
2961 1597 3375 1682 Der dritte Einacte
1754 1605 2900 1666 „Die Frau mit dem Dolche“ war die eigenartigste Dar¬
460 1634 1692 1728 Einacter=Cyklus von Arthur Schnitzler. Aufgeführt im
1687 1643 2901 1701 bietung. Pauline ist die Frau eines Bühnendichters, der in
2901 1633 3366 1714 Milieustück. Es scheint
2891 1686 3376 1769 gemeinen Krankenhause
1683 1699 2901 1757 ihr nur geistige Anregungen gesucht hat. Besonders in seinem
671 1696 1494 1778 Theater am Franzensplatz am 1. April.
2893 1742 3378 1825 Eine derart bis ins
1687 1748 2901 1803 letzten Schauspiele hat Leonhard, Paulinens Verehrer, es pein¬
563 1761 1677 1844 Der geistreiche Wiener Schriftsteller und Menschenbeobach¬
1678 1784 2896 1868 lich empfunden, dass die geliebte Frau in ihrem eigensten Leben,
2904 1793 3368 1865 einem Dichter gelingen,
474 1829 1688 1894 ter hat sich unter den österreichischen Modernen rasch einen
1682 1846 2903 1918 wenn auch in fremder Gestalt, vor die Oeffentlichkeit gezerrt
2902 1827 3376 1915 Masken, die während d
470 1874 1678 1945 klangvollen Namen errungen, seine interessanten Theaterdich¬
1683 1873 2897 1949 wurde. Er besucht mit Pauline eine Bildergallerie. In einem
2891 1894 3380 1959 gesichts des Todes. Ein¬
473 1929 1684 1999 tungen werden in Deutschland fast öfter aufgeführt als bei uns.
1684 1941 2902 2012 Saale derselben hängt das Gemälde eines unbekannten italieni¬
2885 1943 3381 2004 stehender Journalist stir
567 1985 1681 2042 Schnitzler liebt die Einacter. Eine Sammlung von solchen
1682 1983 2896 2047 schen Meisters, eine Frau mit gezücktem Dolche, die Pauline
2886 1997 3382 2058 Jugendfreund, ein Hohl#
483 2043 1682 2109 erschien unter dem Buchnamen „Anatol“, drei originelle Ein¬
1676 2042 2894 2103 überraschend ähnlich ist. Leonhard gesteht Pauline in leiden¬
2888 2042 3377 2110 macher hafste ihn glühen
476 2066 1691 2154 acter, „Paracelsus“, „Die Gefährtin“ und „Der grüne Ka¬
1688 2090 2896 2150 schaftlichen Worten seine Liebe, sie weist ihn aber zurück, nicht
2890 2088 3372 2157 seinen Hafs ihm sagen,
1681 2116 2892 2196 Liebe, nur sinnliches Interesse habe sie für ihn, einmal wollte
483 2135 1683 2200 kadu“, giengen, zu einem Theaterabend vereint, über eine An¬
2886 2130 3378 2206 ohne Weihgast ins Gesich
477 2180 1678 2252 zahl Bühnen. Der neueste Cyelus nennt sich „Lebendige Stun¬
1674 2183 2888 2246 sie ihm sich an den Hals werfen, den Augenblick aber habe
2887 2190 3379 2259 sei, dass die eigene Fra#
478 2235 1681 2308 den“. Er behandelt künstlerisch=literarische Probleme in sinn¬
1686 2232 2893 2293 Leonhard versäumt. In dieser Seelenstimmung betrachtet Pau¬
2881 2235 3371 2304 feierten erkennend, sich
1689 2283 2899 2354 line das Bild, da wird es in ihrem Geiste lebendig: Sie sieht
474 2280 1692 2348 reicher, oft fein satirischer Art. Der erste Einacter, „Lebendige
2880 2280 3373 2350 gab, den sie liebte, ihm
475 2337 1683 2405 Stunden“ geheißen, soll gleichsam als Prolog erklärend voran¬
1677 2330 2892 2387 sich in der Tracht des Cinquecento, ihr Verehrer ist ein jugend¬
2886 2338 3371 2399 Kraft fand. Als Weihga
467 2385 1688 2443 gehen. Der Dichter stellt die Stunden wirklicher Erleb¬
1679 2382 2887 2442 licher Maler, mit dem sie, als ihr Gatte abwesend war, in einer
2890 2371 3375 2454 candidaten erscheint, her
476 2429 1684 2491 nisse in Gegensatz zu den durch sie angeregten Kunstwerken. Die
1681 2430 2895 2488 leidenschaftlichen Stunde sich vergessen hat. Am Morgen weist
2892 2425 3381 2499 macher nicht der Mühe
1691 2481 2895 2542 sie ihm verächtlich die Thüre. Leonardo will sich tödten, da
472 2479 1676 2537 Mutter hat Morphium zu sich genommen und ist gestorben,
2883 2472 3375 2539 dete Herrlichkeit zu zerst
466 2521 1677 2578 um ihren Sohn, einen nervös überreizten Literaten, von dem
1686 2526 2893 2587 erscheint der Gatte Remigio, dem Pauline ihre Verirrung
2871 2521 3377 2600 Journalisten eine Glanz
473 2575 1687 2636 qualvollen Anblick ihres Hinsiechens zu befreien, ihm dadurch
1676 2573 2895 2639 bekennt. Auch er weist Leonardo, der umsonst bittet, ihn zu
2879 2564 3385 2644 eleganten, stattlichen M#
479 2626 1686 2687 die geistige Regsamkeit zurückzugeben. Ein geistreich geführter
1677 2613 3376 2679 tödten, geringschätzend die Thüre. Warum soll er dem Becher Beobachtung einzig daste
469 2674 1683 2725 Dialog, zuerst satirisch zwischen dem Hofrath und seinem alten
1679 2672 2890 2744 zürnen, aus dem ein thöricht Kind Gift getrunken hat! Pauline
2888 2679 3374 2743 Schmierenschauspieler Ja
474 2715 1678 2783 Gärtner, dann verdeckt ironisch mit dem Sohne fortgesetzt,
1687 2722 2890 2779 mag erkennen, dass Leonardo, obwohl er sich verachten muss,
2880 2725 3383 2782 candidaten, der kaum n#
467 2767 1689 2836 ausklingend in einer tiefsinnigen Apologie des warmen wirk¬
2880 2778 3384 2846 Optimismus der Genesu
1673 2760 2880 2837 zu feig ist, sich zu tödten und erdolcht ihn. Den Moment, da
465 2802 1698 2888 lichen Lebens. Nur eine einzige „lebendige Stunde“, welche die
2888 2823 3380 2888 delljagd geht, die Aerzt
1675 2817 2886 2884 sie den Dolch zückt, erfasst das Künstlerauge ihres Gatten,
466 2850 2884 2933 Mutter im Garten verbringt, sitzend im Lehnsessel, am frischen der sein Gemälde vollendet. Nun ändert sich wieder die Scene,
2890 2866 3379 2938 neralprobe abhält, wie b
469 2921 2876 2976 Grün und den Blumen sich freuend, ist mehr wert als alle Leonhard und Pauline sind im Betrachten versunken vor dem
2881 2917 3348 2985 vor sich gehen könnte.
1673 2963 2887 3026 Gemälde des unbekannten Meisters, Leonhard fragt, wo Pau¬
467 2954 1692 3015 die Werke, zu deren Schaffen der Sohn in geistigem Hoch¬
2890 2969 3361 3044 Spies diese Rolle ohne
477 3008 2887 3080 muthe sich berufen fühlt. Herr Haid wusste den richtigen linens Gedanken waren, die einen Augenblick wie geistesabwesend
2952 2994 3386 3070 Den Schluss bildete
470 3068 2881 3129 Ton zu treffen, um als biederer pensionierter Beamter, der sich vor sich hinstarrte. Wenn die Illusion nicht so gelang, wie
2872 3051 3371 3138 Ein blasierter Baron,
472 3123 3382 3175 auf das Lund zurückgezogen hat, die geheimen schmerzvollen der Dichter sie beabsichtigt, war nur der schwerfällige scenische mit einer Schriftstellerin
