3436 4224
2115 110 2529 204 box 21/2
271 124 1947 230 16.1. Lebendige Stunden Zuklus
660 947 1379 1187 ## Goldschmen
530 1085 1160 1201 Ol. * Bureau für 4
599 1157 1289 1252 Zeitungsausschnitte und Verlag
595 1216 1293 1300 der Wissenschaftlichen Revue.
523 1263 1420 1367 BERLIN N., Auguststr. 87 part.
667 1334 1247 1420 Telephon Amt III. No. 3051.
803 1442 1143 1523 Ausschnitt
432 1454 793 1533 Tesegramm-dsiresen
909 1503 1026 1573 aus
429 1510 808 1579 C0LDSCHMID T. Auguststr. S7.
554 1602 1329 1736 Staatsbürger-Zeitung, Berlin
899 1722 1462 1835 i0 Ghc
1213 1742 1571 1923 Maen
783 1817 1230 1981 8Jan wooe 7
3133 2123 3333 2216 B
1593 2166 3321 2268 verzweifelter Stimmung, die sogar die Absicht, sich nun selbst] fesseln vermag. Es ist
597 2123 1384 2277 Unterhaltungsblatt.
1602 2233 3361 2311 töten zu wollen, wach werden läßt. Indessen verflient diese tragischen Humor, der sich
494 2249 1583 2325 * Deutsches Theater. Zum ersten Male „Lebendige
1594 2269 2800 2345 Stimmung bald wieder, und das von den Herren Rein¬
2800 2287 3356 2350 Schnitzler's glänzend es
390 2275 885 2375 Stunden“ von Axth.
933 2298 1582 2384 rer. 1. „Lebendige
1593 2315 2794 2383 hardt und Rittner vortrefflich gespielte Schauspielchen
2798 2324 3368 2409 nalist drängt seinen Arzt
392 2350 1596 2415 Stunden“, Schauspiel; 2. „Die Frau mit dem
1591 2363 2800 2424 schließt mit einer Art von Versandung. Bizarr in der Grund¬
2796 2363 3363 2435 ehemaligen Kameraden und
380 2382 1586 2456 Dolche“, Schauspiel; 3. „Die letzten Masken“ Schau¬
1595 2408 2789 2475 Idee, verpufft die Durchführung, läßt aber den feinen
2800 2413 3364 2479 Name litterarisches Gewicht
385 2428 1594 2487 spiel; 4. „Litteratur“, Schwank. Der Gesamt=Titel
1601 2443 2795 2511 Stimmungs=Maler und gewandten Dialog=Künstler wieder
2792 2458 3359 2516 hat. Der Kranke ist ein E
386 2477 1559 2542 dieses neuen, aus gleicher Küche servierten Einakter=Menus, ist
1591 2485 2803 2561 eindrucksvoll hervortreten. Bei dem zweiten Schauspiel liegt
2799 2503 3363 2558 Kameraden, der durch Char
376 2514 1591 2593 dem ersten Stücke entnommen, welchem kein sonderlicher Wert
1591 2533 2797 2602 eine eigenartige Verschmelzung des Modernen mit der Romantik
2800 2548 3370 2611 Nun drängt es den Kranken,
381 2573 1587 2636 zuzusprechen war, da sich eine sehr künstliche Konstruktion der
1584 2576 2793 2651 des Cinquecento vor. Das italienische Wort deutet sofort auf
2797 2589 3331 2640 reden, bevor er stirbt, und
386 2610 1593 2679 Sache bemerkbar machte, die den natürlichen Verhältnissen des
1590 2625 2790 2692 ein Malerstücklein. Allerdings beginnt das Schauspiel mit dem
2801 2634 3368 2700 herbeigeführten Probegespräch
377 2649 1596 2718 Lebens nicht entspricht. Der einheitliche Gesamt=Titel für ein
1580 2674 2793 2740 Begegnis zwischen einer jungen Künstlersgattin und ihrem
2798 2677 3371 2738 schlechten Kameraden vorzu
381 2691 2787 2773 Drittel Dutzend Einakter aus gleicher Feder ist auch eine neue leidenschaftlichen Anbeter in einer Gemäldegalerie, und
2791 2719 3334 2781 Richtige selbst angelangt is
387 2739 2790 2815 Bühnen=Mode, die ihre Schwächen hat. Sie führt zu ver= zwar vor dem imposanten Bilde eines unbekannten Malers
2793 2762 3375 2830 den Vorsätzen seines Hasses a
382 2778 2791 2862 schwommenen Deutungen und Auslegungen von Dingen, die  aus dem 16. Jahrhundert. Das Gemälde stellt eine Dame
2803 2802 3373 2860 Philosoph. Die Herren R
373 2834 1589 2887 gar keiner symbolischen Etikette bedürfen. Bei manchem der
1581 2839 2781 2905 mit einem Dolch in der Hand dar, und der Umstand gewisser
2864 2856 3376 2903 scher und Hofmeister
381 2884 1588 2936 Einakter, dessen innerster Gedanke im Kollektiv=Titel klar und
1578 2884 2787 2946 äußerer Gesichtsähnlichkeiten zwischen Bild und Beschauerin
2793 2872 3369 2953 Schauspiel Schnitzleris
380 2910 2789 2989 leuchtend hervortreten soll, drängt sich alsdann das alte versetzt die schöne Moderne, welche erst entschlossen ist,
2798 2934 3380 2999 der Lebenswahrheit dar und
372 2960 1581 3010 Scherzwort auf: „Dieser Abend ist der schönste Tag meines
1635 2954 2112 3030 it ihrem Liebhaber
2189 2962 2793 3039 brechen und dem unge¬
2789 2978 3371 3034 schönen Triumph feiern. Aus
380 2992 1586 3060 Lebens!“ Nun, davon abgesehen, bewegt sich das Interesse an den
1586 3015 2787 3084 liebten Gatten treu zu bleiben, in einen vorübergehenden
2789 3029 3374 3098 einer äußerst witzigen Persisla
371 3052 2415 3090 4 dramatischen Neuheiten Arthur Schnitzler's bei der ersten! Traum, aus welchem sie erwacht,
2410 3057 2790 3122 um sich zum
2793 3067 3333 3129 Uebermenschentums. Die
372 3084 2785 3124 Aufführung in einer für den Dichter immer günstiger sich ge=1 Entschlusse der Untreue zu bekehren. Die Sache ist phantastisch¬
2790 3103 3366 3179 Triesch, der Litteratur
376 3130 2788 3203 staltenden aufsteigenden Linie. Er wurde mit Hervorrufen! geistvoll, kann sich auf Grillparzer's „Traum ein Leben“ be¬
2792 3150 3365 3211 ein etwas beschränkter
380 3178 1590 3241 geehrt, die von Fall zu Fall stürmischer wurden und sich
1590 3187 2787 3256 rufen, entbehrt aber des hohen sittlichen Adels, der durch jede
2781 3186 3370 3258 beiden nichts wissen will,
378 3219 1584 3280 mehrten. Lau, wie schon erwähnt, wirkte die erste Nummer.
1592 3229 2786 3291 Scene jenes gewaltg= schönen Schauspiels leuchtet. Sehr an¬
2790 3244 3375 3296 Tochter dupiert und gekaper
372 3269 1590 3319 Eine von ihrem Gatten vormals verlassene Frau und zärtliche
1578 3270 2787 3327 ziehend sind in der Darstellung Irene Triesch als Gattin und
2789 3274 3374 3341 Alle drei entledigten sich ihrer
381 3312 1584 3370 Mutter ihres einzigen dichterisch veranlagten Sohnes ist nach
1582 3316 2785 3381 die Herren Sommerstorff und Hahn in den männlichen
2791 3323 3364 3393 Erfolge. Der Schnitzler=Abe
381 3349 1584 3401 langem Leiden gestorben, und ein alter Freund, der die Stütze
1585 3363 2777 3427 Rollen des Traumbildes. Der feine Psychologe und praktische
2785 3367 3157 3424 holungen rechnen.
374 3391 1590 3451 der verlassenen Ehefrau geworden war, enthüllt dem Sohne
1582 3393 2773 3460 Arzt Dr. A. Schnitzler tritt aus der dritten Nummer: „Die
375 3433 1600 3505 nachträglich unter dokumentarischer Beibringung eines von der
1581 3435 2790 3509 letzten Masken“ mit Nachdruck hervor. Sie spielt im Spital.
377 3480 1592 3531 Mutter selbst geschriebenen letzten Briefes ein Geheimnis: die 1
1578 3475 2781 3550 En Patient neigt seinem Lebensausgange zu: ein armer
383 3523 1583 3596 Mutter ist freiwillig aus dem Leben gegangen, weil der durch
1569 3525 2778 3594 Teufel von Journalist, der, von großen Ideen erfüllt, doch
383 3561 1580 3631 das Leiden der Kranken kummervoll bewegte Sohn in
1581 3572 2781 3616 nur immer Pech gehabt; ein anderer Patient, ein drolliger
379 3608 2774 3666 solcher Lage am geistigen Schaffen gehindert wurde. Der Provinz=Mime, fühlt sich schon wieder gesund und will von
373 3674 2773 3709 Sohn hätte sich also als Mörder seiner geliebten Mutter an¬ neuem ins Leben hinaus; Doktoren und Wärterinnen er¬
377 3696 2819 3769 auflogen und das geschieht auch in einem kureen Ausbruch gänzen das Spital=Drama, welches uns zu interessieren, zu
