3436 4384
2141 155 2606 256 box 21/3
331 155 2002 267 16. 1. Lebendige Stunden Zuklus
538 1353 3409 1452 Aber zum Glück ist der zu dumm: er merkt nichts, als seine Aufführung der „Zauberflöte“ auf dem Zettel zu lesen. mentlich der Letztere kommt##
2849 1396 3403 1462 dritte Welt zu entfernen str
1699 1406 2863 1476 Der eine Gast, Frln. Marie Bossenberger vom Stadt¬
525 1432 1717 1505 vielseitige Braut ihren Roman ins Feuer wirft, damit
2850 1440 3411 1505 da Gegenliebe, wo der Ande
1697 1448 2864 1533 theater in Frankfurt, ist den Lesern schon bekannt. Die Dame
533 1465 1710 1539 dieses gefährliche Duplikat und Beweismittel gegen ihr
2862 1476 3384 1547 schlägt. Dr. Wüllner that
1701 1498 2854 1568 gab als Königin der Nacht, die eigentlich nicht viel mehr zu
536 1518 1508 1604 Vorleben für immer aus der Welt verschwinde.
2866 1523 3413 1593 eröffnen. Er sang drei der p#
1700 1544 2853 1615 thun hat als schön zu singen, auch gestern wieder Proben ihrer
627 1544 1705 1621 Arthur Schnitzler ist vielleicht der begabteste der mo¬
2866 1569 3406 1639 und Dichtungen von Daun
1702 1579 2858 1651 leichtflüssigen Kantilene und sicher angestochenen, niemals
537 1599 1712 1684 dernen Wiener Literatengilde, und es ist zu bedauern, daß
2863 1618 3410 1674 brachte er u. a. Lieder aus
1699 1626 2863 1697 schrill klingenden Kopftöne. Neu war der zweite Gast, Frln.
536 1637 1703 1728 er anfängt, sich immer mehr dem Symbolismus zuzuneigen
2864 1658 3386 1716 Liederbuche zum Vortrag.
1711 1672 2867 1743 Hedwig Weingarten vom Stadttheater in Bremen als
535 1688 1717 1746 und daß er in demselben Grade an Sicherheit der Theater¬
2865 1684 3404 1760 Leistungen dieses Künstlers
1716 1713 2869 1784 Pamina, die trotz einer für das jugendlich dramatische Fach
544 1727 1714 1794 technik verliert, in dem sich ihm der Blick für das was
2860 1745 3400 1804 daran war aber gestern erf#
1713 1760 2869 1831 bereits verpflichteten, aber selten singenden Sängerin in eben
539 1767 1713 1838 dramatisch möglich ist, was nicht, verdunkelt. Was hat von
2857 1773 3407 1870 gleitete der Pianist Coenra#
1715 1798 2872 1879 dieser Sparte auf Engagement singt. Frln. Weingarten hat
546 1813 1720 1909 seinem letzten Einaktercyklus den meisten Erfolg gehabt?
2919 1843 3402 1905 R. H. Wien, 6. Mär
1713 1844 2863 1918 mit Frln. Tordek die angenehme Erscheinung, aber auch die
543 1856 1706 1931 „Der grüne Kakadu.“ Was diesmal? „Literatur.“ Das
2866 1889 3402 1958 wartete Bonci im Theate
1706 1885 2866 1967 Anfängerschaft gemein, was sich aus jeder Bewegung zeigte.
1030 1897 1718 1966 Wird sie der Verfasser verstehen?
534 1892 1043 1983 ist eine deutliche Lehre.
2869 1939 3352 2002 dürfte so ziemlich der
1714 1931 2870 2012 Ihr in allen Lagen leicht ansprechender, mittelkräftiger Sopran
619 1943 1725 2015 Die von Savits geleitete Aufführung hatte für die
2865 1975 3373 2045 heutigen Tenoren sein. D
1702 1981 2872 2071 ist etwas dunkler gefärbt als der Frln. Tordeks, aber dafür
538 1982 1719 2051 neuesten Schnitzlereien das Möglichste gethan. Im ersten
2870 2011 3407 2082 nicht allzugroße, aber blühe
544 2026 1722 2089 Stücke spielten oder sprachen vielmehr die HH. Suske,
537 2018 2870 2134 Monnard und Gura, Jeder in seiner Weise vortreff= weit weniger voll und warm und klingt am schönsten im Piano.
2869 2068 3408 2127 ist ganz einzig und erinner
1706 2068 2869 2150 Mit der Höhe steckt sie noch arg in den Kinderschuhen. Doch ist
2873 2112 3406 2179 allerersten Virtnosen des bel
546 2101 1724 2174 lich, im zweiten leisteten Frl. Dandler und Hr.
1714 2113 2874 2190 sie sicher eine nicht unbegabte Sängevin, vorderhand freilich
2859 2150 3406 2218 tauchte auch eine seit fast
546 2149 1720 2221 Salfner Unglaubliches in rascher Verwandlungsfähig¬
1720 2158 2876 2230 ebensowenig, ja fast noch weniger als Frlu. Tordek ein Ersatz
2879 2197 3404 2263 wieder auf, Bellinis „Purita
549 2193 1731 2274 keit. Frl. Dandler war in beiden Gestalten, als Paola und
1720 2201 2877 2280 für die Damen Dreßler und Schloß, also wieder nicht eine
2866 2240 3399 2303 Melodie ergriff die Zuhö
544 2243 1724 2308 als Wiederverkörperung in Pauline glaubhaft; Hrn.
550 2295 2880 2346 Salfner aber sahen und hörten wir lieber im 15. Jahr= reife erste Kraft. Knote war ein prächtiger Tamino, Fuchs
1713 2285 3405 2367 ein wirkungsvoller Papageno. Auch im übrigen verlief die Im großen und ganzen ist
2854 2318 3405 2395 gesagt: kostümirtes Konzert
556 2321 1720 2390 hundert, im Zylinder des 20. Jahrhunderts war er schreck¬
1720 2330 2681 2421 wieder recht gut besuchte Aufführung animirend.
2876 2370 3285 2449 und wieder Syrup!
560 2363 1734 2435 lich. Den Remigio gab Hr. Stury. Den dritten Ein¬
1824 2364 2882 2448 2. Seinen letzten Lieberabend widmete Hr. Dr. Lud¬
556 2398 1738 2479 akter trug die Meisterleistung Häussers als Journalist
1721 2430 2881 2502 wig Wüllner den Lyrikern Johannes Brahms und Hugo
865 2447 1723 2524 Sehr angenehm überraschte aber Hr.
813 2470 884 2522 W
550 2466 846 2534 Rademacher.
563 2473 2892 2565 v. Pindo der in dem Spitalgenossen und Schauspieler Wolf, die beide eigentlich nicht gut zusammengestellt werden
3219 2486 3407 2583 Klein
552 2510 2892 2604 Florian Jackwerth eine ganz vorzügliche Charge schuf. Im können, ohne daß sie einander beeinträchtigen. Wolf, der mit
2956 2542 3378 2631 * Die Untersuchung
1720 2564 2887 2632 beiden Füßen auf dem Boden der Moderne steht, ist durch und
559 2565 1734 2658 Lustspiel sorgten Frl. Swoboda als etwas karikirendes
1724 2607 2876 2680 durch Anmuth und Sinnlichkeit; er sieht auch den düsteren
2882 2609 3393 2680 Jentsch nimmt jetzt insofer
559 2609 1730 2697 Literaturweib, Hr. Basil als in Maske und Spiel gleich
2884 2661 3398 2716 meisten Zeugen, deren Zahl
1721 2650 2877 2723 Ernst des Lebens durch den rosigen Flor der Daseinsfreude
555 2661 1723 2743 charakteristischer Dekadent aus der Steinsdorfstraße und
2875 2700 3383 2759 ist, ihre anfängliche Scheu,
1729 2696 2886 2770 und wird nirgends größer als in der Schilderung des Humors.
559 2698 1729 2769 Hr. Waldau als ein in allen Alluren treuer Sport¬
2878 2743 3400 2813 Dupirung durch die Rothe
1730 2750 2875 2812 Brahms aber, dessen Ausdruckskreis weit zurückgeht, über
567 2747 1738 2813 baron für die an diesem Abend doppelt ersehnte Heiterkeit
2884 2791 3402 2851 aufgegeben haben. Unter
1734 2792 2880 2854 Bach bis zu den Tonsetzern des 16. und 17. Jahrhunderts,
558 2791 1729 2864 des voll besetzten Hauses, das die ersten Stücke nicht ohne
2881 2827 3397 2894 Kaufleute, Handwerker, Le
1731 2835 2887 2900 ist eine herbe, männliche Natur, selten gefällig, immer tief;
559 2833 1737 2912 Widerspruch passiren ließ, zum Schlusse aber sich wieder
2883 2875 3377 2935 weise — viele Studenten.
1729 2860 2892 2945 bei ihm steht die Sonne nie im Zenith, daher sind auch seine
571 2869 1186 2971 einigermaßen versöhnt zeigte.
2874 2895 3410 2977 einträglich gewesen ist, ges
1718 2915 2895 2996 Schatten länger und dunkler. Er ist aus nordischem, knorrigen
679 2961 3391 3064 * Kgl. Hoftheater. Da in der letzten Zeit keine größere Holz geschnitzt. „Seine Ruhe", sagt Spitta treffend, „neigt daraus hervor, daß eine
579 2995 3397 3109 Oper vergeht, in der nicht ein Gast singt, so brauchte man sich zur Erhabenheit, seine Leidenschaft zur Wildheit". Wolf und Mark berechnet wird, in e
574 3047 3396 3159 auch gestern nicht zu wundern, gleich zwei auf einmal bei der Brahms sind zwei Welten, die eine dritte Welt trennt. Na=überschritten hat. Jentsch
