<?xml version="1.0" encoding="UTF-8" standalone="yes"?>
<PcGts xmlns="http://schema.primaresearch.org/PAGE/gts/pagecontent/2013-07-15" xmlns:xsi="http://www.w3.org/2001/XMLSchema-instance" xsi:schemaLocation="http://schema.primaresearch.org/PAGE/gts/pagecontent/2013-07-15 http://schema.primaresearch.org/PAGE/gts/pagecontent/2013-07-15/pagecontent.xsd">
    <Metadata>
        <Creator>prov=University of Rostock/Institute of Mathematics/CITlab/Gundram Leifert/gundram.leifert@uni-rostock.de:name=ONB_Newseye_GT_M1+(htr_id=10810)::::v=2.4.2
prov=University of Rostock/Institute of Mathematics/CITlab/Tobias Gruening/tobias.gruening@uni-rostock.de:name=de.uros.citlab.module.baseline2polygon.B2PSeamMultiOriented:v=2.4.2
prov=University of Rostock/Institute of Mathematics/CITlab/Tobias Gruening/tobias.gruening@uni-rostock.de:name=/mnt/transkribus/LA/DEA/URO/LA_news_onb_att.pb:de.uros.citlab.segmentation.CITlab_LA_ML:v=2.4.2
Transkribus</Creator>
        <Created>2019-10-07T11:36:54.976+02:00</Created>
        <LastChange>2019-10-08T21:02:29.331+02:00</LastChange>
        <TranskribusMetadata docId="223975" pageId="9503126" pageNr="686" tsid="16609585" status="IN_PROGRESS" userId="40391" imgUrl="https://files.transkribus.eu/Get?id=XTEKHYNBHBUODIXHAWWNRLAF&amp;fileType=view" xmlUrl="https://files.transkribus.eu/Get?id=MKQQAUNBKXJBERBPENMPWXOP" imageId="6193340"/>
    </Metadata>
    <Page imageFilename="223975_0686.jpeg" imageWidth="3392" imageHeight="4256">
        <ReadingOrder>
            <OrderedGroup id="ro_1711450045759" caption="Regions reading order">
                <RegionRefIndexed index="0" regionRef="r1"/>
            </OrderedGroup>
        </ReadingOrder>
        <TextRegion orientation="0.0" id="r1" custom="readingOrder {index:0;}">
            <Coords points="231,254 231,3663 3076,3663 3076,254"/>
            <TextLine id="r1l1" custom="readingOrder {index:0;}">
                <Coords points="1913,288 1976,302 2023,290 2042,306 2096,285 2161,308 2379,301 2380,229 2361,225 2339,238 2172,216 2115,247 2055,234 2036,246 1989,226 1914,238"/>
                <Baseline points="1930,279 1955,278 1980,278 2006,278 2031,278 2057,279 2082,279 2107,280 2133,281 2158,282 2184,282 2209,283 2234,283 2260,283 2285,283 2311,283 2336,282 2362,281"/>
                <TextEquiv>
                    <Unicode>box 2175</Unicode>
                </TextEquiv>
            </TextLine>
            <TextLine id="r1l2" custom="readingOrder {index:1;}">
                <Coords points="214,333 1933,303 1933,246 1776,227 214,239"/>
                <Baseline points="231,291 315,295 399,298 483,301 568,304 652,306 736,307 820,309 905,309 989,310 1073,310 1157,309 1242,309 1326,307 1410,306 1494,304 1579,302 1663,299 1747,297 1831,293 1916,290"/>
                <TextEquiv>
                    <Unicode>16.1. Lebendige Stunden— Z#kius</Unicode>
                </TextEquiv>
            </TextLine>
            <TextLine id="r1l3" custom="readingOrder {index:2;}">
                <Coords points="1991,1336 2006,1333 2021,1313 2035,1317 2040,1312 2076,1330 2127,1313 2113,1248 2090,1257 2062,1250 2047,1240 2023,1245 2015,1257 2004,1249 1974,1259"/>
                <Baseline points="2002,1312 2028,1312 2054,1306 2080,1297 2106,1294"/>
                <TextEquiv>
                    <Unicode>„</Unicode>
                </TextEquiv>
            </TextLine>
            <TextLine id="r1l4" custom="readingOrder {index:3;}">
                <Coords points="2202,1322 2220,1319 2231,1308 2265,1318 2270,1314 2285,1325 2316,1323 2305,1248 2289,1251 2275,1263 2258,1256 2239,1278 2222,1271 2194,1275"/>
                <Baseline points="2217,1311 2243,1309 2270,1302 2297,1301"/>
                <TextEquiv>
                    <Unicode>*</Unicode>
                </TextEquiv>
            </TextLine>
            <TextLine id="r1l5" custom="readingOrder {index:4;}">
                <Coords points="1095,1342 1130,1339 1150,1319 1170,1327 1184,1310 1240,1340 1270,1316 1287,1327 1337,1327 1358,1312 1438,1325 1462,1314 1456,1232 1434,1234 1402,1265 1366,1245 1320,1265 1258,1247 1232,1275 1189,1253 1089,1267"/>
                <Baseline points="1110,1319 1135,1319 1161,1318 1187,1317 1213,1315 1238,1314 1264,1311 1290,1309 1316,1306 1341,1304 1367,1301 1393,1299 1419,1298 1445,1297"/>
                <TextEquiv>
                    <Unicode>I</Unicode>
                </TextEquiv>
            </TextLine>
            <TextLine id="r1l6" custom="readingOrder {index:5;}">
                <Coords points="2659,1348 2699,1327 2731,1348 2771,1324 2809,1331 2821,1318 2857,1335 2888,1318 2932,1332 2973,1314 3005,1329 3057,1307 3054,1241 3008,1256 2935,1247 2879,1278 2762,1264 2735,1294 2657,1294"/>
                <Baseline points="2674,1318 2700,1319 2726,1319 2752,1319 2778,1318 2805,1317 2831,1315 2857,1313 2883,1311 2909,1310 2936,1308 2962,1307 2988,1306 3014,1306 3041,1306"/>
                <TextEquiv>
                    <Unicode>N</Unicode>
                </TextEquiv>
            </TextLine>
            <TextLine id="r1l7" custom="readingOrder {index:6;}">
                <Coords points="1510,1297 1532,1298 1572,1333 1613,1309 1679,1333 1748,1319 1783,1332 1855,1327 1857,1252 1750,1259 1700,1248 1640,1259 1612,1246 1586,1268 1551,1257 1510,1266"/>
                <Baseline points="1526,1307 1552,1309 1578,1310 1604,1312 1630,1313 1656,1314 1682,1314 1708,1315 1734,1315 1760,1316 1786,1315 1812,1315 1839,1314"/>
                <TextEquiv>
                    <Unicode>N</Unicode>
                </TextEquiv>
            </TextLine>
            <TextLine id="r1l8" custom="readingOrder {index:7;}">
                <Coords points="1143,1533 3006,1492 3005,1410 2933,1401 1142,1413"/>
                <Baseline points="1159,1516 1250,1514 1342,1513 1433,1512 1525,1511 1617,1509 1708,1508 1800,1507 1891,1506 1983,1505 2075,1504 2166,1503 2258,1502 2349,1501 2441,1501 2533,1500 2624,1500 2716,1500 2807,1501 2899,1502 2991,1503"/>
                <TextEquiv>
                    <Unicode>General=Anzeiger für Posen und</Unicode>
                </TextEquiv>
            </TextLine>
            <TextLine id="r1l9" custom="readingOrder {index:8;}">
                <Coords points="2117,1567 2186,1592 2328,1569 2366,1587 2794,1571 2793,1514 2759,1533 2702,1508 2567,1525 2478,1507 2438,1533 2355,1508 2117,1542"/>
                <Baseline points="2132,1572 2164,1572 2196,1572 2228,1572 2261,1571 2293,1571 2325,1570 2358,1570 2390,1569 2422,1569 2455,1568 2487,1568 2519,1567 2551,1567 2584,1567 2616,1567 2648,1567 2681,1567 2713,1567 2745,1568 2778,1569"/>
                <TextEquiv>
                    <Unicode>Hierzu das tägliche Unterhaltungsblatt</Unicode>
                </TextEquiv>
            </TextLine>
            <TextLine id="r1l10" custom="readingOrder {index:9;}">
                <Coords points="736,1601 752,1601 758,1594 777,1598 780,1594 790,1598 799,1591 827,1594 849,1582 859,1591 878,1591 878,1556 837,1560 815,1541 796,1541 780,1554 764,1547 736,1550"/>
                <Baseline points="752,1583 779,1585 807,1584 834,1583 862,1585"/>
                <TextEquiv>
                    <Unicode>P</Unicode>
                </TextEquiv>
            </TextLine>
            <TextLine id="r1l11" custom="readingOrder {index:10;}">
                <Coords points="564,1636 1836,1621 1835,1549 887,1560 831,1595 563,1570"/>
                <Baseline points="579,1625 641,1626 703,1626 765,1625 827,1625 889,1624 951,1623 1013,1622 1075,1621 1137,1619 1199,1618 1261,1617 1323,1616 1385,1615 1447,1614 1509,1614 1571,1614 1633,1614 1695,1614 1757,1615 1819,1617"/>
                <TextEquiv>
                    <Unicode>De Ouveniche Aindschen erschein Aglich mi nsnahmne den aunf die Sonm</Unicode>
                </TextEquiv>
            </TextLine>
            <TextLine id="r1l12" custom="readingOrder {index:11;}">
                <Coords points="2078,1638 2135,1666 2207,1637 2664,1661 2705,1642 2755,1664 2828,1626 2827,1595 2736,1573 2144,1574 2078,1594"/>
                <Baseline points="2093,1637 2130,1637 2168,1637 2206,1637 2244,1637 2282,1637 2320,1636 2357,1636 2395,1636 2433,1635 2471,1635 2509,1635 2547,1635 2584,1635 2622,1635 2660,1635 2698,1635 2736,1636 2774,1636 2812,1637"/>
                <TextEquiv>
                    <Unicode>Der Hausfreund,</Unicode>
                </TextEquiv>
            </TextLine>
            <TextLine id="r1l13" custom="readingOrder {index:12;}">
                <Coords points="580,1666 1789,1656 1820,1615 580,1625"/>
                <Baseline points="597,1660 657,1659 717,1658 778,1657 838,1656 898,1656 959,1655 1019,1654 1079,1654 1140,1653 1200,1653 1260,1653 1321,1652 1381,1652 1441,1651 1502,1650 1562,1650 1622,1649 1683,1648 1743,1647 1804,1645"/>
                <TextEquiv>
                    <Unicode>und Festtage folgenden Tages. Der vorauszahlbare Bezugspreis beträgt</Unicode>
                </TextEquiv>
            </TextLine>
            <TextLine id="r1l14" custom="readingOrder {index:13;}">
                <Coords points="2262,1698 2375,1703 2458,1689 2567,1707 2656,1686 2657,1642 2572,1650 2531,1637 2474,1652 2446,1639 2411,1650 2399,1638 2348,1653 2329,1636 2263,1638"/>
                <Baseline points="2277,1681 2303,1682 2329,1682 2355,1683 2381,1685 2407,1685 2433,1687 2459,1688 2485,1688 2511,1689 2537,1689 2563,1688 2589,1687 2615,1686 2641,1685"/>
                <TextEquiv>
                    <Unicode>die Sonntagsbeilage</Unicode>
                </TextEquiv>
            </TextLine>
            <TextLine id="r1l15" custom="readingOrder {index:14;}">
                <Coords points="578,1698 1809,1687 1843,1633 578,1666"/>
                <Baseline points="594,1697 655,1695 717,1693 778,1692 840,1691 902,1690 963,1689 1025,1688 1086,1688 1148,1687 1210,1687 1271,1686 1333,1685 1394,1685 1456,1684 1518,1683 1579,1682 1641,1681 1702,1679 1764,1677 1826,1675"/>
                <TextEquiv>
                    <Unicode>für Bromberg und die Vororte in der Geschäftsstelle und den Ausgabestellen</Unicode>
                </TextEquiv>
            </TextLine>
            <TextLine id="r1l16" custom="readingOrder {index:15;}">
                <Coords points="573,1730 1835,1727 1835,1680 573,1702"/>
                <Baseline points="589,1727 650,1727 712,1726 773,1725 835,1725 896,1724 958,1724 1019,1723 1081,1722 1142,1722 1204,1721 1265,1720 1327,1719 1388,1718 1450,1718 1511,1717 1573,1716 1634,1715 1696,1713 1757,1712 1819,1711"/>
                <TextEquiv>
                    <Unicode>vierteljährlich 1,50 Mk., monatlich 50 Pf., mit Bringerlohn vierteljährlich</Unicode>
                </TextEquiv>
            </TextLine>
            <TextLine id="r1l17" custom="readingOrder {index:16;}">
                <Coords points="585,1765 1737,1758 1840,1706 584,1734"/>
                <Baseline points="600,1764 661,1762 722,1760 783,1759 844,1758 906,1756 967,1755 1028,1755 1089,1754 1150,1753 1212,1753 1273,1752 1334,1752 1395,1751 1456,1751 1518,1750 1579,1750 1640,1749 1701,1748 1762,1748 1824,1746"/>
                <TextEquiv>
                    <Unicode>1,75 Mk., monatlich 60 Pf. Alle Postanstalten und Briefträger nehmen</Unicode>
                </TextEquiv>
            </TextLine>
            <TextLine id="r1l18" custom="readingOrder {index:17;}">
                <Coords points="1905,1771 2141,1795 2399,1750 2988,1760 2988,1703 2943,1688 1905,1692"/>
                <Baseline points="1920,1767 1972,1765 2025,1761 2077,1759 2130,1757 2183,1755 2235,1753 2288,1752 2340,1751 2393,1750 2446,1749 2498,1749 2551,1749 2603,1750 2656,1751 2709,1752 2761,1754 2814,1756 2866,1758 2919,1761 2972,1765"/>
                <TextEquiv>
                    <Unicode>Illustriertes Familienblatt,</Unicode>
                </TextEquiv>
            </TextLine>
            <TextLine id="r1l19" custom="readingOrder {index:18;}">
                <Coords points="580,1815 1788,1807 1839,1796 1838,1740 579,1765"/>
                <Baseline points="594,1795 655,1794 716,1794 778,1793 839,1792 901,1791 962,1790 1024,1789 1085,1789 1147,1788 1208,1787 1269,1786 1331,1785 1392,1784 1454,1783 1515,1783 1577,1782 1638,1782 1700,1782 1761,1781 1823,1781"/>
                <TextEquiv>
                    <Unicode>Bestellungen zum Preise von 1,50 Mk., mit Bestellgeld (durch den Briefträger</Unicode>
                </TextEquiv>
            </TextLine>
            <TextLine id="r1l20" custom="readingOrder {index:19;}">
                <Coords points="2183,1809 2302,1822 2557,1806 2667,1822 2711,1806 2711,1762 2183,1771"/>
                <Baseline points="2197,1806 2223,1804 2249,1804 2275,1803 2301,1803 2328,1803 2354,1803 2380,1803 2406,1803 2432,1804 2459,1804 2485,1805 2511,1805 2537,1805 2563,1805 2590,1805 2616,1805 2642,1804 2668,1803 2695,1801"/>
                <TextEquiv>
                    <Unicode>die landwirtschaftliche Beilage</Unicode>
                </TextEquiv>
            </TextLine>
            <TextLine id="r1l21" custom="readingOrder {index:20;}">
                <Coords points="762,1832 1640,1812 1639,1784 1570,1782 761,1804"/>
                <Baseline points="777,1826 819,1826 861,1826 904,1826 946,1825 988,1824 1031,1824 1073,1823 1115,1822 1158,1821 1200,1820 1242,1820 1285,1819 1327,1818 1369,1818 1412,1817 1454,1817 1496,1818 1539,1818 1581,1819 1624,1820"/>
                <TextEquiv>
                    <Unicode>ins Haus gebracht) 1,92 Mk. vierteljährlich entgegen.</Unicode>
                </TextEquiv>
            </TextLine>
            <TextLine id="r1l22" custom="readingOrder {index:21;}">
                <Coords points="2138,1877 2192,1901 2324,1867 2412,1897 2459,1871 2513,1898 2601,1878 2771,1890 2770,1815 2703,1803 2594,1821 2137,1811"/>
                <Baseline points="2155,1877 2185,1875 2215,1873 2245,1872 2275,1871 2305,1870 2335,1870 2365,1870 2395,1870 2425,1870 2455,1869 2485,1869 2515,1869 2545,1869 2575,1869 2605,1868 2635,1866 2665,1865 2695,1864 2725,1862 2755,1859"/>
                <TextEquiv>
                    <Unicode>Der Ostmärker</Unicode>
                </TextEquiv>
            </TextLine>
            <TextLine id="r1l23" custom="readingOrder {index:22;}">
                <Coords points="2394,1925 2419,1925 2422,1929 2429,1922 2444,1919 2479,1929 2485,1923 2495,1926 2504,1920 2520,1921 2520,1889 2498,1889 2483,1876 2458,1872 2454,1876 2442,1875 2432,1885 2416,1891 2394,1890"/>
                <Baseline points="2409,1913 2440,1911 2471,1913 2503,1913"/>
                <TextEquiv>
                    <Unicode>und</Unicode>
                </TextEquiv>
            </TextLine>
            <TextLine id="r1l24" custom="readingOrder {index:23;}">
                <Coords points="664,1978 1407,1940 1678,1965 1743,1951 1742,1857 663,1883"/>
                <Baseline points="678,1945 730,1946 783,1946 835,1947 888,1947 940,1947 993,1946 1045,1946 1098,1945 1150,1945 1203,1943 1255,1942 1308,1941 1360,1940 1413,1939 1465,1938 1518,1938 1570,1937 1623,1936 1675,1936 1728,1935"/>
                <TextEquiv>
                    <Unicode>Ueber 15000 Abonnenten</Unicode>
                </TextEquiv>
            </TextLine>
            <TextLine id="r1l25" custom="readingOrder {index:24;}">
                <Coords points="2106,1988 2692,2000 2814,1968 2814,1942 2694,1915 2106,1928"/>
                <Baseline points="2123,1987 2156,1986 2190,1985 2224,1984 2258,1984 2292,1984 2325,1984 2359,1985 2393,1986 2427,1986 2461,1987 2494,1987 2528,1987 2562,1987 2596,1987 2629,1986 2663,1985 2697,1983 2731,1981 2765,1977 2799,1974"/>
                <TextEquiv>
                    <Unicode>Verlosangsliste.</Unicode>
                </TextEquiv>
            </TextLine>
            <TextLine id="r1l26" custom="readingOrder {index:25;}">
                <Coords points="934,2000 1463,1997 1462,1953 1409,1944 1292,1961 1257,1946 1236,1962 1106,1941 1078,1967 1031,1952 965,1978 934,1969"/>
                <Baseline points="951,2003 977,2002 1003,2001 1029,2000 1055,2000 1081,1999 1107,1999 1133,1999 1159,1998 1185,1998 1212,1998 1238,1998 1264,1998 1290,1997 1316,1997 1342,1997 1368,1997 1394,1996 1420,1996 1447,1995"/>
                <TextEquiv>
                    <Unicode>notariell bealaubiat.</Unicode>
                </TextEquiv>
            </TextLine>
            <TextLine id="r1l27" custom="readingOrder {index:26;}">
                <Coords points="516,2052 541,2053 560,2043 566,2046 576,2037 585,2037 594,2047 623,2047 632,2056 648,2047 664,2047 664,1990 639,1987 601,1999 588,1993 573,2002 557,1996 547,2005 535,1996 516,1996"/>
                <Baseline points="533,2031 561,2031 590,2031 618,2032 647,2031"/>
                <TextEquiv>
                    <Unicode>K</Unicode>
                </TextEquiv>
            </TextLine>
            <TextLine id="r1l28" custom="readingOrder {index:27;}">
                <Coords points="1619,2146 3054,2131 3034,2030 2238,2035 2175,2073 1618,2042"/>
                <Baseline points="1633,2118 1703,2121 1773,2124 1843,2126 1914,2128 1984,2129 2054,2130 2125,2130 2195,2130 2265,2130 2336,2130 2406,2129 2476,2128 2546,2126 2617,2125 2687,2123 2757,2121 2828,2119 2898,2117 2968,2115 3039,2113"/>
                <TextEquiv>
                    <Unicode>Bromberg, Freitag den 3. Apri</Unicode>
                </TextEquiv>
            </TextLine>
            <TextLine id="r1l29" custom="readingOrder {index:28;}">
                <Coords points="514,2138 599,2153 750,2127 791,2149 813,2130 961,2139 960,1997 888,2001 818,1979 692,2005 642,1986 557,2009 513,1999"/>
                <Baseline points="528,2127 554,2129 580,2131 606,2132 632,2132 658,2132 684,2132 710,2132 736,2132 762,2131 788,2130 814,2130 840,2129 866,2129 892,2129 918,2129 944,2129"/>
                <TextEquiv>
                    <Unicode>Nr. 20.</Unicode>
                </TextEquiv>
            </TextLine>
            <TextLine id="r1l30" custom="readingOrder {index:29;}">
                <Coords points="2562,2189 2597,2190 2609,2203 2647,2197 2669,2203 2675,2197 2685,2204 2697,2194 2704,2201 2732,2201 2748,2186 2770,2192 2771,2139 2739,2132 2730,2141 2692,2135 2682,2144 2664,2137 2648,2143 2623,2130 2610,2140 2563,2139"/>
                <Baseline points="2577,2174 2602,2175 2627,2175 2652,2177 2678,2177 2703,2177 2728,2177 2754,2175"/>
                <TextEquiv>
                    <Unicode>   </Unicode>
                </TextEquiv>
            </TextLine>
            <TextLine id="r1l31" custom="readingOrder {index:30;}">
                <Coords points="2981,2182 2997,2183 3014,2172 3048,2171 3051,2130 3032,2129 3022,2138 3010,2137 3004,2130 3000,2133 2985,2132"/>
                <Baseline points="2999,2174 3031,2176"/>
                <TextEquiv>
                    <Unicode></Unicode>
                </TextEquiv>
            </TextLine>
            <TextLine id="r1l32" custom="readingOrder {index:31;}">
                <Coords points="2216,2196 2238,2199 2270,2184 2310,2201 2370,2196 2405,2204 2440,2186 2481,2190 2482,2146 2447,2136 2425,2141 2416,2132 2391,2144 2369,2130 2350,2142 2290,2135 2261,2146 2217,2145"/>
                <Baseline points="2234,2171 2259,2173 2285,2175 2311,2176 2337,2177 2362,2178 2388,2178 2414,2178 2440,2178 2466,2177"/>
                <TextEquiv>
                    <Unicode></Unicode>
                </TextEquiv>
            </TextLine>
            <TextLine id="r1l33" custom="readingOrder {index:32;}">
                <Coords points="516,2207 632,2192 645,2204 736,2195 765,2208 806,2189 840,2205 872,2195 906,2205 906,2142 771,2151 667,2138 636,2151 585,2138 516,2157"/>
                <Baseline points="532,2181 557,2183 583,2184 608,2185 634,2185 659,2186 685,2186 711,2185 736,2185 762,2185 787,2185 813,2184 838,2184 864,2184 890,2184"/>
                <TextEquiv>
                    <Unicode>   </Unicode>
                </TextEquiv>
            </TextLine>
            <TextLine id="r1l34" custom="readingOrder {index:33;}">
                <Coords points="1805,2272 2982,2273 3045,2257 3045,2217 1804,2222"/>
                <Baseline points="1819,2263 1879,2265 1940,2266 2000,2267 2061,2267 2121,2268 2182,2268 2242,2268 2303,2269 2363,2269 2424,2268 2485,2268 2545,2268 2606,2267 2666,2267 2727,2266 2787,2266 2848,2265 2908,2264 2969,2263 3030,2263"/>
                <TextEquiv>
                    <Unicode>Schlieffen ein. Der Kaiser hielt eine kürze Ansprache an den</Unicode>
                </TextEquiv>
            </TextLine>
            <TextLine id="r1l35" custom="readingOrder {index:34;}">
                <Coords points="574,2271 773,2312 1764,2292 1764,2257 1651,2219 575,2233"/>
                <Baseline points="591,2277 648,2281 706,2284 764,2286 822,2288 880,2290 937,2291 995,2291 1053,2292 1111,2292 1169,2292 1226,2291 1284,2290 1342,2290 1400,2289 1458,2288 1515,2287 1573,2287 1631,2286 1689,2286 1747,2286"/>
                <TextEquiv>
                    <Unicode>* Gründung von Bewässerungs¬</Unicode>
                </TextEquiv>
            </TextLine>
            <TextLine id="r1l36" custom="readingOrder {index:35;}">
                <Coords points="1814,2310 3023,2314 3048,2264 1814,2266"/>
                <Baseline points="1829,2303 1889,2305 1949,2307 2009,2308 2069,2309 2129,2310 2189,2310 2250,2310 2310,2310 2370,2310 2430,2310 2490,2310 2550,2309 2610,2309 2671,2308 2731,2307 2791,2306 2851,2306 2911,2305 2971,2305 3032,2304"/>
                <TextEquiv>
                    <Unicode>bilar, dessen Verdienste um das Heer er mit warmen Worten !</Unicode>
                </TextEquiv>
            </TextLine>
            <TextLine id="r1l37" custom="readingOrder {index:36;}">
                <Coords points="1811,2348 2852,2353 3041,2340 3041,2305 1810,2310"/>
                <Baseline points="1825,2344 1885,2345 1945,2346 2005,2347 2065,2348 2125,2348 2185,2349 2245,2349 2305,2349 2365,2349 2425,2349 2485,2349 2545,2348 2605,2348 2665,2347 2725,2347 2785,2346 2845,2345 2905,2345 2965,2344 3025,2343"/>
                <TextEquiv>
                    <Unicode>vorhob und zugleich ankündigte, daß er ihm das Großkomturkr</Unicode>
                </TextEquiv>
            </TextLine>
            <TextLine id="r1l38" custom="readingOrder {index:37;}">
                <Coords points="513,2380 1816,2382 1816,2326 1759,2298 513,2304"/>
                <Baseline points="529,2370 592,2368 656,2367 719,2366 783,2365 846,2364 910,2363 973,2363 1037,2363 1100,2363 1164,2363 1228,2362 1291,2362 1355,2362 1418,2362 1482,2362 1545,2362 1609,2362 1672,2361 1736,2361 1800,2360"/>
                <TextEquiv>
                    <Unicode>genossenschaften an der unteren Retze.</Unicode>
                </TextEquiv>
            </TextLine>
            <TextLine id="r1l39" custom="readingOrder {index:38;}">
                <Coords points="1808,2399 3013,2387 3060,2337 1807,2348"/>
                <Baseline points="1823,2383 1884,2383 1945,2384 2006,2385 2067,2385 2128,2386 2189,2386 2250,2387 2311,2387 2372,2388 2433,2388 2494,2388 2555,2388 2616,2387 2677,2387 2738,2386 2799,2385 2860,2384 2921,2382 2982,2380 3043,2378"/>
                <TextEquiv>
                    <Unicode>des Hausordens von Hohenzollern mit der Kette verleihe. Ol</Unicode>
                </TextEquiv>
            </TextLine>
            <TextLine id="r1l40" custom="readingOrder {index:39;}">
                <Coords points="567,2434 1625,2443 1776,2431 1776,2377 567,2384"/>
                <Baseline points="583,2420 641,2419 700,2419 759,2419 818,2419 877,2419 936,2420 994,2420 1053,2421 1112,2421 1171,2421 1230,2422 1289,2422 1348,2422 1406,2422 1465,2422 1524,2422 1583,2422 1642,2421 1701,2420 1760,2419"/>
                <TextEquiv>
                    <Unicode>Von Dr. Wilsing, Vorsteher der Provinzialwiesenbauschule</Unicode>
                </TextEquiv>
            </TextLine>
            <TextLine id="r1l41" custom="readingOrder {index:40;}">
                <Coords points="1810,2428 2953,2431 3050,2422 3050,2368 1810,2387"/>
                <Baseline points="1825,2425 1885,2425 1945,2425 2006,2425 2066,2425 2127,2425 2187,2425 2248,2425 2308,2425 2369,2425 2429,2425 2489,2425 2550,2425 2610,2425 2671,2425 2731,2424 2792,2424 2852,2423 2913,2422 2973,2421 3034,2420"/>
                <TextEquiv>
                    <Unicode>quartiermeister General Beseler hielt ebenfalls eine Anspra</Unicode>
                </TextEquiv>
            </TextLine>
            <TextLine id="r1l42" custom="readingOrder {index:41;}">
                <Coords points="1819,2463 2889,2470 3062,2460 3062,2407 1819,2425"/>
                <Baseline points="1834,2460 1894,2460 1955,2461 2016,2461 2076,2461 2137,2462 2198,2462 2258,2462 2319,2463 2380,2463 2441,2463 2501,2463 2562,2463 2623,2463 2683,2462 2744,2461 2805,2461 2865,2459 2926,2458 2987,2456 3048,2455"/>
                <TextEquiv>
                    <Unicode>Graf Schlieffen dankte mit einem Hurra auf den Kaiser, der sein</Unicode>
                </TextEquiv>
            </TextLine>
            <TextLine id="r1l43" custom="readingOrder {index:42;}">
                <Coords points="1050,2464 1085,2474 1126,2462 1154,2472 1255,2464 1274,2477 1286,2468 1308,2478 1337,2463 1359,2466 1360,2432 1278,2427 1240,2414 1231,2423 1155,2415 1051,2426"/>
                <Baseline points="1066,2463 1091,2461 1116,2461 1141,2460 1166,2459 1191,2460 1216,2460 1241,2461 1266,2463 1291,2464 1316,2466 1342,2467"/>
                <TextEquiv>
                    <Unicode>in Bromberg.</Unicode>
                </TextEquiv>
            </TextLine>
            <TextLine id="r1l44" custom="readingOrder {index:43;}">
                <Coords points="1820,2504 2994,2507 3053,2494 3053,2450 1819,2463"/>
                <Baseline points="1835,2501 1895,2501 1955,2501 2015,2501 2075,2501 2135,2501 2195,2501 2255,2501 2315,2500 2375,2500 2436,2500 2496,2500 2556,2499 2616,2499 2676,2499 2736,2499 2796,2499 2856,2499 2916,2499 2976,2498 3037,2499"/>
                <TextEquiv>
                    <Unicode>seits ein Hurra auf den Jubilar ausbrachte. Sodann besichti¬</Unicode>
                </TextEquiv>
            </TextLine>
            <TextLine id="r1l45" custom="readingOrder {index:44;}">
                <Coords points="1083,2518 1105,2525 1134,2519 1140,2525 1150,2516 1162,2523 1222,2517 1260,2524 1272,2515 1313,2516 1314,2472 1292,2465 1273,2477 1254,2464 1191,2470 1185,2463 1141,2469 1125,2462 1100,2478 1084,2477"/>
                <Baseline points="1100,2510 1128,2509 1156,2509 1184,2509 1213,2509 1241,2510 1269,2512 1298,2513"/>
                <TextEquiv>
                    <Unicode>(Schluß.)</Unicode>
                </TextEquiv>
            </TextLine>
            <TextLine id="r1l46" custom="readingOrder {index:45;}">
                <Coords points="1824,2541 2718,2556 3027,2539 3055,2495 1824,2504"/>
                <Baseline points="1839,2539 1902,2539 1965,2539 2028,2539 2091,2538 2154,2538 2217,2538 2280,2538 2343,2538 2406,2538 2470,2537 2533,2537 2596,2537 2659,2537 2722,2536 2785,2536 2848,2535 2911,2534 2974,2534 3038,2533"/>
                <TextEquiv>
                    <Unicode>der Kaiser noch das in einer Ecke der Bibliothek aufgestellte 6</Unicode>
                </TextEquiv>
            </TextLine>
            <TextLine id="r1l47" custom="readingOrder {index:46;}">
                <Coords points="594,2540 1821,2557 1821,2513 1768,2500 594,2515"/>
                <Baseline points="610,2556 669,2557 729,2557 789,2558 848,2558 908,2558 968,2559 1027,2559 1087,2559 1147,2559 1207,2559 1266,2559 1326,2559 1386,2559 1445,2559 1505,2559 1565,2558 1624,2558 1684,2558 1744,2557 1804,2557"/>
                <TextEquiv>
                    <Unicode>Über die Einrichtung einer solchen in der gestrigen Nummer</Unicode>
                </TextEquiv>
            </TextLine>
            <TextLine id="r1l48" custom="readingOrder {index:47;}">
                <Coords points="1819,2582 2952,2590 3034,2574 3034,2537 1819,2541"/>
                <Baseline points="1836,2578 1895,2577 1954,2577 2013,2577 2072,2577 2131,2577 2190,2578 2249,2578 2308,2578 2367,2579 2427,2579 2486,2579 2545,2580 2604,2580 2663,2579 2722,2579 2781,2578 2840,2577 2899,2575 2958,2574 3018,2572"/>
                <TextEquiv>
                    <Unicode>schenk der Offiziere des Generalstabs, eine Nachbildung d</Unicode>
                </TextEquiv>
            </TextLine>
            <TextLine id="r1l49" custom="readingOrder {index:48;}">
                <Coords points="528,2603 1815,2601 1815,2557 528,2553"/>
                <Baseline points="542,2598 604,2598 667,2598 730,2598 793,2598 856,2599 918,2599 981,2600 1044,2600 1107,2600 1170,2601 1232,2601 1295,2601 1358,2601 1421,2601 1484,2601 1546,2600 1609,2599 1672,2598 1735,2597 1798,2595"/>
                <TextEquiv>
                    <Unicode>beschriebenen Genossenschaft bestehen gesetzliche Vorschriften. Wie</Unicode>
                </TextEquiv>
            </TextLine>
            <TextLine id="r1l50" custom="readingOrder {index:49;}">
                <Coords points="1812,2616 2999,2624 3059,2608 3059,2568 1812,2587"/>
                <Baseline points="1828,2615 1888,2616 1949,2616 2010,2617 2070,2617 2131,2617 2192,2617 2252,2617 2313,2617 2374,2617 2435,2617 2495,2617 2556,2617 2617,2616 2677,2616 2738,2615 2799,2614 2859,2614 2920,2613 2981,2612 3042,2611"/>
                <TextEquiv>
                    <Unicode>Uphuesschen Moltkestandbildes in Marmor. Nachdem der Kai¬</Unicode>
                </TextEquiv>
            </TextLine>
            <TextLine id="r1l51" custom="readingOrder {index:50;}">
                <Coords points="533,2646 1779,2644 1817,2597 533,2599"/>
                <Baseline points="548,2636 610,2637 673,2638 736,2638 798,2639 861,2639 924,2640 986,2640 1049,2640 1112,2640 1175,2640 1237,2640 1300,2640 1363,2640 1425,2639 1488,2639 1551,2638 1613,2637 1676,2636 1739,2635 1802,2634"/>
                <TextEquiv>
                    <Unicode>sich die Statuten gestalten sollen, brauchen wir deshalb nicht</Unicode>
                </TextEquiv>
            </TextLine>
            <TextLine id="r1l52" custom="readingOrder {index:51;}">
                <Coords points="1820,2657 2875,2667 3019,2657 3060,2610 1820,2619"/>
                <Baseline points="1836,2654 1896,2654 1956,2655 2017,2655 2077,2655 2137,2656 2198,2656 2258,2656 2318,2656 2379,2656 2439,2656 2499,2656 2560,2656 2620,2655 2680,2655 2741,2654 2801,2653 2861,2651 2922,2649 2982,2648 3043,2645"/>
                <TextEquiv>
                    <Unicode>sich verabschiedet hatte, begann ein ununterbrochener Strom v#</Unicode>
                </TextEquiv>
            </TextLine>
            <TextLine id="r1l53" custom="readingOrder {index:52;}">
                <Coords points="530,2682 1823,2681 1823,2637 1688,2628 530,2637"/>
                <Baseline points="544,2675 607,2675 670,2676 733,2677 796,2677 859,2678 922,2678 985,2679 1048,2679 1111,2679 1175,2679 1238,2679 1301,2679 1364,2679 1427,2678 1490,2678 1553,2677 1616,2676 1679,2676 1742,2675 1806,2674"/>
                <TextEquiv>
                    <Unicode>weiter zu besprechen. Es fragt sich nur, auf welche Weise</Unicode>
                </TextEquiv>
            </TextLine>
            <TextLine id="r1l54" custom="readingOrder {index:53;}">
                <Coords points="1812,2698 2973,2700 3067,2678 3067,2630 1811,2654"/>
                <Baseline points="1827,2693 1888,2694 1949,2695 2010,2695 2072,2696 2133,2696 2194,2696 2255,2696 2317,2696 2378,2696 2439,2696 2500,2695 2562,2695 2623,2694 2684,2693 2745,2692 2807,2691 2868,2690 2929,2688 2990,2687 3052,2685"/>
                <TextEquiv>
                    <Unicode>Gratulanten, Abordnungen von Regimentern und Offizier</Unicode>
                </TextEquiv>
            </TextLine>
            <TextLine id="r1l55" custom="readingOrder {index:54;}">
                <Coords points="529,2719 2987,2741 3079,2680 529,2684"/>
                <Baseline points="545,2718 670,2714 796,2712 922,2711 1048,2711 1174,2712 1300,2713 1425,2715 1551,2718 1677,2721 1803,2723 1929,2726 2055,2729 2181,2731 2306,2733 2432,2734 2558,2734 2684,2733 2810,2732 2936,2729 3062,2724"/>
                <TextEquiv>
                    <Unicode>können die Wiesenbesitzer an der Netze zur aller Waffengattungen. Das Innere des Generalstabsgsbäud</Unicode>
                </TextEquiv>
            </TextLine>
            <TextLine id="r1l56" custom="readingOrder {index:55;}">
                <Coords points="533,2762 1795,2762 1817,2714 533,2718"/>
                <Baseline points="548,2749 610,2750 673,2751 736,2752 798,2752 861,2753 924,2753 986,2753 1049,2753 1112,2753 1175,2752 1237,2752 1300,2751 1363,2751 1425,2750 1488,2750 1551,2749 1613,2749 1676,2749 1739,2748 1802,2748"/>
                <TextEquiv>
                    <Unicode>Gründung einer Bewässerungsgenossenschaft</Unicode>
                </TextEquiv>
            </TextLine>
            <TextLine id="r1l57" custom="readingOrder {index:56;}">
                <Coords points="1815,2779 2971,2780 3081,2764 3081,2707 1815,2735"/>
                <Baseline points="1832,2770 1893,2769 1955,2769 2016,2769 2078,2770 2140,2770 2201,2770 2263,2770 2324,2771 2386,2771 2448,2771 2509,2771 2571,2771 2632,2771 2694,2770 2756,2770 2817,2769 2879,2768 2940,2767 3002,2766 3064,2764"/>
                <TextEquiv>
                    <Unicode>wies prächtigen Blumenschmuck auf. Vor dem Haupteingang w</Unicode>
                </TextEquiv>
            </TextLine>
            <TextLine id="r1l58" custom="readingOrder {index:57;}">
                <Coords points="529,2803 1665,2801 1816,2794 1816,2750 528,2750"/>
                <Baseline points="545,2790 607,2791 670,2791 733,2791 795,2791 858,2791 921,2791 983,2791 1046,2791 1109,2791 1172,2791 1234,2791 1297,2791 1360,2790 1422,2790 1485,2790 1548,2789 1610,2789 1673,2789 1736,2788 1799,2788"/>
                <TextEquiv>
                    <Unicode>vorgehen? Praktisch wird sich die Sache so gestalten müssen,</Unicode>
                </TextEquiv>
            </TextLine>
            <TextLine id="r1l59" custom="readingOrder {index:58;}">
                <Coords points="1817,2816 3083,2805 3041,2758 1817,2775"/>
                <Baseline points="1832,2810 1893,2809 1955,2809 2017,2809 2078,2809 2140,2809 2202,2808 2263,2808 2325,2808 2387,2808 2449,2808 2510,2807 2572,2807 2634,2807 2695,2806 2757,2805 2819,2805 2880,2804 2942,2803 3004,2802 3066,2801"/>
                <TextEquiv>
                    <Unicode>ein Doppelposten des ersten Gardeulanenregiments, dessen Kor</Unicode>
                </TextEquiv>
            </TextLine>
            <TextLine id="r1l60" custom="readingOrder {index:59;}">
                <Coords points="534,2834 1755,2841 1818,2832 1818,2769 534,2793"/>
                <Baseline points="550,2830 612,2830 675,2830 738,2830 800,2830 863,2830 926,2829 988,2829 1051,2829 1114,2828 1177,2828 1239,2828 1302,2827 1365,2827 1427,2827 1490,2827 1553,2826 1615,2826 1678,2826 1741,2826 1804,2826"/>
                <TextEquiv>
                    <Unicode>daß diejenigen Besitzer, welche zu einer Abteilung, zu einem</Unicode>
                </TextEquiv>
            </TextLine>
            <TextLine id="r1l61" custom="readingOrder {index:60;}">
                <Coords points="2891,2843 2923,2836 2939,2852 2986,2842 3011,2848 3039,2844 3052,2854 3071,2853 3070,2809 3051,2806 3033,2819 3023,2810 2963,2798 2954,2805 2891,2805"/>
                <Baseline points="2906,2840 2935,2840 2965,2838 2994,2838 3024,2838 3054,2839"/>
                <TextEquiv>
                    <Unicode>Aben</Unicode>
                </TextEquiv>
            </TextLine>
            <TextLine id="r1l62" custom="readingOrder {index:61;}">
                <Coords points="1817,2856 2871,2851 2871,2813 2833,2807 1817,2812"/>
                <Baseline points="1834,2849 1885,2849 1936,2849 1987,2849 2038,2849 2089,2849 2140,2850 2191,2850 2242,2850 2293,2850 2344,2849 2395,2849 2446,2849 2497,2849 2548,2848 2599,2848 2650,2847 2701,2846 2752,2845 2803,2844 2855,2843"/>
                <TextEquiv>
                    <Unicode>mandeur Graf Schlieffen gewesen war, aufgezogen.</Unicode>
                </TextEquiv>
            </TextLine>
            <TextLine id="r1l63" custom="readingOrder {index:62;}">
                <Coords points="538,2874 1797,2877 1819,2826 537,2830"/>
                <Baseline points="553,2865 615,2866 677,2867 740,2868 802,2868 865,2868 927,2868 990,2868 1052,2867 1115,2867 1177,2867 1239,2866 1302,2865 1364,2864 1427,2864 1489,2863 1552,2863 1614,2862 1677,2862 1739,2862 1802,2862"/>
                <TextEquiv>
                    <Unicode>Polder gehören, auch eine Genossenschaft bilden wenn man es</Unicode>
                </TextEquiv>
            </TextLine>
            <TextLine id="r1l64" custom="readingOrder {index:63;}">
                <Coords points="1817,2890 3057,2897 3076,2841 1817,2850"/>
                <Baseline points="1833,2885 1894,2885 1955,2886 2017,2886 2078,2886 2140,2886 2201,2886 2262,2886 2324,2886 2385,2886 2447,2886 2508,2885 2569,2885 2631,2885 2692,2884 2754,2883 2815,2883 2876,2882 2938,2881 2999,2880 3061,2879"/>
                <TextEquiv>
                    <Unicode>veranstaltete der Generalstab in der Kriegsakademie zu Ehr</Unicode>
                </TextEquiv>
            </TextLine>
            <TextLine id="r1l65" custom="readingOrder {index:64;}">
                <Coords points="527,2912 1795,2909 1817,2865 527,2874"/>
                <Baseline points="542,2906 605,2906 668,2906 731,2906 794,2906 857,2906 920,2906 983,2905 1046,2905 1109,2905 1172,2905 1235,2905 1298,2904 1361,2904 1424,2904 1487,2903 1550,2903 1613,2902 1676,2901 1739,2900 1802,2900"/>
                <TextEquiv>
                    <Unicode>nicht vorzieht, eine große Genossenschaft mit verschie¬</Unicode>
                </TextEquiv>
            </TextLine>
            <TextLine id="r1l66" custom="readingOrder {index:65;}">
                <Coords points="1814,2930 2957,2955 3092,2922 3073,2872 1814,2895"/>
                <Baseline points="1829,2925 1891,2926 1953,2926 2016,2927 2078,2927 2140,2927 2203,2927 2265,2926 2327,2925 2390,2925 2452,2924 2514,2923 2577,2923 2639,2922 2701,2921 2764,2921 2826,2921 2888,2921 2951,2921 3013,2922 3076,2923"/>
                <TextEquiv>
                    <Unicode>des Grafen Schlieffen ein Festmahl, an welchem der Kaise</Unicode>
                </TextEquiv>
            </TextLine>
            <TextLine id="r1l67" custom="readingOrder {index:66;}">
                <Coords points="521,2957 1814,2948 1814,2910 1644,2898 521,2907"/>
                <Baseline points="536,2946 599,2945 662,2945 725,2944 788,2944 852,2943 915,2943 978,2943 1041,2943 1104,2943 1168,2942 1231,2942 1294,2942 1357,2942 1420,2942 1484,2942 1547,2942 1610,2942 1673,2942 1736,2942 1800,2942"/>
                <TextEquiv>
                    <Unicode>denen Abteilungen zu bilden, was vielleicht gar nicht so übel wäre.</Unicode>
                </TextEquiv>
            </TextLine>
            <TextLine id="r1l68" custom="readingOrder {index:67;}">
                <Coords points="1811,2991 1849,2988 1855,2995 1890,2979 1899,2986 1912,2979 1984,2996 2006,2977 2041,2984 2041,2933 2006,2939 1991,2923 1975,2930 1811,2925"/>
                <Baseline points="1826,2963 1851,2964 1876,2965 1901,2965 1926,2966 1951,2966 1976,2966 2001,2965 2026,2965"/>
                <TextEquiv>
                    <Unicode>teilnahm.</Unicode>
                </TextEquiv>
            </TextLine>
            <TextLine id="r1l69" custom="readingOrder {index:68;}">
                <Coords points="526,2994 1823,2982 1822,2941 526,2947"/>
                <Baseline points="541,2984 604,2984 667,2984 730,2984 794,2983 857,2983 920,2983 984,2983 1047,2983 1110,2983 1174,2983 1237,2983 1300,2983 1363,2982 1427,2982 1490,2982 1553,2981 1617,2980 1680,2979 1743,2978 1807,2977"/>
                <TextEquiv>
                    <Unicode>Nun liegen zufällig die Wiesen einer Gemeinde beispielsweise</Unicode>
                </TextEquiv>
            </TextLine>
            <TextLine id="r1l70" custom="readingOrder {index:69;}">
                <Coords points="525,3033 1800,3029 1837,2969 525,2982"/>
                <Baseline points="541,3023 605,3022 669,3022 733,3022 797,3022 861,3021 925,3021 989,3021 1053,3021 1117,3021 1182,3021 1246,3021 1310,3020 1374,3020 1438,3020 1502,3020 1566,3020 1630,3019 1694,3019 1758,3019 1823,3018"/>
                <TextEquiv>
                    <Unicode>zum Teil im Polder I, zum Teil im Polder II. Aber das tut</Unicode>
                </TextEquiv>
            </TextLine>
            <TextLine id="r1l71" custom="readingOrder {index:70;}">
                <Coords points="520,3060 1832,3043 1804,3009 520,3016"/>
                <Baseline points="535,3064 599,3063 663,3062 727,3061 791,3061 855,3060 919,3060 983,3060 1047,3060 1111,3060 1176,3060 1240,3060 1304,3060 1368,3060 1432,3059 1496,3059 1560,3058 1624,3057 1688,3056 1752,3055 1817,3053"/>
                <TextEquiv>
                    <Unicode>nichts; es ist nichts weiter Unbequemes dabei, als daß diese Be¬</Unicode>
                </TextEquiv>
            </TextLine>
            <TextLine id="r1l72" custom="readingOrder {index:71;}">
                <Coords points="535,3104 1782,3107 1832,3094 1832,3044 535,3066"/>
                <Baseline points="550,3102 613,3101 676,3100 740,3100 803,3099 867,3099 930,3099 993,3099 1057,3099 1120,3099 1184,3099 1247,3099 1310,3098 1374,3098 1437,3098 1501,3097 1564,3097 1627,3096 1691,3095 1754,3093 1818,3092"/>
                <TextEquiv>
                    <Unicode>sitzer jedes Jahr einmal zur Generalversammlung in dem benach¬</Unicode>
                </TextEquiv>
            </TextLine>
            <TextLine id="r1l73" custom="readingOrder {index:72;}">
                <Coords points="521,3142 1840,3141 1817,3075 521,3097"/>
                <Baseline points="537,3141 601,3140 665,3140 730,3140 794,3139 858,3139 923,3139 987,3139 1051,3139 1116,3139 1180,3139 1244,3139 1309,3138 1373,3138 1437,3137 1502,3137 1566,3136 1630,3135 1695,3134 1759,3133 1824,3131"/>
                <TextEquiv>
                    <Unicode>barten Orte gehen. Das geschieht ja ganz gerne. Schwieriger</Unicode>
                </TextEquiv>
            </TextLine>
            <TextLine id="r1l74" custom="readingOrder {index:73;}">
                <Coords points="539,3183 1707,3188 1823,3174 1823,3134 539,3142"/>
                <Baseline points="554,3178 616,3178 679,3177 741,3177 804,3176 867,3176 929,3176 992,3176 1055,3175 1117,3175 1180,3175 1243,3175 1305,3175 1368,3175 1431,3174 1493,3174 1556,3174 1619,3173 1681,3173 1744,3172 1807,3172"/>
                <TextEquiv>
                    <Unicode>erscheinen die Gründungsverhandlungen. Aber es</Unicode>
                </TextEquiv>
            </TextLine>
            <TextLine id="r1l75" custom="readingOrder {index:74;}">
                <Coords points="523,3227 1734,3227 1838,3173 522,3176"/>
                <Baseline points="539,3218 603,3217 667,3217 731,3217 795,3216 859,3216 923,3216 988,3216 1052,3216 1116,3216 1180,3216 1244,3216 1308,3215 1372,3215 1437,3215 1501,3214 1565,3213 1629,3212 1693,3212 1757,3211 1822,3209"/>
                <TextEquiv>
                    <Unicode>scheint auch nur so; denn auch hier wird Entgegenkommen gern</Unicode>
                </TextEquiv>
            </TextLine>
            <TextLine id="r1l76" custom="readingOrder {index:75;}">
                <Coords points="530,3260 1830,3245 1829,3204 1722,3198 529,3223"/>
                <Baseline points="544,3258 607,3257 671,3256 734,3256 798,3255 861,3255 925,3255 988,3254 1052,3254 1115,3254 1179,3253 1243,3253 1306,3253 1370,3252 1433,3252 1497,3251 1560,3251 1624,3250 1687,3249 1751,3248 1815,3247"/>
                <TextEquiv>
                    <Unicode>bewiesen werden. Am besten nimmt der Gemeindevorsteher die</Unicode>
                </TextEquiv>
            </TextLine>
            <TextLine id="r1l77" custom="readingOrder {index:76;}">
                <Coords points="545,3298 1830,3287 1829,3243 1738,3241 545,3260"/>
                <Baseline points="560,3294 622,3294 685,3294 748,3294 810,3294 873,3294 936,3293 998,3293 1061,3293 1124,3292 1187,3292 1249,3291 1312,3291 1375,3290 1437,3290 1500,3289 1563,3288 1625,3287 1688,3286 1751,3285 1814,3284"/>
                <TextEquiv>
                    <Unicode>Angelegenheit in die Hand; denn in den Gemeinden an der Netze</Unicode>
                </TextEquiv>
            </TextLine>
            <TextLine id="r1l78" custom="readingOrder {index:77;}">
                <Coords points="540,3337 1537,3313 1827,3346 1846,3277 539,3296"/>
                <Baseline points="554,3334 617,3334 681,3333 745,3333 809,3333 872,3332 936,3332 1000,3332 1064,3332 1127,3332 1191,3332 1255,3332 1319,3331 1382,3331 1446,3331 1510,3330 1574,3329 1637,3329 1701,3328 1765,3327 1829,3325"/>
                <TextEquiv>
                    <Unicode>sind durchweg alle Einwohner auch Wiesenbesitzer so daß diese</Unicode>
                </TextEquiv>
            </TextLine>
            <TextLine id="r1l79" custom="readingOrder {index:78;}">
                <Coords points="527,3373 1786,3379 1833,3325 527,3335"/>
                <Baseline points="543,3374 606,3374 670,3373 733,3373 797,3373 861,3372 924,3372 988,3372 1052,3371 1115,3371 1179,3370 1243,3370 1306,3369 1370,3369 1434,3368 1497,3367 1561,3367 1625,3366 1688,3365 1752,3365 1816,3364"/>
                <TextEquiv>
                    <Unicode>Frage eigentlich auch eine öffentliche Angelegenheit des</Unicode>
                </TextEquiv>
            </TextLine>
            <TextLine id="r1l80" custom="readingOrder {index:79;}">
                <Coords points="528,3414 1831,3397 1717,3351 527,3373"/>
                <Baseline points="542,3412 605,3412 669,3411 733,3411 796,3411 860,3411 924,3410 987,3410 1051,3410 1115,3410 1179,3410 1242,3410 1306,3409 1370,3409 1433,3408 1497,3407 1561,3406 1624,3404 1688,3403 1752,3401 1816,3399"/>
                <TextEquiv>
                    <Unicode>Gemeindewohls ist. Der Gemeindevorsteher beruft nun zur Be¬</Unicode>
                </TextEquiv>
            </TextLine>
            <TextLine id="r1l81" custom="readingOrder {index:80;}">
                <Coords points="2554,3449 2583,3446 2603,3460 2634,3450 2659,3422 2673,3433 2706,3420 2730,3434 2752,3428 2737,3291 2705,3288 2634,3336 2609,3364 2547,3377"/>
                <Baseline points="2570,3436 2597,3428 2625,3422 2652,3418 2680,3417 2707,3417 2735,3417"/>
                <TextEquiv>
                    <Unicode>2</Unicode>
                </TextEquiv>
            </TextLine>
            <TextLine id="r1l82" custom="readingOrder {index:81;}">
                <Coords points="2331,3420 2347,3420 2356,3429 2375,3429 2385,3439 2394,3436 2416,3442 2422,3436 2441,3436 2442,3367 2385,3373 2376,3379 2363,3379 2350,3391 2331,3391"/>
                <Baseline points="2348,3432 2374,3429 2400,3430 2426,3432"/>
                <TextEquiv>
                    <Unicode></Unicode>
                </TextEquiv>
            </TextLine>
            <TextLine id="r1l83" custom="readingOrder {index:82;}">
                <Coords points="526,3460 1732,3453 1829,3436 1829,3399 526,3413"/>
                <Baseline points="543,3448 606,3448 670,3447 733,3447 797,3447 860,3447 924,3447 987,3447 1051,3448 1114,3448 1178,3448 1242,3448 1305,3448 1369,3448 1432,3447 1496,3447 1559,3446 1623,3445 1686,3443 1750,3441 1814,3438"/>
                <TextEquiv>
                    <Unicode>sprechung an einem Sonntag=Nachmittage die Besitzer zusam¬</Unicode>
                </TextEquiv>
            </TextLine>
            <TextLine id="r1l84" custom="readingOrder {index:83;}">
                <Coords points="527,3495 1824,3483 1823,3439 527,3451"/>
                <Baseline points="542,3488 605,3486 668,3485 731,3485 795,3484 858,3484 921,3484 985,3484 1048,3484 1111,3484 1175,3485 1238,3485 1301,3485 1364,3485 1428,3485 1491,3484 1554,3483 1618,3482 1681,3481 1744,3479 1808,3477"/>
                <TextEquiv>
                    <Unicode>men und überlegt mit ihnen, ob sie mit einer Genossenschafts¬</Unicode>
                </TextEquiv>
            </TextLine>
            <TextLine id="r1l85" custom="readingOrder {index:84;}">
                <Coords points="2425,3537 2456,3539 2475,3523 2487,3526 2497,3522 2500,3526 2509,3516 2528,3519 2527,3474 2508,3478 2489,3475 2486,3479 2483,3476 2471,3489 2455,3486 2449,3492 2446,3489 2424,3493"/>
                <Baseline points="2440,3518 2476,3514 2512,3516"/>
                <TextEquiv>
                    <Unicode></Unicode>
                </TextEquiv>
            </TextLine>
            <TextLine id="r1l86" custom="readingOrder {index:85;}">
                <Coords points="523,3540 1832,3530 1813,3473 522,3490"/>
                <Baseline points="537,3528 604,3528 671,3527 738,3527 806,3526 873,3526 940,3525 1008,3525 1075,3524 1142,3523 1210,3523 1277,3522 1344,3522 1412,3521 1479,3521 1546,3520 1614,3520 1681,3519 1748,3519 1816,3518"/>
                <TextEquiv>
                    <Unicode>gründung einverstanden seien. Bei dieser Besprechung werden</Unicode>
                </TextEquiv>
            </TextLine>
            <TextLine id="r1l87" custom="readingOrder {index:86;}">
                <Coords points="2646,3564 2665,3564 2678,3551 2728,3563 2759,3546 2785,3546 2832,3573 2845,3564 2895,3566 2894,3494 2843,3488 2787,3508 2752,3487 2692,3484 2645,3501"/>
                <Baseline points="2662,3548 2689,3545 2716,3544 2743,3543 2771,3543 2798,3543 2825,3543 2852,3543 2880,3542"/>
                <TextEquiv>
                    <Unicode> </Unicode>
                </TextEquiv>
            </TextLine>
            <TextLine id="r1l88" custom="readingOrder {index:87;}">
                <Coords points="2391,3570 2412,3563 2444,3574 2469,3564 2479,3573 2497,3562 2516,3565 2532,3555 2560,3554 2557,3488 2517,3499 2505,3512 2483,3509 2449,3530 2439,3530 2417,3512 2388,3513"/>
                <Baseline points="2405,3547 2432,3551 2460,3551 2488,3549 2516,3546 2544,3544"/>
                <TextEquiv>
                    <Unicode></Unicode>
                </TextEquiv>
            </TextLine>
            <TextLine id="r1l89" custom="readingOrder {index:88;}">
                <Coords points="525,3572 1784,3570 1831,3528 525,3531"/>
                <Baseline points="540,3566 603,3566 667,3566 731,3566 795,3566 859,3566 922,3566 986,3566 1050,3566 1114,3566 1178,3565 1241,3565 1305,3565 1369,3564 1433,3563 1497,3562 1560,3562 1624,3560 1688,3559 1752,3557 1816,3556"/>
                <TextEquiv>
                    <Unicode>ohne Zweifel die verschiedensten Ansichten zu tage kommen. Es</Unicode>
                </TextEquiv>
            </TextLine>
            <TextLine id="r1l90" custom="readingOrder {index:89;}">
                <Coords points="513,3608 1495,3618 1803,3604 1828,3563 512,3567"/>
                <Baseline points="528,3605 592,3605 656,3604 720,3604 785,3604 849,3604 913,3604 978,3604 1042,3604 1106,3603 1171,3603 1235,3603 1299,3603 1363,3602 1428,3602 1492,3601 1556,3601 1621,3600 1685,3599 1749,3598 1814,3597"/>
                <TextEquiv>
                    <Unicode>werden eine ganze Reihe von Fragen gestellt werden, für die der</Unicode>
                </TextEquiv>
            </TextLine>
            <TextLine id="r1l91" custom="readingOrder {index:90;}">
                <Coords points="1059,3634 1846,3656 1847,3609 1810,3598 1060,3590"/>
                <Baseline points="1074,3617 1111,3618 1149,3620 1187,3622 1225,3624 1263,3626 1300,3628 1338,3629 1376,3631 1414,3632 1452,3633 1489,3635 1527,3635 1565,3636 1603,3637 1641,3637 1678,3637 1716,3637 1754,3637 1792,3636 1830,3635"/>
                <TextEquiv>
                    <Unicode>on Grun#e.“ Manche Fragen können</Unicode>
                </TextEquiv>
            </TextLine>
            <TextLine id="r1l92" custom="readingOrder {index:91;}">
                <Coords points="2381,3655 2582,3668 2612,3647 2692,3681 2750,3659 2796,3674 2801,3596 2696,3615 2638,3583 2614,3603 2586,3602 2566,3578 2387,3564"/>
                <Baseline points="2398,3625 2423,3629 2449,3633 2474,3636 2500,3639 2526,3641 2551,3643 2577,3645 2602,3646 2628,3647 2654,3648 2679,3649 2705,3649 2730,3650 2756,3650 2782,3651"/>
                <TextEquiv>
                    <Unicode></Unicode>
                </TextEquiv>
            </TextLine>
            <TextEquiv>
                <Unicode>box 2175
16.1. Lebendige Stunden— Z#kius
„
*
I
N
N
General=Anzeiger für Posen und
Hierzu das tägliche Unterhaltungsblatt
P
De Ouveniche Aindschen erschein Aglich mi nsnahmne den aunf die Sonm
Der Hausfreund,
und Festtage folgenden Tages. Der vorauszahlbare Bezugspreis beträgt
die Sonntagsbeilage
für Bromberg und die Vororte in der Geschäftsstelle und den Ausgabestellen
vierteljährlich 1,50 Mk., monatlich 50 Pf., mit Bringerlohn vierteljährlich
1,75 Mk., monatlich 60 Pf. Alle Postanstalten und Briefträger nehmen
Illustriertes Familienblatt,
Bestellungen zum Preise von 1,50 Mk., mit Bestellgeld (durch den Briefträger
die landwirtschaftliche Beilage
ins Haus gebracht) 1,92 Mk. vierteljährlich entgegen.
Der Ostmärker
und
Ueber 15000 Abonnenten
Verlosangsliste.
notariell bealaubiat.
K
Bromberg, Freitag den 3. Apri
Nr. 20.
   


   
Schlieffen ein. Der Kaiser hielt eine kürze Ansprache an den
* Gründung von Bewässerungs¬
bilar, dessen Verdienste um das Heer er mit warmen Worten !
vorhob und zugleich ankündigte, daß er ihm das Großkomturkr
genossenschaften an der unteren Retze.
des Hausordens von Hohenzollern mit der Kette verleihe. Ol
Von Dr. Wilsing, Vorsteher der Provinzialwiesenbauschule
quartiermeister General Beseler hielt ebenfalls eine Anspra
Graf Schlieffen dankte mit einem Hurra auf den Kaiser, der sein
in Bromberg.
seits ein Hurra auf den Jubilar ausbrachte. Sodann besichti¬
(Schluß.)
der Kaiser noch das in einer Ecke der Bibliothek aufgestellte 6
Über die Einrichtung einer solchen in der gestrigen Nummer
schenk der Offiziere des Generalstabs, eine Nachbildung d
beschriebenen Genossenschaft bestehen gesetzliche Vorschriften. Wie
Uphuesschen Moltkestandbildes in Marmor. Nachdem der Kai¬
sich die Statuten gestalten sollen, brauchen wir deshalb nicht
sich verabschiedet hatte, begann ein ununterbrochener Strom v#
weiter zu besprechen. Es fragt sich nur, auf welche Weise
Gratulanten, Abordnungen von Regimentern und Offizier
können die Wiesenbesitzer an der Netze zur aller Waffengattungen. Das Innere des Generalstabsgsbäud
Gründung einer Bewässerungsgenossenschaft
wies prächtigen Blumenschmuck auf. Vor dem Haupteingang w
vorgehen? Praktisch wird sich die Sache so gestalten müssen,
ein Doppelposten des ersten Gardeulanenregiments, dessen Kor
daß diejenigen Besitzer, welche zu einer Abteilung, zu einem
Aben
mandeur Graf Schlieffen gewesen war, aufgezogen.
Polder gehören, auch eine Genossenschaft bilden wenn man es
veranstaltete der Generalstab in der Kriegsakademie zu Ehr
nicht vorzieht, eine große Genossenschaft mit verschie¬
des Grafen Schlieffen ein Festmahl, an welchem der Kaise
denen Abteilungen zu bilden, was vielleicht gar nicht so übel wäre.
teilnahm.
Nun liegen zufällig die Wiesen einer Gemeinde beispielsweise
zum Teil im Polder I, zum Teil im Polder II. Aber das tut
nichts; es ist nichts weiter Unbequemes dabei, als daß diese Be¬
sitzer jedes Jahr einmal zur Generalversammlung in dem benach¬
barten Orte gehen. Das geschieht ja ganz gerne. Schwieriger
erscheinen die Gründungsverhandlungen. Aber es
scheint auch nur so; denn auch hier wird Entgegenkommen gern
bewiesen werden. Am besten nimmt der Gemeindevorsteher die
Angelegenheit in die Hand; denn in den Gemeinden an der Netze
sind durchweg alle Einwohner auch Wiesenbesitzer so daß diese
Frage eigentlich auch eine öffentliche Angelegenheit des
Gemeindewohls ist. Der Gemeindevorsteher beruft nun zur Be¬
2

sprechung an einem Sonntag=Nachmittage die Besitzer zusam¬
men und überlegt mit ihnen, ob sie mit einer Genossenschafts¬

gründung einverstanden seien. Bei dieser Besprechung werden
 

ohne Zweifel die verschiedensten Ansichten zu tage kommen. Es
werden eine ganze Reihe von Fragen gestellt werden, für die der
on Grun#e.“ Manche Fragen können
</Unicode>
            </TextEquiv>
        </TextRegion>
    </Page>
</PcGts>
