3436 4224
289 141 1959 236 16.1. Lebendige Stunden—zyklus
753 992 1220 1091 Telephon 12801.
1199 1043 1239 1091 —
376 1102 1615 1177 Alex. Weigl’s Unternehmen für Zeitungs-Ausschnitte
1390 1171 1624 1240 Ausschnitt
1181 1178 1330 1274 D7
336 1209 547 1306 105
604 1215 1219 1313 „SBSEN VET
1431 1228 1680 1322 Nr. 74
269 1311 1710 1387 I. österr. behördl. conc. Bureau für Zeitungsberichte u. Personalnachrichten
482 1356 1493 1453 Wien, IX/1, Tünkenstrasse 17.
661 1431 1311 1513 Filiale in Budapest: „Figyelö“ -
257 1492 1722 1575 Vertretungen in Berlin, Chicago, Genf, London, Newyork, Paris, Rom, Stockholm.
248 1575 1781 1700 Rass as Cal Tat 2
237 1706 1208 1855 ser 17/70 en¬
627 2059 1573 2123 Das Berkiner Deutsche Theater, unter der
514 2076 1574 2174 Direction Dr. Brahms, erweckt auch bei seinem dies¬
524 2145 1570 2196 jährigen Gastspiel im Carl=Theater ein ernstes Inter¬
521 2186 1581 2244 esse. Am ersten Abend, am 6. d. M., bekamen wir vier
525 2222 1568 2278 Einacter Arthur Schnitzlers, „Lebendige Stunden“,
522 2275 1578 2323 „Die Frau mit dem Dolche“, „Die letzten
526 2309 1578 2363 Masken“ und „Literatur“, zu sehen. Diese Arbeiten
523 2346 1574 2412 Schnitzlers hatte man bisher in Wien nicht gekannt. Der
520 2388 1571 2434 Dichter zeigt sich auch in diesen Stücken von überwälti¬
527 2428 1581 2489 gender Gefühls= und Gedankentiefe, aber er beantwortet die
536 2464 1273 2518 Fragen nicht, welche er vor uns aufwirft.
1352 2473 1575 2526 Die zweite
533 2500 1576 2563 Novität für Wien, welche die Mitglieder des Deutschen
536 2540 1575 2613 Theaters zur Aufführung brachten, war Hayermans See¬
245 2539 364 2619 Für
362 2533 523 2606 50 Zei
532 2578 1668 2639 stück „Die Hoffnung“, ein düsteres, von erassestem isive
361 2589 472 2643 100
530 2615 1635 2687 Naturalismus erfülltes Gemälde holländischen Fischerelends. cto.
359 2630 478 2677 200
527 2654 1661 2705 Das Stück ist eigentlich ohne jeden dramatischen Inhalt. lbar
348 2669 470 2728 500
519 2691 1672 2760 Der Aufbau ist roh gezimmert wie eine nordische Fischer=braus.
326 2705 465 2763 1000
288 2722 337 2773 „
537 2737 1703 2819 hütte, die Sprache derb, ja rauh, und doch legt sich das st das
363 2750 528 2814 Im Ge
535 2781 1698 2868 ganze bedrückend auf die Seele. Die Mitglieder des#s den
254 2783 514 2849 Abonnement
528 2822 1561 2873 Deutschen Theaters verstanden sowohl Schnitzlers Arbeiten,
261 2836 1578 2930 Abonnenten I wie auch Hayermanns Stück zur vollsten Wirkung zu bringen.
514 2908 1702 2990 Besonders Herr Bassermann mit seiner verblüffenden ind die
364 2908 444 2971 De
504 2958 1687 3025 Genialität, seiner meisterhaften Charakteristik, die allein nur rgon¬
246 2937 512 3014 Inhaltsangab
246 2997 1693 3055 Eblätter“ noch ein Novelli besitzt, erweckte wahre Beifallsstürme. Herr jtung“)
505 3024 1695 3099 Reinhardt interessiert lebhaft durch die Klarheit seiner iftliche
258 3040 1685 3135 wodurch eine Darstellungsweise. Aber auch die Damen Lehmann, se Mit¬
258 3073 500 3129 Leben des
500 3113 1549 3181 v. Poellnitz. Heims, Eberty und Reibner, sowie
259 3114 491 3184 theilungen
495 3127 1553 3220 die Herren Rittner, Köhler und Kaysler sind
497 3168 954 3243 Künstler von Bedeutung.
585 3208 1358 3269 Prospecre gtaris und fnanco.
2107 152 2558 241 box 21/3
2372 1063 2838 1149 Telephon 12801.
1978 1149 3210 1251 Alex, Weigl’s Unternehmen für Zeitungs-Ausschnitte
2926 1221 3230 1303 Ausschnitt
2223 1239 2903 1371 „OBSERYER“
3042 1272 3301 1370 Nr. 99
1883 1356 3322 1424 I. österr. behördl. conc. Bureau für Zeitungsberichte u. Personalnachrichten
2096 1417 3112 1510 Wien, IX/1, Tünkenstrasse 17.
2275 1486 2935 1570 — Filiale in Budapest: „Figyelö“ —
1879 1543 3334 1630 Vertretungen in Berlin, Chicago, Genf, London, Newyork, Paris, Rom, Stockhelm.
1868 1686 3325 1809 Ausschnitt aus: AbdatmetWien.
1869 1809 2594 1944 ss. 35 1001
2002 1996 2287 2090 Shehgrtwat
2070 2045 3034 2138 m Carltheater hatte bei Beginn' der Saison
2002 2119 3023 2188 „Der Damenschneidere von Millöcker einen mässigen Er¬
2002 2168 3031 2233 folg, dann fiel Zamara’s rDrbatantina trotz der hübschen
2007 2233 3032 2290 Musik des langweiligen Buches wegen durch. „Das süsse
2013 2261 3033 2324 Mädels wurde 150mal gegeben, die heutigen Directoren
2002 2318 3025 2389 begnügen sich eben mit geringen Einnahmen. sDis ge¬
2007 2379 3032 2436 wisse Etwase — war von Weinberger, das sagt Alles!
1997 2417 3020 2480 Darauf machte das Publicum die sehr angenehme Be¬
2004 2466 3022 2518 kanntschaft des Fräulein Küry, welche hoffentlich recht
2009 2511 3030 2570 bald wiederkommen wird, und zum Schluss kam das
2007 2555 3011 2636 Ensemble des Deutschen Theaters in Berlin, dessen Be¬
1870 2595 1987 2669 Für
2004 2607 3024 2667 such ein viel willko nmenerer gewesen,mäte Wenn es uns
3092 2615 3299 2701 inclusive
2005 2655 3061 2738 die „Lebendigen Stunden Herrn Schnitzler und 1
3105 2675 3266 2725 Porto.
3139 2713 3286 2762 ahlbar
2006 2698 3027 2797 #Hoslhunge des nsocis-Hevermans nicht versetzt hätte.““
1902 2737 1968 2793 „
2857 2744 3311 2827 200.— im Voraus.
1965 2741 2101 2830 1000
2622 2775 2685 2832 „
1997 2813 3321 2871 Im Gegensatze zu anderen Bureaux für Zeitungsausschnitte ist das
1873 2870 2933 2913 Abonnement durch keine bestimmte Zeitdauer begrenzt;
2956 2862 3321 2926 auch steht es den
1878 2896 3208 2958 Abonnenten frei die aufgegebenen Themen zu ergänzen oder zu ändern.
1987 2982 3317 3036 Der „OBSERVER“ veranstaltet täglich einen Auszug enthaltend die
1879 3022 3322 3062 Inhaltsangabe aller wichtigen Mittheilungen der Wiener Morgen¬
1875 3054 3316 3108 blätter (Tagesjournale ausser „Neue Freie Presse“ und Wiener Zeitung“)
1884 3089 3317 3152 wodurch eine Uebersicht über das gesammte politische und wirthschaftliche
1870 3141 3319 3199 Leben des In- und Auslandes in drastischer Kürze geboten wird. Diese Mit¬
1869 3180 2922 3248 theilungen werden in Wien um 9 Uhr Früh verschickt.
