<?xml version="1.0" encoding="UTF-8" standalone="yes"?>
<PcGts xmlns="http://schema.primaresearch.org/PAGE/gts/pagecontent/2013-07-15" xmlns:xsi="http://www.w3.org/2001/XMLSchema-instance" xsi:schemaLocation="http://schema.primaresearch.org/PAGE/gts/pagecontent/2013-07-15 http://schema.primaresearch.org/PAGE/gts/pagecontent/2013-07-15/pagecontent.xsd">
    <Metadata>
        <Creator>prov=University of Rostock/Institute of Mathematics/CITlab/Gundram Leifert/gundram.leifert@uni-rostock.de:name=ONB_Newseye_GT_M1+(htr_id=10810)::::v=2.4.2
prov=University of Rostock/Institute of Mathematics/CITlab/Tobias Gruening/tobias.gruening@uni-rostock.de:name=de.uros.citlab.module.baseline2polygon.B2PSeamMultiOriented:v=2.4.2
prov=University of Rostock/Institute of Mathematics/CITlab/Tobias Gruening/tobias.gruening@uni-rostock.de:name=/mnt/transkribus/LA/DEA/URO/LA_news_onb_att.pb:de.uros.citlab.segmentation.CITlab_LA_ML:v=2.4.2
Transkribus</Creator>
        <Created>2019-10-07T11:36:38.106+02:00</Created>
        <LastChange>2019-10-08T20:26:46.780+02:00</LastChange>
        <TranskribusMetadata docId="223975" pageId="9502906" pageNr="632" tsid="16608880" status="IN_PROGRESS" userId="40391" imgUrl="https://files.transkribus.eu/Get?id=YKJZXTDMKBBHMEQZSSPXGABG&amp;fileType=view" xmlUrl="https://files.transkribus.eu/Get?id=CJTPQMTCZSELGCTEYNGLGVSH" imageId="6193120"/>
    </Metadata>
    <Page imageFilename="223975_0632.jpeg" imageWidth="3484" imageHeight="4224">
        <ReadingOrder>
            <OrderedGroup id="ro_1711450014773" caption="Regions reading order">
                <RegionRefIndexed index="0" regionRef="r1"/>
            </OrderedGroup>
        </ReadingOrder>
        <TextRegion orientation="0.0" id="r1" custom="readingOrder {index:0;}">
            <Coords points="275,223 275,4169 3105,4169 3105,223"/>
            <TextLine id="r1l1" custom="readingOrder {index:0;}">
                <Coords points="1801,254 1839,256 1847,250 1863,255 1892,252 1908,236 1921,236 1921,206 1907,206 1889,196 1881,204 1867,204 1859,196 1841,205 1800,197"/>
                <Baseline points="1814,245 1845,246 1876,246 1908,243"/>
                <TextEquiv>
                    <Unicode>us</Unicode>
                </TextEquiv>
            </TextLine>
            <TextLine id="r1l2" custom="readingOrder {index:1;}">
                <Coords points="261,263 2427,243 2319,182 1878,241 1723,185 260,196"/>
                <Baseline points="275,252 381,256 488,259 595,262 702,264 809,265 916,266 1023,266 1130,266 1237,265 1344,264 1450,263 1557,261 1664,260 1771,258 1878,256 1985,254 2092,252 2199,250 2306,248 2413,246"/>
                <TextEquiv>
                    <Unicode>16.1. Lebendige Stundenzyk##. box 21/5</Unicode>
                </TextEquiv>
            </TextLine>
            <TextLine id="r1l3" custom="readingOrder {index:2;}">
                <Coords points="2724,597 3106,589 3106,531 3061,520 3042,531 2994,514 2935,525 2919,512 2858,509 2796,528 2724,511"/>
                <Baseline points="2738,567 2763,568 2788,569 2814,570 2839,570 2865,570 2890,570 2916,570 2941,570 2966,569 2992,569 3017,569 3043,569 3068,569 3094,570"/>
                <TextEquiv>
                    <Unicode>Telephon 1280</Unicode>
                </TextEquiv>
            </TextLine>
            <TextLine id="r1l4" custom="readingOrder {index:3;}">
                <Coords points="1179,640 1238,653 1580,660 1581,607 1518,575 1181,589"/>
                <Baseline points="1194,625 1220,626 1247,627 1274,628 1300,629 1327,630 1354,631 1381,631 1407,632 1434,632 1461,634 1487,634 1514,635 1541,636 1568,637"/>
                <TextEquiv>
                    <Unicode>Telephon 12801.</Unicode>
                </TextEquiv>
            </TextLine>
            <TextLine id="r1l5" custom="readingOrder {index:4;}">
                <Coords points="1992,675 2011,676 2024,671 2038,672 2041,675 2054,673 2046,607 2025,609 2001,636 1988,638"/>
                <Baseline points="2006,670 2040,666"/>
                <TextEquiv>
                    <Unicode>8</Unicode>
                </TextEquiv>
            </TextLine>
            <TextLine id="r1l6" custom="readingOrder {index:5;}">
                <Coords points="1969,740 2842,785 3070,778 3119,723 2964,688 2822,734 2753,684 2635,712 2499,680 2389,737 2256,684 1970,692"/>
                <Baseline points="1981,729 2037,734 2093,738 2149,742 2205,744 2262,747 2318,749 2374,752 2430,753 2486,754 2543,755 2599,756 2655,756 2711,756 2767,756 2824,756 2880,755 2936,754 2992,754 3048,753 3105,752"/>
                <TextEquiv>
                    <Unicode>2 ammn KeTnratinresamn</Unicode>
                </TextEquiv>
            </TextLine>
            <TextLine id="r1l7" custom="readingOrder {index:6;}">
                <Coords points="496,807 1487,852 1560,835 1562,790 1496,758 1308,761 1270,792 1167,748 1109,795 1031,744 902,743 839,786 702,736 498,751"/>
                <Baseline points="510,793 561,794 613,795 665,796 717,798 769,800 820,802 872,805 924,807 976,809 1028,812 1079,814 1131,816 1183,818 1235,819 1287,820 1338,821 1390,821 1442,820 1494,819 1546,817"/>
                <TextEquiv>
                    <Unicode>Mimi Weirerrrerresntg</Unicode>
                </TextEquiv>
            </TextLine>
            <TextLine id="r1l8" custom="readingOrder {index:7;}">
                <Coords points="1974,810 3027,844 3107,831 3108,780 1974,778"/>
                <Baseline points="1988,805 2043,807 2098,808 2153,809 2209,810 2264,811 2319,812 2374,812 2430,813 2485,813 2540,813 2595,814 2651,814 2706,814 2761,814 2816,815 2872,815 2927,816 2982,817 3037,817 3093,818"/>
                <TextEquiv>
                    <Unicode>O l. österr. behördl. konz. Unternehmen für Zeitungs-Ausschnit</Unicode>
                </TextEquiv>
            </TextLine>
            <TextLine id="r1l9" custom="readingOrder {index:8;}">
                <Coords points="413,827 426,827 435,835 440,829 450,829 456,823 507,827 504,758 483,758 475,764 456,759 446,770 430,763 411,766"/>
                <Baseline points="426,818 460,816 494,816"/>
                <TextEquiv>
                    <Unicode>—</Unicode>
                </TextEquiv>
            </TextLine>
            <TextLine id="r1l10" custom="readingOrder {index:9;}">
                <Coords points="1989,850 2043,853 2051,845 2064,845 2064,807 2048,807 2040,813 1989,810"/>
                <Baseline points="2002,848 2027,847 2052,848"/>
                <TextEquiv>
                    <Unicode>6</Unicode>
                </TextEquiv>
            </TextLine>
            <TextLine id="r1l11" custom="readingOrder {index:10;}">
                <Coords points="411,853 1574,887 1526,845 412,821"/>
                <Baseline points="424,855 480,857 537,859 594,861 651,863 707,864 764,866 821,867 878,868 934,870 991,871 1048,872 1105,874 1161,875 1218,877 1275,878 1332,880 1388,881 1445,883 1502,885 1559,887"/>
                <TextEquiv>
                    <Unicode>□ l. österr. behördl. konz. Unternehmen für Zeitungs-Ausschnitte</Unicode>
                </TextEquiv>
            </TextLine>
            <TextLine id="r1l12" custom="readingOrder {index:11;}">
                <Coords points="2134,873 2219,908 2845,918 2987,912 3032,899 3033,864 2977,837 2482,826 2429,855 2389,822 2338,854 2135,827"/>
                <Baseline points="2148,880 2191,881 2235,883 2278,884 2322,885 2366,885 2409,886 2453,886 2496,887 2540,887 2584,888 2627,888 2671,888 2714,888 2758,889 2802,889 2845,890 2889,890 2932,891 2976,892 3020,893"/>
                <TextEquiv>
                    <Unicode>Wien, I., Concordiaplatz 4.</Unicode>
                </TextEquiv>
            </TextLine>
            <TextLine id="r1l13" custom="readingOrder {index:12;}">
                <Coords points="1990,941 2017,940 2030,946 2036,944 2046,950 2052,947 2065,948 2069,890 2056,889 2047,893 2042,890 2013,888 2007,891 1994,890"/>
                <Baseline points="2006,923 2053,926"/>
                <TextEquiv>
                    <Unicode>4</Unicode>
                </TextEquiv>
            </TextLine>
            <TextLine id="r1l14" custom="readingOrder {index:13;}">
                <Coords points="574,942 1149,956 1183,979 1387,958 1421,983 1453,976 1455,925 1365,890 576,886"/>
                <Baseline points="588,928 630,931 673,934 715,936 758,937 801,939 843,940 886,941 929,942 971,943 1014,943 1057,944 1099,945 1142,946 1185,946 1227,948 1270,949 1313,952 1355,954 1398,957 1441,961"/>
                <TextEquiv>
                    <Unicode>Wien, I., Concordiaplatz 4.</Unicode>
                </TextEquiv>
            </TextLine>
            <TextLine id="r1l15" custom="readingOrder {index:14;}">
                <Coords points="2359,939 2447,965 2479,949 2690,967 2712,951 2808,955 2809,910 2790,907 2360,907"/>
                <Baseline points="2373,938 2399,939 2425,941 2452,942 2478,942 2505,943 2531,944 2558,945 2584,945 2610,946 2637,946 2663,946 2690,947 2716,947 2743,947 2769,946 2796,946"/>
                <TextEquiv>
                    <Unicode>Vertretungen</Unicode>
                </TextEquiv>
            </TextLine>
            <TextLine id="r1l16" custom="readingOrder {index:15;}">
                <Coords points="1988,1020 2441,988 3034,1018 3106,1003 3107,952 1989,940"/>
                <Baseline points="2001,990 2055,990 2110,990 2164,990 2219,991 2274,991 2328,992 2383,992 2438,993 2492,993 2547,994 2602,995 2656,995 2711,996 2766,996 2820,996 2875,996 2930,996 2984,995 3039,994 3094,993"/>
                <TextEquiv>
                    <Unicode>∆ in Berlin, Budapest, Chicago, Christiania, Genf, Koper</Unicode>
                </TextEquiv>
            </TextLine>
            <TextLine id="r1l17" custom="readingOrder {index:16;}">
                <Coords points="796,1017 946,1005 967,1021 1243,1021 1244,975 798,960"/>
                <Baseline points="811,996 837,996 863,996 889,997 915,997 941,998 968,999 994,999 1020,1000 1046,1001 1072,1002 1099,1003 1125,1004 1151,1004 1177,1005 1203,1005 1230,1006"/>
                <TextEquiv>
                    <Unicode>Vertretungen</Unicode>
                </TextEquiv>
            </TextLine>
            <TextLine id="r1l18" custom="readingOrder {index:17;}">
                <Coords points="1963,1046 3105,1032 3105,1002 1964,984"/>
                <Baseline points="1977,1035 2032,1032 2088,1031 2144,1030 2200,1029 2256,1029 2311,1029 2367,1029 2423,1030 2479,1030 2535,1031 2590,1032 2646,1033 2702,1034 2758,1034 2814,1035 2869,1035 2925,1035 2981,1034 3037,1033 3093,1031"/>
                <TextEquiv>
                    <Unicode>hagen, London, Madrid, Mailand, Minneapolis, New-Vor</Unicode>
                </TextEquiv>
            </TextLine>
            <TextLine id="r1l19" custom="readingOrder {index:18;}">
                <Coords points="442,1041 1468,1086 1551,1077 1552,1032 443,987"/>
                <Baseline points="454,1036 508,1038 562,1039 616,1041 670,1042 725,1044 779,1045 833,1047 887,1049 941,1050 996,1051 1050,1053 1104,1054 1158,1056 1212,1057 1267,1058 1321,1059 1375,1060 1429,1061 1483,1062 1538,1063"/>
                <TextEquiv>
                    <Unicode>0 in Berlin, Budapest, Chicago, Christiania, Genf, Kopen¬</Unicode>
                </TextEquiv>
            </TextLine>
            <TextLine id="r1l20" custom="readingOrder {index:19;}">
                <Coords points="2066,1057 2157,1083 2269,1081 2304,1055 2381,1086 2678,1068 2785,1091 2818,1046 2066,1033"/>
                <Baseline points="2080,1065 2116,1066 2152,1066 2188,1067 2224,1068 2261,1068 2297,1069 2333,1070 2369,1070 2405,1071 2442,1071 2478,1072 2514,1072 2550,1073 2586,1073 2623,1074 2659,1074 2695,1074 2731,1074 2767,1074 2804,1074"/>
                <TextEquiv>
                    <Unicode>Paris, Rom San Francisco, Stockhel,</Unicode>
                </TextEquiv>
            </TextLine>
            <TextLine id="r1l21" custom="readingOrder {index:20;}">
                <Coords points="2871,1077 2924,1079 2951,1108 3051,1108 3061,1117 3094,1098 3108,1099 3113,1033 3095,1029 3067,1042 2987,1036 2930,1045 2874,1037"/>
                <Baseline points="2884,1073 2910,1073 2937,1075 2963,1078 2990,1082 3016,1085 3043,1087 3069,1087 3096,1084"/>
                <TextEquiv>
                    <Unicode>PeteB</Unicode>
                </TextEquiv>
            </TextLine>
            <TextLine id="r1l22" custom="readingOrder {index:21;}">
                <Coords points="396,1096 1542,1132 1565,1074 397,1026"/>
                <Baseline points="410,1080 467,1080 524,1079 581,1079 638,1080 695,1080 752,1081 809,1083 866,1084 923,1086 981,1088 1038,1089 1095,1091 1152,1093 1209,1095 1266,1097 1323,1098 1380,1100 1437,1101 1494,1103 1552,1103"/>
                <TextEquiv>
                    <Unicode> hagen, London, Madrid, Mailand, Minneapolis, New-Vork,</Unicode>
                </TextEquiv>
            </TextLine>
            <TextLine id="r1l23" custom="readingOrder {index:22;}">
                <Coords points="2252,1122 2643,1131 2859,1099 2889,1115 2939,1089 2937,1025 2842,1038 2784,1077 2420,1067 2380,1084 2299,1054 2251,1079"/>
                <Baseline points="2265,1105 2298,1105 2331,1106 2364,1106 2397,1107 2430,1107 2463,1107 2496,1107 2529,1106 2562,1106 2595,1105 2628,1104 2661,1103 2694,1102 2727,1101 2760,1100 2793,1098 2826,1095 2859,1093 2892,1090 2925,1088"/>
                <TextEquiv>
                    <Unicode>Bernnenmmiets Lurter</Unicode>
                </TextEquiv>
            </TextLine>
            <TextLine id="r1l24" custom="readingOrder {index:23;}">
                <Coords points="2013,1120 2039,1113 2046,1117 2059,1114 2014,938 1970,949"/>
                <Baseline points="2025,1109 2042,1105"/>
                <TextEquiv>
                    <Unicode></Unicode>
                </TextEquiv>
            </TextLine>
            <TextLine id="r1l25" custom="readingOrder {index:24;}">
                <Coords points="516,1119 785,1151 1160,1136 1226,1165 1469,1162 1529,1127 517,1089"/>
                <Baseline points="529,1115 578,1116 627,1117 677,1118 726,1119 775,1120 825,1121 874,1122 923,1123 973,1125 1022,1126 1071,1128 1121,1129 1170,1131 1219,1133 1269,1135 1318,1137 1367,1140 1417,1142 1466,1145 1516,1147"/>
                <TextEquiv>
                    <Unicode>Paris, Rom, San Francisco, Stockhoh, St. Petersburg.</Unicode>
                </TextEquiv>
            </TextLine>
            <TextLine id="r1l26" custom="readingOrder {index:25;}">
                <Coords points="816,1161 880,1181 928,1163 1062,1185 1086,1167 1115,1183 1163,1182 1217,1164 1218,1137 817,1134"/>
                <Baseline points="830,1160 856,1159 883,1159 910,1159 936,1159 963,1160 990,1160 1017,1161 1043,1162 1070,1162 1097,1163 1123,1164 1150,1165 1177,1165 1204,1166"/>
                <TextEquiv>
                    <Unicode>(Quellenangabe ohne Gewäbr.)</Unicode>
                </TextEquiv>
            </TextLine>
            <TextLine id="r1l27" custom="readingOrder {index:26;}">
                <Coords points="1996,1192 2937,1175 2937,1133 2827,1104 2512,1119 2467,1149 2362,1112 1996,1114"/>
                <Baseline points="2009,1171 2054,1171 2100,1171 2146,1171 2192,1171 2238,1171 2283,1171 2329,1171 2375,1170 2421,1170 2467,1170 2512,1170 2558,1170 2604,1170 2650,1169 2696,1169 2741,1168 2787,1167 2833,1167 2879,1166 2925,1164"/>
                <TextEquiv>
                    <Unicode> Ausschnitt aus: Morgenausgabe</Unicode>
                </TextEquiv>
            </TextLine>
            <TextLine id="r1l28" custom="readingOrder {index:27;}">
                <Coords points="2003,1233 2016,1236 2025,1232 2046,1235 2054,1193 2038,1190 2035,1193 2032,1192 2029,1194 2011,1191"/>
                <Baseline points="2020,1208 2037,1211"/>
                <TextEquiv>
                    <Unicode>3</Unicode>
                </TextEquiv>
            </TextLine>
            <TextLine id="r1l29" custom="readingOrder {index:28;}">
                <Coords points="443,1239 1422,1248 1604,1232 1604,1157 443,1164"/>
                <Baseline points="456,1215 512,1217 569,1219 626,1220 682,1221 739,1222 796,1222 852,1222 909,1222 966,1222 1023,1222 1079,1221 1136,1220 1193,1220 1249,1219 1306,1218 1363,1217 1419,1216 1476,1215 1533,1215 1590,1214"/>
                <TextEquiv>
                    <Unicode>□ Ausschnittlauiner Börsen Zeitung, Berlin</Unicode>
                </TextEquiv>
            </TextLine>
            <TextLine id="r1l30" custom="readingOrder {index:29;}">
                <Coords points="1972,1233 1985,1231 1996,1233 1998,1230 2014,1229 2010,1178 1996,1179 1992,1185 1980,1181 1967,1182"/>
                <Baseline points="1984,1221 2000,1220"/>
                <TextEquiv>
                    <Unicode>81</Unicode>
                </TextEquiv>
            </TextLine>
            <TextLine id="r1l31" custom="readingOrder {index:30;}">
                <Coords points="2215,1259 2251,1267 2282,1256 2343,1274 2352,1263 2387,1265 2434,1250 2465,1263 2487,1242 2516,1236 2510,1173 2468,1185 2449,1178 2427,1205 2382,1209 2308,1194 2272,1214 2247,1195 2209,1195"/>
                <Baseline points="2227,1254 2252,1256 2277,1256 2302,1255 2327,1254 2352,1251 2377,1248 2402,1245 2427,1242 2452,1238 2477,1235 2503,1233"/>
                <TextEquiv>
                    <Unicode># 3 1008</Unicode>
                </TextEquiv>
            </TextLine>
            <TextLine id="r1l32" custom="readingOrder {index:31;}">
                <Coords points="759,1283 802,1283 807,1278 824,1283 842,1281 842,1254 813,1251 802,1243 797,1249 794,1246 786,1249 778,1246 759,1246"/>
                <Baseline points="774,1272 802,1270 830,1272"/>
                <TextEquiv>
                    <Unicode>—</Unicode>
                </TextEquiv>
            </TextLine>
            <TextLine id="r1l33" custom="readingOrder {index:32;}">
                <Coords points="1949,1303 1973,1306 2050,1277 2205,1277 2206,1224 2166,1224 2152,1234 2109,1213 2080,1229 2043,1234 1992,1234 1970,1223 1949,1228"/>
                <Baseline points="1963,1278 1988,1275 2014,1274 2039,1273 2065,1273 2090,1274 2116,1276 2141,1276 2167,1276 2193,1275"/>
                <TextEquiv>
                    <Unicode>E vom:</Unicode>
                </TextEquiv>
            </TextLine>
            <TextLine id="r1l34" custom="readingOrder {index:33;}">
                <Coords points="398,1355 485,1319 804,1329 936,1293 1042,1329 1172,1301 1227,1326 1292,1293 1400,1315 1397,1254 1155,1222 918,1243 863,1278 583,1245 395,1283"/>
                <Baseline points="409,1312 457,1316 506,1318 555,1319 604,1318 653,1317 702,1314 750,1312 799,1308 848,1305 897,1301 946,1297 995,1293 1044,1290 1092,1287 1141,1285 1190,1283 1239,1283 1288,1284 1337,1287 1386,1291"/>
                <TextEquiv>
                    <Unicode>E vom5- 2 ser„ Morgenausgabe</Unicode>
                </TextEquiv>
            </TextLine>
            <TextLine id="r1l35" custom="readingOrder {index:34;}">
                <Coords points="2180,1440 2763,1450 2813,1440 2814,1378 2220,1365 2180,1381"/>
                <Baseline points="2192,1427 2222,1427 2252,1427 2283,1426 2313,1426 2344,1427 2374,1427 2404,1427 2435,1427 2465,1428 2496,1428 2526,1428 2556,1428 2587,1429 2617,1429 2648,1429 2678,1429 2708,1428 2739,1428 2769,1427 2800,1427"/>
                <TextEquiv>
                    <Unicode>Vor den Kulissen.</Unicode>
                </TextEquiv>
            </TextLine>
            <TextLine id="r1l36" custom="readingOrder {index:35;}">
                <Coords points="671,1450 890,1470 997,1441 1040,1468 1083,1450 1385,1468 1385,1412 1356,1422 1297,1384 1150,1402 1128,1383 762,1381 671,1402"/>
                <Baseline points="684,1441 718,1442 752,1442 787,1442 821,1442 855,1443 890,1443 924,1443 958,1444 993,1444 1027,1444 1061,1444 1096,1444 1130,1444 1164,1445 1199,1445 1233,1445 1267,1445 1302,1445 1336,1445 1371,1445"/>
                <TextEquiv>
                    <Unicode>Kunst und Wissenschaft.</Unicode>
                </TextEquiv>
            </TextLine>
            <TextLine id="r1l37" custom="readingOrder {index:36;}">
                <Coords points="2015,1473 3026,1477 3026,1443 2962,1432 2117,1442 2016,1417"/>
                <Baseline points="2029,1477 2078,1478 2127,1478 2176,1479 2225,1479 2275,1480 2324,1480 2373,1480 2422,1481 2471,1481 2521,1482 2570,1482 2619,1482 2668,1482 2717,1482 2767,1482 2816,1482 2865,1482 2914,1481 2963,1481 3013,1480"/>
                <TextEquiv>
                    <Unicode>Das Lessing=Theater demonstriert uns ein</Unicode>
                </TextEquiv>
            </TextLine>
            <TextLine id="r1l38" custom="readingOrder {index:37;}">
                <Coords points="649,1506 1454,1511 1504,1506 1505,1448 1347,1473 649,1447"/>
                <Baseline points="663,1496 704,1496 745,1497 787,1497 828,1497 870,1498 911,1498 952,1499 994,1500 1035,1500 1077,1501 1118,1501 1159,1502 1201,1502 1242,1502 1284,1503 1325,1503 1366,1503 1408,1503 1449,1502 1491,1502"/>
                <TextEquiv>
                    <Unicode>Im Lessing=Theater sind gestern vier Ein¬</Unicode>
                </TextEquiv>
            </TextLine>
            <TextLine id="r1l39" custom="readingOrder {index:38;}">
                <Coords points="1967,1524 2997,1533 3018,1479 1967,1481"/>
                <Baseline points="1980,1522 2031,1523 2082,1523 2133,1523 2185,1524 2236,1524 2287,1523 2339,1523 2390,1523 2441,1523 2493,1523 2544,1522 2595,1522 2646,1522 2698,1522 2749,1522 2800,1522 2852,1522 2903,1522 2954,1522 3006,1523"/>
                <TextEquiv>
                    <Unicode>Stückchen praktischer Seelenwanderung. Die Bühnen¬</Unicode>
                </TextEquiv>
            </TextLine>
            <TextLine id="r1l40" custom="readingOrder {index:39;}">
                <Coords points="524,1549 1503,1553 1503,1499 936,1517 525,1479"/>
                <Baseline points="537,1532 584,1533 632,1534 680,1536 727,1537 775,1537 823,1538 870,1539 918,1539 966,1540 1014,1540 1061,1541 1109,1541 1157,1541 1204,1541 1252,1541 1300,1540 1347,1540 1395,1539 1443,1539 1491,1538"/>
                <TextEquiv>
                    <Unicode>jakter Schnitzlers aufgeführt worden, die den ge¬</Unicode>
                </TextEquiv>
            </TextLine>
            <TextLine id="r1l41" custom="readingOrder {index:40;}">
                <Coords points="1954,1566 2882,1578 3031,1545 1953,1523"/>
                <Baseline points="1966,1565 2018,1566 2071,1566 2123,1567 2176,1567 2229,1567 2281,1567 2334,1567 2386,1567 2439,1566 2492,1566 2544,1565 2597,1564 2649,1564 2702,1563 2755,1563 2807,1563 2860,1563 2912,1563 2965,1563 3018,1564"/>
                <TextEquiv>
                    <Unicode>werke, die bereits zu früheren Zeiten unter anderen</Unicode>
                </TextEquiv>
            </TextLine>
            <TextLine id="r1l42" custom="readingOrder {index:41;}">
                <Coords points="531,1582 549,1579 566,1595 624,1585 678,1586 677,1538 610,1542 565,1554 559,1549 549,1555 530,1550"/>
                <Baseline points="544,1578 574,1576 604,1575 634,1575 664,1574"/>
                <TextEquiv>
                    <Unicode></Unicode>
                </TextEquiv>
            </TextLine>
            <TextLine id="r1l43" custom="readingOrder {index:42;}">
                <Coords points="726,1584 1475,1591 1508,1546 727,1544"/>
                <Baseline points="741,1573 778,1574 816,1574 854,1574 891,1574 929,1575 967,1575 1004,1575 1042,1576 1080,1576 1118,1577 1155,1577 1193,1578 1231,1578 1268,1578 1306,1579 1344,1579 1381,1579 1419,1579 1457,1579 1495,1579"/>
                <TextEquiv>
                    <Unicode>—Lebendige Stunden“ führen</Unicode>
                </TextEquiv>
            </TextLine>
            <TextLine id="r1l44" custom="readingOrder {index:43;}">
                <Coords points="1976,1608 2997,1616 3037,1613 3037,1567 1976,1574"/>
                <Baseline points="1989,1606 2040,1607 2092,1608 2144,1608 2196,1608 2247,1608 2299,1608 2351,1607 2403,1606 2454,1606 2506,1605 2558,1605 2610,1604 2661,1604 2713,1604 2765,1604 2817,1604 2868,1604 2920,1605 2972,1607 3024,1608"/>
                <TextEquiv>
                    <Unicode>Sternen auf anderen weltbedeutenden Brettern gelebt,</Unicode>
                </TextEquiv>
            </TextLine>
            <TextLine id="r1l45" custom="readingOrder {index:44;}">
                <Coords points="559,1625 1458,1629 1500,1622 1501,1584 560,1574"/>
                <Baseline points="572,1615 617,1615 663,1614 709,1614 755,1614 800,1614 846,1614 892,1615 938,1615 983,1616 1029,1616 1075,1617 1121,1617 1166,1618 1212,1618 1258,1619 1304,1619 1349,1620 1395,1620 1441,1620 1487,1620"/>
                <TextEquiv>
                    <Unicode>und dem Theaterfreunde schon bekannt sein dürften.</Unicode>
                </TextEquiv>
            </TextLine>
            <TextLine id="r1l46" custom="readingOrder {index:45;}">
                <Coords points="1971,1649 2971,1654 3029,1608 1970,1619"/>
                <Baseline points="1983,1648 2034,1649 2086,1649 2137,1649 2189,1649 2241,1649 2292,1649 2344,1649 2395,1649 2447,1649 2499,1649 2550,1648 2602,1648 2653,1648 2705,1647 2757,1647 2808,1647 2860,1647 2911,1646 2963,1646 3015,1646"/>
                <TextEquiv>
                    <Unicode>gewirkt, vollendet haben, sie leben hier vor unseren</Unicode>
                </TextEquiv>
            </TextLine>
            <TextLine id="r1l47" custom="readingOrder {index:46;}">
                <Coords points="561,1650 1513,1658 1481,1620 561,1618"/>
                <Baseline points="575,1656 621,1656 667,1655 713,1655 760,1655 806,1655 852,1655 898,1655 945,1655 991,1656 1037,1656 1083,1656 1130,1657 1176,1657 1222,1658 1268,1658 1315,1659 1361,1659 1407,1659 1453,1659 1500,1659"/>
                <TextEquiv>
                    <Unicode>Wenigstens sind sie bereits bei Fischer im Buchhandel</Unicode>
                </TextEquiv>
            </TextLine>
            <TextLine id="r1l48" custom="readingOrder {index:47;}">
                <Coords points="1974,1693 3028,1678 3009,1646 2849,1641 1974,1651"/>
                <Baseline points="1989,1687 2040,1688 2091,1689 2142,1689 2194,1690 2245,1690 2296,1690 2348,1691 2399,1691 2450,1691 2502,1691 2553,1690 2604,1690 2655,1690 2707,1689 2758,1689 2809,1688 2861,1688 2912,1687 2963,1686 3015,1685"/>
                <TextEquiv>
                    <Unicode>Augen wieder auf. Je nach Verdienst und Schicksal</Unicode>
                </TextEquiv>
            </TextLine>
            <TextLine id="r1l49" custom="readingOrder {index:48;}">
                <Coords points="546,1697 1410,1713 1509,1682 1509,1658 606,1661 547,1636"/>
                <Baseline points="561,1695 607,1693 654,1692 701,1692 748,1691 794,1691 841,1692 888,1692 935,1693 981,1694 1028,1695 1075,1696 1122,1697 1168,1698 1215,1698 1262,1699 1309,1699 1355,1699 1402,1698 1449,1697 1496,1696"/>
                <TextEquiv>
                    <Unicode>erschienen und so wird wohl auch schon eine</Unicode>
                </TextEquiv>
            </TextLine>
            <TextLine id="r1l50" custom="readingOrder {index:49;}">
                <Coords points="1973,1730 3005,1743 3031,1673 1973,1690"/>
                <Baseline points="1987,1731 2038,1731 2090,1731 2141,1732 2193,1732 2245,1732 2296,1732 2348,1732 2399,1731 2451,1731 2503,1731 2554,1731 2606,1730 2657,1730 2709,1730 2761,1730 2812,1729 2864,1729 2915,1729 2967,1730 3019,1730"/>
                <TextEquiv>
                    <Unicode>in höheren oder untergeordneteren Daseinsformen,</Unicode>
                </TextEquiv>
            </TextLine>
            <TextLine id="r1l51" custom="readingOrder {index:50;}">
                <Coords points="554,1735 1498,1739 1498,1696 1394,1690 555,1692"/>
                <Baseline points="568,1735 613,1734 659,1733 705,1732 751,1732 797,1732 843,1732 889,1732 935,1732 981,1733 1027,1733 1072,1734 1118,1734 1164,1735 1210,1735 1256,1736 1302,1736 1348,1736 1394,1736 1440,1735 1486,1734"/>
                <TextEquiv>
                    <Unicode>ältere Aufführung vorliegen. Genaueres weiß der</Unicode>
                </TextEquiv>
            </TextLine>
            <TextLine id="r1l52" custom="readingOrder {index:51;}">
                <Coords points="1977,1772 3030,1789 3014,1730 1977,1729"/>
                <Baseline points="1989,1770 2040,1770 2091,1770 2143,1770 2194,1770 2246,1771 2297,1771 2349,1771 2400,1771 2452,1772 2503,1772 2554,1772 2606,1772 2657,1772 2709,1772 2760,1772 2812,1772 2863,1771 2915,1771 2966,1770 3018,1769"/>
                <TextEquiv>
                    <Unicode>Ganz der Brahmanenlehre gemäß. Gestern feierten</Unicode>
                </TextEquiv>
            </TextLine>
            <TextLine id="r1l53" custom="readingOrder {index:52;}">
                <Coords points="555,1776 1510,1779 1510,1744 1312,1731 555,1738"/>
                <Baseline points="569,1773 615,1773 661,1773 708,1773 754,1773 800,1773 847,1774 893,1774 939,1774 986,1774 1032,1775 1078,1775 1125,1775 1171,1775 1217,1775 1264,1775 1310,1774 1356,1774 1403,1773 1449,1772 1496,1772"/>
                <TextEquiv>
                    <Unicode>Rezensent nicht zu sagen, der bei diesem Wirrwarr</Unicode>
                </TextEquiv>
            </TextLine>
            <TextLine id="r1l54" custom="readingOrder {index:53;}">
                <Coords points="1972,1811 2959,1822 3020,1771 1972,1784"/>
                <Baseline points="1985,1812 2036,1812 2087,1812 2138,1812 2189,1812 2240,1812 2291,1812 2342,1811 2393,1811 2444,1811 2495,1811 2546,1811 2597,1810 2648,1810 2699,1810 2750,1810 2801,1810 2852,1810 2903,1810 2954,1811 3006,1811"/>
                <TextEquiv>
                    <Unicode>Schnitzlers „Lebendige Stunden“ hier ihre</Unicode>
                </TextEquiv>
            </TextLine>
            <TextLine id="r1l55" custom="readingOrder {index:54;}">
                <Coords points="545,1817 1435,1827 1499,1819 1500,1779 545,1780"/>
                <Baseline points="557,1813 603,1812 649,1811 696,1811 742,1811 789,1811 835,1812 882,1812 928,1813 975,1813 1021,1814 1067,1815 1114,1816 1160,1816 1207,1817 1253,1817 1300,1817 1346,1817 1393,1817 1439,1816 1486,1815"/>
                <TextEquiv>
                    <Unicode>gleichgültiger Theaterstücke sich kaum noch an den</Unicode>
                </TextEquiv>
            </TextLine>
            <TextLine id="r1l56" custom="readingOrder {index:55;}">
                <Coords points="543,1859 1503,1871 1503,1823 1324,1809 543,1819"/>
                <Baseline points="555,1854 601,1853 648,1852 695,1850 741,1850 788,1850 835,1850 881,1850 928,1850 975,1851 1022,1851 1068,1852 1115,1852 1162,1853 1208,1853 1255,1853 1302,1853 1348,1853 1395,1852 1442,1851 1489,1850"/>
                <TextEquiv>
                    <Unicode>Titel der letzten Premiere erinnert. Uebriegens</Unicode>
                </TextEquiv>
            </TextLine>
            <TextLine id="r1l57" custom="readingOrder {index:56;}">
                <Coords points="1969,1844 2947,1864 3030,1816 1969,1817"/>
                <Baseline points="1981,1854 2032,1854 2084,1854 2136,1855 2188,1855 2239,1855 2291,1855 2343,1855 2395,1855 2446,1855 2498,1855 2550,1854 2602,1854 2653,1854 2705,1854 2757,1853 2809,1853 2860,1852 2912,1852 2964,1851 3016,1850"/>
                <TextEquiv>
                    <Unicode>Auferfrehunge- Seltsam genug: die Wiederkehr von</Unicode>
                </TextEquiv>
            </TextLine>
            <TextLine id="r1l58" custom="readingOrder {index:57;}">
                <Coords points="548,1893 994,1889 1045,1914 1136,1882 1376,1910 1510,1892 1470,1860 1272,1848 548,1858"/>
                <Baseline points="562,1889 608,1889 655,1889 702,1890 748,1890 795,1890 842,1891 888,1891 935,1891 982,1892 1029,1892 1075,1892 1122,1893 1169,1893 1215,1893 1262,1893 1309,1893 1355,1893 1402,1893 1449,1892 1496,1891"/>
                <TextEquiv>
                    <Unicode>sind Einakter immer noch das Beste was</Unicode>
                </TextEquiv>
            </TextLine>
            <TextLine id="r1l59" custom="readingOrder {index:58;}">
                <Coords points="1973,1899 2901,1907 3029,1882 3029,1848 1973,1853"/>
                <Baseline points="1987,1893 2038,1893 2089,1893 2141,1894 2192,1894 2244,1894 2295,1894 2347,1894 2398,1895 2450,1895 2501,1895 2552,1895 2604,1894 2655,1894 2707,1894 2758,1893 2810,1893 2861,1892 2913,1891 2964,1890 3016,1889"/>
                <TextEquiv>
                    <Unicode>Bühnendichtungen, die selbst den Gedanken der Wieder¬</Unicode>
                </TextEquiv>
            </TextLine>
            <TextLine id="r1l60" custom="readingOrder {index:59;}">
                <Coords points="541,1936 1367,1946 1389,1901 541,1903"/>
                <Baseline points="554,1930 595,1929 636,1929 677,1929 718,1928 759,1929 800,1929 841,1929 882,1929 923,1930 964,1931 1005,1931 1046,1932 1087,1932 1128,1933 1169,1934 1210,1934 1251,1934 1292,1935 1333,1935 1374,1935"/>
                <TextEquiv>
                    <Unicode>aus Arthur Schnitzlers Werkstatt kommt,</Unicode>
                </TextEquiv>
            </TextLine>
            <TextLine id="r1l61" custom="readingOrder {index:60;}">
                <Coords points="1379,1924 1392,1924 1414,1944 1473,1940 1490,1955 1511,1955 1509,1890 1450,1898 1445,1903 1378,1900"/>
                <Baseline points="1393,1935 1418,1933 1444,1932 1470,1931 1496,1932"/>
                <TextEquiv>
                    <Unicode>und</Unicode>
                </TextEquiv>
            </TextLine>
            <TextLine id="r1l62" custom="readingOrder {index:61;}">
                <Coords points="1972,1955 2453,1920 3026,1946 2991,1893 1972,1899"/>
                <Baseline points="1985,1937 2036,1937 2087,1937 2139,1937 2190,1936 2241,1936 2293,1936 2344,1936 2395,1936 2447,1936 2498,1936 2549,1936 2601,1936 2652,1935 2703,1935 2755,1934 2806,1933 2857,1933 2909,1931 2960,1930 3012,1928"/>
                <TextEquiv>
                    <Unicode>kehr poetisch behandeln. Denn etwas von dem, was</Unicode>
                </TextEquiv>
            </TextLine>
            <TextLine id="r1l63" custom="readingOrder {index:62;}">
                <Coords points="554,1970 1394,1973 1394,1940 1354,1937 555,1928"/>
                <Baseline points="568,1966 608,1967 649,1968 689,1968 730,1969 771,1970 811,1970 852,1971 892,1972 933,1972 974,1973 1014,1973 1055,1974 1095,1974 1136,1974 1177,1974 1217,1974 1258,1974 1298,1973 1339,1973 1380,1972"/>
                <TextEquiv>
                    <Unicode>an nichts kann man seine Manier so</Unicode>
                </TextEquiv>
            </TextLine>
            <TextLine id="r1l64" custom="readingOrder {index:63;}">
                <Coords points="1392,1970 1416,1972 1430,1985 1462,1979 1470,1987 1472,1984 1510,1988 1509,1943 1490,1944 1474,1936 1463,1942 1423,1940 1415,1946 1404,1935 1391,1936"/>
                <Baseline points="1404,1974 1434,1976 1465,1972 1496,1974"/>
                <TextEquiv>
                    <Unicode>gut</Unicode>
                </TextEquiv>
            </TextLine>
            <TextLine id="r1l65" custom="readingOrder {index:64;}">
                <Coords points="1972,1983 3049,1994 3049,1919 1972,1956"/>
                <Baseline points="1985,1980 2037,1979 2090,1978 2142,1977 2195,1977 2247,1976 2300,1976 2352,1975 2405,1975 2457,1975 2510,1975 2562,1975 2615,1975 2667,1975 2720,1974 2772,1974 2825,1974 2877,1974 2930,1974 2982,1974 3035,1974"/>
                <TextEquiv>
                    <Unicode>an dem Glauben vom Fortleben und Wiedererscheiken</Unicode>
                </TextEquiv>
            </TextLine>
            <TextLine id="r1l66" custom="readingOrder {index:65;}">
                <Coords points="542,2027 1195,2007 1502,2030 1503,1971 543,1974"/>
                <Baseline points="555,2009 601,2008 648,2007 695,2007 742,2007 788,2008 835,2008 882,2009 929,2009 975,2010 1022,2011 1069,2011 1116,2012 1162,2012 1209,2013 1256,2013 1303,2012 1349,2012 1396,2011 1443,2010 1490,2008"/>
                <TextEquiv>
                    <Unicode>studieren wie an dieser litterarischen Gattung. Vor¬</Unicode>
                </TextEquiv>
            </TextLine>
            <TextLine id="r1l67" custom="readingOrder {index:66;}">
                <Coords points="1971,2027 3019,2008 2983,1971 1970,1982"/>
                <Baseline points="1983,2022 2034,2021 2085,2020 2136,2020 2187,2019 2238,2018 2289,2018 2341,2017 2392,2017 2443,2016 2494,2016 2545,2016 2596,2015 2647,2015 2699,2015 2750,2014 2801,2014 2852,2014 2903,2014 2954,2014 3006,2013"/>
                <TextEquiv>
                    <Unicode>poetisch ist, etwas von dem, was am modernen Occul¬</Unicode>
                </TextEquiv>
            </TextLine>
            <TextLine id="r1l68" custom="readingOrder {index:67;}">
                <Coords points="543,2034 641,2059 1438,2065 1494,2052 1495,2017 543,1996"/>
                <Baseline points="556,2045 602,2046 648,2046 694,2047 741,2047 787,2048 833,2048 879,2049 926,2050 972,2050 1018,2050 1064,2051 1111,2051 1157,2051 1203,2052 1249,2052 1296,2052 1342,2052 1388,2052 1434,2052 1481,2052"/>
                <TextEquiv>
                    <Unicode>ausgesetzt, daß es überhaupt die Mühe lohnt, die</Unicode>
                </TextEquiv>
            </TextLine>
            <TextLine id="r1l69" custom="readingOrder {index:68;}">
                <Coords points="1974,2070 2990,2066 3027,2055 3027,2001 1973,2030"/>
                <Baseline points="1987,2061 2038,2061 2089,2060 2140,2060 2192,2059 2243,2059 2294,2059 2346,2058 2397,2058 2448,2058 2500,2058 2551,2057 2602,2057 2653,2057 2705,2056 2756,2056 2807,2056 2859,2055 2910,2055 2961,2054 3013,2053"/>
                <TextEquiv>
                    <Unicode>tismus, an Theosophie und dergleichen wissenschaftlich</Unicode>
                </TextEquiv>
            </TextLine>
            <TextLine id="r1l70" custom="readingOrder {index:69;}">
                <Coords points="546,2085 1471,2104 1490,2059 546,2040"/>
                <Baseline points="560,2084 605,2085 651,2086 697,2087 743,2087 789,2088 835,2088 880,2088 926,2088 972,2088 1018,2088 1064,2088 1110,2088 1156,2088 1201,2089 1247,2089 1293,2090 1339,2092 1385,2093 1431,2095 1477,2097"/>
                <TextEquiv>
                    <Unicode>Manier des Herin A. Schnitzler, Dr. med. aus Wien, zu</Unicode>
                </TextEquiv>
            </TextLine>
            <TextLine id="r1l71" custom="readingOrder {index:70;}">
                <Coords points="1977,2104 2921,2116 3019,2092 3019,2054 1977,2067"/>
                <Baseline points="1991,2102 2041,2101 2092,2100 2143,2100 2194,2099 2245,2099 2295,2099 2346,2099 2397,2100 2448,2100 2499,2100 2549,2100 2600,2100 2651,2100 2702,2100 2753,2099 2803,2099 2854,2098 2905,2096 2956,2095 3007,2092"/>
                <TextEquiv>
                    <Unicode>maskierte Dichtung ist, wirft ja wohl seine huschenden</Unicode>
                </TextEquiv>
            </TextLine>
            <TextLine id="r1l72" custom="readingOrder {index:71;}">
                <Coords points="555,2135 1496,2144 1497,2101 556,2089"/>
                <Baseline points="570,2126 615,2127 661,2127 706,2127 752,2127 798,2127 843,2127 889,2127 935,2127 980,2126 1026,2126 1072,2126 1117,2127 1163,2127 1209,2127 1254,2128 1300,2129 1346,2131 1391,2132 1437,2134 1483,2137"/>
                <TextEquiv>
                    <Unicode>studieren. Für größere Entreprisen reicht dieses Wiener¬</Unicode>
                </TextEquiv>
            </TextLine>
            <TextLine id="r1l73" custom="readingOrder {index:72;}">
                <Coords points="1965,2162 3018,2145 3018,2091 1965,2103"/>
                <Baseline points="1979,2144 2030,2143 2081,2142 2133,2142 2184,2141 2235,2141 2287,2141 2338,2140 2389,2140 2441,2140 2492,2140 2543,2140 2595,2140 2646,2140 2697,2140 2749,2139 2800,2139 2851,2138 2903,2137 2954,2136 3006,2134"/>
                <TextEquiv>
                    <Unicode>Reflexe auf diese kleinen Dramen. Der Held der</Unicode>
                </TextEquiv>
            </TextLine>
            <TextLine id="r1l74" custom="readingOrder {index:73;}">
                <Coords points="563,2167 1455,2188 1501,2165 1501,2141 1411,2134 563,2130"/>
                <Baseline points="576,2161 621,2163 667,2164 712,2165 758,2166 804,2166 849,2167 895,2167 940,2167 986,2167 1032,2168 1077,2168 1123,2168 1168,2168 1214,2169 1260,2169 1305,2170 1351,2172 1396,2173 1442,2175 1488,2177"/>
                <TextEquiv>
                    <Unicode>schwächliche und weichliche Psyche nicht aus und nichte</Unicode>
                </TextEquiv>
            </TextLine>
            <TextLine id="r1l75" custom="readingOrder {index:74;}">
                <Coords points="1974,2195 2977,2190 3033,2182 3033,2136 1974,2152"/>
                <Baseline points="1989,2187 2040,2185 2092,2183 2143,2182 2195,2181 2246,2180 2298,2180 2349,2179 2401,2179 2452,2179 2504,2179 2555,2179 2607,2180 2658,2180 2710,2180 2761,2180 2813,2179 2864,2179 2916,2178 2967,2178 3019,2176"/>
                <TextEquiv>
                    <Unicode>„Puppenspiele“ mit seiner Lehre von der Zauberkraft</Unicode>
                </TextEquiv>
            </TextLine>
            <TextLine id="r1l76" custom="readingOrder {index:75;}">
                <Coords points="557,2209 1509,2210 1509,2164 1464,2161 557,2163"/>
                <Baseline points="570,2203 616,2204 662,2204 708,2205 754,2205 801,2205 847,2206 893,2206 939,2206 985,2207 1032,2207 1078,2207 1124,2208 1170,2208 1216,2209 1263,2209 1309,2210 1355,2211 1401,2211 1447,2212 1494,2213"/>
                <TextEquiv>
                    <Unicode>fällt einem gesunden Geschmack so auf die Nerven wie</Unicode>
                </TextEquiv>
            </TextLine>
            <TextLine id="r1l77" custom="readingOrder {index:76;}">
                <Coords points="1976,2239 2982,2230 3024,2179 1976,2196"/>
                <Baseline points="1991,2226 2042,2225 2093,2225 2144,2224 2195,2224 2246,2224 2297,2224 2348,2224 2399,2224 2450,2224 2501,2224 2552,2224 2603,2224 2654,2223 2705,2223 2756,2222 2807,2222 2858,2221 2909,2219 2960,2218 3012,2216"/>
                <TextEquiv>
                    <Unicode>eines stillen Wunsches, mehr noch die Heldin der</Unicode>
                </TextEquiv>
            </TextLine>
            <TextLine id="r1l78" custom="readingOrder {index:77;}">
                <Coords points="560,2247 1494,2257 1475,2214 561,2210"/>
                <Baseline points="573,2244 618,2244 663,2244 709,2245 754,2245 799,2245 845,2245 890,2246 935,2246 981,2247 1026,2247 1071,2248 1117,2248 1162,2249 1207,2250 1253,2250 1298,2251 1343,2252 1389,2252 1434,2253 1480,2254"/>
                <TextEquiv>
                    <Unicode>etwa das fünfarage Geflüster des „Zwischenspiels“</Unicode>
                </TextEquiv>
            </TextLine>
            <TextLine id="r1l79" custom="readingOrder {index:78;}">
                <Coords points="1982,2273 3030,2285 3029,2205 1981,2236"/>
                <Baseline points="1995,2268 2046,2268 2097,2267 2148,2267 2199,2266 2250,2266 2301,2266 2352,2266 2403,2266 2454,2265 2506,2265 2557,2265 2608,2264 2659,2264 2710,2263 2761,2262 2812,2261 2863,2259 2914,2257 2965,2255 3017,2252"/>
                <TextEquiv>
                    <Unicode>„Frau mit dem Dolche“, die im nüchternen modernen</Unicode>
                </TextEquiv>
            </TextLine>
            <TextLine id="r1l80" custom="readingOrder {index:79;}">
                <Coords points="558,2294 1496,2304 1497,2256 558,2248"/>
                <Baseline points="572,2281 617,2282 663,2283 708,2284 754,2284 799,2285 845,2285 890,2286 936,2286 981,2286 1027,2286 1073,2287 1118,2287 1164,2287 1209,2288 1255,2288 1300,2288 1346,2289 1391,2289 1437,2290 1483,2291"/>
                <TextEquiv>
                    <Unicode>oder des „Einsamen Weges“. In so einem Einakter</Unicode>
                </TextEquiv>
            </TextLine>
            <TextLine id="r1l81" custom="readingOrder {index:80;}">
                <Coords points="1975,2313 2954,2312 3023,2293 3023,2263 1975,2270"/>
                <Baseline points="1989,2305 2040,2306 2091,2306 2142,2306 2193,2307 2244,2307 2295,2307 2346,2307 2397,2308 2448,2308 2499,2308 2550,2308 2601,2307 2652,2307 2703,2306 2754,2305 2805,2304 2856,2302 2907,2300 2958,2298 3010,2296"/>
                <TextEquiv>
                    <Unicode>Kostüm in unseren Tagen wiedererlebt, was sie der¬</Unicode>
                </TextEquiv>
            </TextLine>
            <TextLine id="r1l82" custom="readingOrder {index:81;}">
                <Coords points="549,2323 1461,2342 1502,2294 550,2286"/>
                <Baseline points="564,2325 610,2324 656,2323 702,2323 748,2322 794,2322 840,2323 887,2323 933,2324 979,2324 1025,2325 1071,2326 1117,2327 1163,2327 1210,2328 1256,2329 1302,2329 1348,2329 1394,2329 1440,2329 1487,2328"/>
                <TextEquiv>
                    <Unicode>aber der eigentlich nichts ist als ein Dialog, braucht</Unicode>
                </TextEquiv>
            </TextLine>
            <TextLine id="r1l83" custom="readingOrder {index:82;}">
                <Coords points="1966,2364 2423,2371 2474,2344 2867,2373 2995,2346 3030,2295 1965,2308"/>
                <Baseline points="1979,2349 2030,2348 2082,2348 2134,2348 2186,2348 2238,2348 2290,2348 2341,2349 2393,2349 2445,2349 2497,2349 2549,2349 2601,2349 2653,2349 2704,2349 2756,2348 2808,2348 2860,2347 2912,2346 2964,2344 3016,2343"/>
                <TextEquiv>
                    <Unicode>einst im farbenfreudigen Cinquecento schon fiebernd</Unicode>
                </TextEquiv>
            </TextLine>
            <TextLine id="r1l84" custom="readingOrder {index:83;}">
                <Coords points="559,2366 1506,2361 1506,2329 1338,2317 559,2323"/>
                <Baseline points="572,2363 620,2362 668,2362 717,2362 765,2362 813,2362 862,2363 910,2363 958,2364 1007,2364 1055,2365 1104,2366 1152,2366 1200,2367 1249,2367 1297,2368 1345,2368 1394,2368 1442,2369 1491,2368"/>
                <TextEquiv>
                    <Unicode>sich seine seelische Leerheit und Mattherzigkeit nicht be¬</Unicode>
                </TextEquiv>
            </TextLine>
            <TextLine id="r1l85" custom="readingOrder {index:84;}">
                <Coords points="1977,2398 1993,2398 2004,2406 2012,2397 2028,2397 2033,2402 2068,2391 2084,2393 2095,2401 2119,2395 2118,2355 2094,2355 2085,2347 2056,2356 2029,2351 2011,2360 1976,2358"/>
                <Baseline points="1991,2387 2019,2388 2048,2387 2076,2386 2105,2385"/>
                <TextEquiv>
                    <Unicode>erlitt.</Unicode>
                </TextEquiv>
            </TextLine>
            <TextLine id="r1l86" custom="readingOrder {index:85;}">
                <Coords points="556,2411 1179,2402 1374,2431 1508,2408 1508,2367 556,2368"/>
                <Baseline points="570,2403 616,2403 662,2402 708,2402 754,2403 801,2403 847,2403 893,2403 939,2404 985,2405 1032,2405 1078,2406 1124,2406 1170,2407 1216,2407 1263,2408 1309,2408 1355,2408 1401,2408 1447,2408 1494,2407"/>
                <TextEquiv>
                    <Unicode>sonders zu strapazieren, kann sich gemächlich geben</Unicode>
                </TextEquiv>
            </TextLine>
            <TextLine id="r1l87" custom="readingOrder {index:86;}">
                <Coords points="2018,2423 2975,2436 3026,2428 3026,2377 2195,2367 2018,2394"/>
                <Baseline points="2031,2429 2080,2428 2129,2427 2178,2427 2227,2427 2276,2427 2325,2428 2374,2428 2423,2429 2472,2429 2522,2430 2571,2430 2620,2430 2669,2430 2718,2430 2767,2430 2816,2429 2865,2428 2914,2426 2963,2424 3013,2422"/>
                <TextEquiv>
                    <Unicode>Der Einakterstrauß erschien gestern in anderer</Unicode>
                </TextEquiv>
            </TextLine>
            <TextLine id="r1l88" custom="readingOrder {index:87;}">
                <Coords points="546,2443 1497,2462 1498,2414 546,2403"/>
                <Baseline points="560,2440 606,2441 652,2441 698,2441 744,2442 791,2442 837,2442 883,2443 929,2443 975,2443 1022,2444 1068,2444 1114,2445 1160,2445 1206,2446 1253,2446 1299,2447 1345,2447 1391,2447 1437,2448 1484,2448"/>
                <TextEquiv>
                    <Unicode>wie sie ist. Man nimmt nichts übel, denn</Unicode>
                </TextEquiv>
            </TextLine>
            <TextLine id="r1l89" custom="readingOrder {index:88;}">
                <Coords points="1965,2484 2869,2489 3022,2470 3022,2424 1965,2436"/>
                <Baseline points="1979,2471 2030,2472 2081,2473 2133,2473 2184,2474 2236,2474 2287,2474 2339,2475 2390,2475 2442,2475 2493,2475 2544,2475 2596,2474 2647,2474 2699,2474 2750,2473 2802,2473 2853,2472 2905,2472 2956,2471 3008,2471"/>
                <TextEquiv>
                    <Unicode>Zusammensetzung, und anders als vor sechs Jahren</Unicode>
                </TextEquiv>
            </TextLine>
            <TextLine id="r1l90" custom="readingOrder {index:89;}">
                <Coords points="554,2480 1348,2507 1407,2475 1492,2502 1492,2454 1364,2435 554,2446"/>
                <Baseline points="566,2480 611,2481 657,2482 702,2482 748,2482 794,2483 839,2483 885,2483 930,2483 976,2483 1022,2483 1067,2483 1113,2483 1158,2483 1204,2483 1250,2483 1295,2483 1341,2484 1386,2484 1432,2485 1478,2485"/>
                <TextEquiv>
                    <Unicode>man weiß, nach fünfzehn Minuten werden die</Unicode>
                </TextEquiv>
            </TextLine>
            <TextLine id="r1l91" custom="readingOrder {index:90;}">
                <Coords points="1974,2520 3019,2502 3001,2470 2295,2490 1974,2464"/>
                <Baseline points="1987,2514 2040,2514 2094,2515 2147,2515 2201,2516 2255,2516 2308,2516 2362,2517 2416,2517 2469,2517 2523,2517 2576,2516 2630,2516 2684,2515 2737,2515 2791,2514 2845,2512 2898,2511 2952,2510 3006,2507"/>
                <TextEquiv>
                    <Unicode>hat er gewirkt. Dir. Brahm, im eigentlichsten Sinne</Unicode>
                </TextEquiv>
            </TextLine>
            <TextLine id="r1l92" custom="readingOrder {index:91;}">
                <Coords points="547,2531 1234,2520 1488,2547 1488,2496 1422,2487 547,2478"/>
                <Baseline points="560,2519 605,2520 651,2520 697,2521 743,2521 789,2521 834,2522 880,2522 926,2523 972,2523 1018,2524 1063,2524 1109,2524 1155,2524 1201,2525 1247,2525 1292,2525 1338,2526 1384,2526 1430,2526 1476,2527"/>
                <TextEquiv>
                    <Unicode>langstieligen Puppen da oben ja doch wieder</Unicode>
                </TextEquiv>
            </TextLine>
            <TextLine id="r1l93" custom="readingOrder {index:92;}">
                <Coords points="1965,2570 2593,2572 2730,2539 3013,2567 3029,2506 1965,2509"/>
                <Baseline points="1977,2552 2028,2553 2080,2555 2132,2555 2184,2556 2236,2556 2288,2557 2340,2557 2392,2556 2444,2556 2496,2556 2547,2555 2599,2555 2651,2554 2703,2553 2755,2553 2807,2552 2859,2551 2911,2550 2963,2550 3015,2549"/>
                <TextEquiv>
                    <Unicode>des Wortes unser literarischer Bühnenleiter,</Unicode>
                </TextEquiv>
            </TextLine>
            <TextLine id="r1l94" custom="readingOrder {index:93;}">
                <Coords points="546,2568 1460,2578 1490,2520 546,2530"/>
                <Baseline points="560,2558 605,2558 651,2559 697,2559 743,2560 788,2560 834,2561 880,2561 926,2562 971,2562 1017,2563 1063,2563 1109,2564 1154,2565 1200,2565 1246,2566 1292,2566 1337,2567 1383,2567 1429,2567 1475,2568"/>
                <TextEquiv>
                    <Unicode>in die Schachtel gepackt. Dann kommen zwa;</Unicode>
                </TextEquiv>
            </TextLine>
            <TextLine id="r1l95" custom="readingOrder {index:94;}">
                <Coords points="1969,2605 2996,2604 3020,2548 1969,2560"/>
                <Baseline points="1983,2594 2034,2595 2085,2595 2136,2595 2187,2596 2239,2596 2290,2596 2341,2596 2392,2596 2443,2596 2495,2595 2546,2595 2597,2595 2648,2594 2699,2594 2751,2594 2802,2593 2853,2593 2904,2592 2955,2592 3007,2591"/>
                <TextEquiv>
                    <Unicode>und den Theateranforderungen, den Theaterpraktiken</Unicode>
                </TextEquiv>
            </TextLine>
            <TextLine id="r1l96" custom="readingOrder {index:95;}">
                <Coords points="546,2610 1485,2611 1485,2568 547,2567"/>
                <Baseline points="559,2604 604,2602 650,2600 695,2599 741,2599 787,2599 832,2599 878,2599 923,2600 969,2601 1015,2602 1060,2603 1106,2604 1151,2605 1197,2606 1243,2607 1288,2608 1334,2607 1379,2607 1425,2606 1471,2605"/>
                <TextEquiv>
                    <Unicode>gleich darauf die Puppen des nächsten Stückes</Unicode>
                </TextEquiv>
            </TextLine>
            <TextLine id="r1l97" custom="readingOrder {index:96;}">
                <Coords points="1969,2639 2993,2644 3017,2593 1969,2604"/>
                <Baseline points="1983,2642 2034,2640 2085,2638 2136,2637 2187,2636 2238,2635 2289,2635 2340,2635 2391,2635 2442,2635 2494,2635 2545,2635 2596,2636 2647,2636 2698,2636 2749,2635 2800,2635 2851,2634 2902,2633 2953,2632 3005,2630"/>
                <TextEquiv>
                    <Unicode>gegenüber der Vertreter sorgsamster Rücksichtnahme</Unicode>
                </TextEquiv>
            </TextLine>
            <TextLine id="r1l98" custom="readingOrder {index:97;}">
                <Coords points="550,2641 1293,2661 1480,2649 1481,2612 550,2614"/>
                <Baseline points="562,2641 607,2640 652,2639 697,2639 742,2638 788,2639 833,2639 878,2640 923,2640 968,2641 1014,2642 1059,2643 1104,2643 1149,2644 1194,2645 1240,2645 1285,2645 1330,2645 1375,2645 1420,2644 1466,2644"/>
                <TextEquiv>
                    <Unicode>aber die haben doch wenigstens andere Kostüm</Unicode>
                </TextEquiv>
            </TextLine>
            <TextLine id="r1l99" custom="readingOrder {index:98;}">
                <Coords points="1966,2687 3004,2685 3025,2628 1966,2639"/>
                <Baseline points="1979,2679 2030,2678 2082,2677 2133,2677 2185,2676 2237,2676 2288,2676 2340,2676 2391,2676 2443,2677 2495,2677 2546,2677 2598,2677 2649,2676 2701,2676 2753,2675 2804,2675 2856,2674 2907,2672 2959,2671 3011,2669"/>
                <TextEquiv>
                    <Unicode>auf die Dichter und ihre Werke, hat diesmal der</Unicode>
                </TextEquiv>
            </TextLine>
            <TextLine id="r1l100" custom="readingOrder {index:99;}">
                <Coords points="544,2672 1431,2697 1482,2684 1483,2650 544,2640"/>
                <Baseline points="556,2679 601,2678 647,2678 692,2678 738,2678 784,2678 829,2679 875,2679 920,2680 966,2681 1012,2682 1057,2682 1103,2683 1148,2684 1194,2684 1240,2685 1285,2685 1331,2685 1376,2686 1422,2685 1468,2685"/>
                <TextEquiv>
                    <Unicode>und Bärte um, und so erlebt man immerhi</Unicode>
                </TextEquiv>
            </TextLine>
            <TextLine id="r1l101" custom="readingOrder {index:100;}">
                <Coords points="1978,2727 3005,2726 3034,2670 1978,2681"/>
                <Baseline points="1991,2716 2042,2717 2094,2718 2145,2718 2197,2718 2248,2719 2300,2719 2351,2719 2403,2719 2454,2718 2506,2718 2557,2718 2609,2717 2660,2717 2712,2716 2763,2715 2815,2715 2866,2714 2918,2713 2969,2712 3021,2711"/>
                <TextEquiv>
                    <Unicode>Repertoir = Zweckmäßigkeit zuliebe der natürlichen</Unicode>
                </TextEquiv>
            </TextLine>
            <TextLine id="r1l102" custom="readingOrder {index:101;}">
                <Coords points="544,2729 1482,2737 1483,2678 1074,2702 643,2666 544,2689"/>
                <Baseline points="557,2722 602,2721 648,2720 693,2719 739,2719 784,2719 830,2719 875,2719 921,2719 966,2719 1012,2720 1058,2720 1103,2721 1149,2722 1194,2722 1240,2724 1285,2724 1331,2725 1376,2726 1422,2727 1468,2728"/>
                <TextEquiv>
                    <Unicode>etwas. Der Gesamtname „Lebendige Stunden</Unicode>
                </TextEquiv>
            </TextLine>
            <TextLine id="r1l103" custom="readingOrder {index:102;}">
                <Coords points="1980,2765 2843,2747 3030,2773 3030,2706 1979,2722"/>
                <Baseline points="1993,2757 2044,2758 2095,2759 2146,2760 2197,2761 2249,2761 2300,2761 2351,2761 2402,2761 2453,2760 2505,2760 2556,2759 2607,2759 2658,2758 2709,2757 2761,2757 2812,2756 2863,2756 2914,2755 2965,2755 3017,2755"/>
                <TextEquiv>
                    <Unicode>Gruppierung der Stücke Gewalt angetan. Er hat</Unicode>
                </TextEquiv>
            </TextLine>
            <TextLine id="r1l104" custom="readingOrder {index:103;}">
                <Coords points="533,2754 1499,2771 1499,2725 534,2722"/>
                <Baseline points="546,2759 592,2759 639,2759 686,2759 733,2759 780,2759 827,2759 874,2759 921,2760 968,2760 1015,2760 1061,2761 1108,2761 1155,2762 1202,2762 1249,2763 1296,2764 1343,2765 1390,2766 1437,2767 1484,2768"/>
                <TextEquiv>
                    <Unicode>hat natürlich mit den vier Stücken nicht das</Unicode>
                </TextEquiv>
            </TextLine>
            <TextLine id="r1l105" custom="readingOrder {index:104;}">
                <Coords points="1979,2808 2984,2809 3027,2795 3027,2747 1979,2766"/>
                <Baseline points="1993,2799 2044,2800 2095,2800 2146,2800 2197,2801 2248,2801 2299,2801 2350,2800 2401,2800 2452,2800 2503,2799 2554,2799 2605,2799 2656,2798 2707,2798 2758,2797 2809,2797 2860,2797 2911,2796 2962,2796 3014,2796"/>
                <TextEquiv>
                    <Unicode>aus dem ursprünglichen Dramenquartett die führende</Unicode>
                </TextEquiv>
            </TextLine>
            <TextLine id="r1l106" custom="readingOrder {index:105;}">
                <Coords points="534,2810 1483,2804 1483,2764 534,2754"/>
                <Baseline points="548,2801 594,2801 640,2800 686,2800 732,2800 778,2800 824,2800 870,2801 916,2801 962,2801 1009,2802 1055,2802 1101,2803 1147,2803 1193,2804 1239,2804 1285,2804 1331,2804 1377,2804 1423,2803 1470,2803"/>
                <TextEquiv>
                    <Unicode>geringste zu tun, er ist nur der Zierde halber da</Unicode>
                </TextEquiv>
            </TextLine>
            <TextLine id="r1l107" custom="readingOrder {index:106;}">
                <Coords points="536,2839 1300,2861 1447,2854 1488,2820 536,2801"/>
                <Baseline points="549,2839 595,2838 641,2838 687,2838 733,2838 780,2838 826,2838 872,2838 918,2838 964,2838 1011,2839 1057,2839 1103,2840 1149,2840 1195,2841 1242,2842 1288,2842 1334,2843 1380,2844 1426,2845 1473,2847"/>
                <TextEquiv>
                    <Unicode>Lebendige Stunden .. .. das ist echt schnitzlerisch</Unicode>
                </TextEquiv>
            </TextLine>
            <TextLine id="r1l108" custom="readingOrder {index:107;}">
                <Coords points="1980,2847 2972,2848 3023,2832 3023,2795 1980,2807"/>
                <Baseline points="1993,2838 2043,2839 2094,2840 2145,2841 2196,2841 2247,2842 2298,2842 2349,2842 2400,2842 2451,2842 2502,2842 2552,2841 2603,2841 2654,2841 2705,2840 2756,2840 2807,2840 2858,2839 2909,2839 2960,2839 3011,2838"/>
                <TextEquiv>
                    <Unicode>Stimme, das Werk, das dem Zyklus den Namen</Unicode>
                </TextEquiv>
            </TextLine>
            <TextLine id="r1l109" custom="readingOrder {index:108;}">
                <Coords points="529,2869 1478,2888 1479,2851 1412,2845 530,2842"/>
                <Baseline points="542,2877 588,2877 634,2878 680,2878 726,2878 773,2879 819,2879 865,2879 911,2880 957,2880 1004,2880 1050,2881 1096,2881 1142,2882 1188,2882 1235,2883 1281,2883 1327,2884 1373,2885 1419,2885 1466,2886"/>
                <TextEquiv>
                    <Unicode>wehmütig und weich; es klingt hübsch und sag</Unicode>
                </TextEquiv>
            </TextLine>
            <TextLine id="r1l110" custom="readingOrder {index:109;}">
                <Coords points="1966,2885 2969,2892 3033,2873 3033,2836 1966,2845"/>
                <Baseline points="1979,2884 2033,2883 2088,2883 2143,2883 2197,2883 2252,2883 2307,2883 2361,2883 2416,2883 2471,2884 2525,2884 2580,2884 2635,2884 2689,2884 2744,2883 2799,2883 2853,2883 2908,2882 2963,2881 3018,2880"/>
                <TextEquiv>
                    <Unicode>und den Inhalt gab, eben den Einakter „Lebendige</Unicode>
                </TextEquiv>
            </TextLine>
            <TextLine id="r1l111" custom="readingOrder {index:110;}">
                <Coords points="535,2919 1495,2916 1495,2884 1375,2877 535,2881"/>
                <Baseline points="548,2919 594,2918 641,2917 688,2916 735,2916 781,2916 828,2916 875,2916 922,2916 968,2917 1015,2917 1062,2918 1109,2919 1155,2919 1202,2920 1249,2921 1296,2922 1342,2922 1389,2923 1436,2923 1483,2924"/>
                <TextEquiv>
                    <Unicode>gar nichts. Charakteristisch ist, daß dieser Name</Unicode>
                </TextEquiv>
            </TextLine>
            <TextLine id="r1l112" custom="readingOrder {index:111;}">
                <Coords points="1965,2937 2516,2942 2639,2909 2746,2941 2989,2933 3024,2882 1965,2884"/>
                <Baseline points="1979,2921 2030,2922 2082,2923 2133,2924 2185,2924 2237,2925 2288,2925 2340,2926 2391,2926 2443,2926 2495,2926 2546,2926 2598,2926 2649,2925 2701,2925 2753,2924 2804,2923 2856,2922 2907,2922 2959,2920 3011,2919"/>
                <TextEquiv>
                    <Unicode>Stunden“, entfernt, und dafür den Puppenspieler“ an</Unicode>
                </TextEquiv>
            </TextLine>
            <TextLine id="r1l113" custom="readingOrder {index:112;}">
                <Coords points="529,2956 1491,2976 1492,2931 529,2929"/>
                <Baseline points="543,2956 589,2957 636,2957 683,2957 729,2958 776,2958 823,2958 869,2958 916,2958 963,2958 1010,2959 1056,2959 1103,2959 1150,2960 1196,2960 1243,2960 1290,2961 1336,2962 1383,2963 1430,2964 1477,2964"/>
                <TextEquiv>
                    <Unicode>eigentlich von dem ersten Einakter des Zyklus</Unicode>
                </TextEquiv>
            </TextLine>
            <TextLine id="r1l114" custom="readingOrder {index:113;}">
                <Coords points="1975,2970 2895,2983 3028,2971 3028,2923 1975,2925"/>
                <Baseline points="1989,2962 2040,2962 2091,2963 2142,2964 2194,2965 2245,2965 2296,2966 2348,2966 2399,2967 2450,2967 2502,2967 2553,2967 2604,2966 2655,2966 2707,2965 2758,2964 2809,2963 2861,2962 2912,2960 2963,2957 3015,2955"/>
                <TextEquiv>
                    <Unicode>die Spitze gestellt, der zu dieser Komposition</Unicode>
                </TextEquiv>
            </TextLine>
            <TextLine id="r1l115" custom="readingOrder {index:114;}">
                <Coords points="529,2994 558,3005 727,2998 764,3014 786,2996 874,2999 911,3013 935,3010 936,2962 818,2956 791,2974 770,2961 604,2968 529,2956"/>
                <Baseline points="542,2995 567,2995 592,2996 618,2996 643,2996 668,2996 694,2996 719,2997 744,2997 770,2997 795,2997 820,2997 846,2998 871,2998 896,2998 922,2998"/>
                <TextEquiv>
                    <Unicode>übernommen wurde,</Unicode>
                </TextEquiv>
            </TextLine>
            <TextLine id="r1l116" custom="readingOrder {index:115;}">
                <Coords points="933,3008 1027,2988 1152,3013 1366,2999 1427,3016 1508,2992 1508,2957 1471,2971 1233,2958 1147,2976 1067,2956 933,2958"/>
                <Baseline points="946,2994 973,2996 1000,2998 1028,2999 1055,3000 1083,3001 1110,3001 1137,3001 1165,3001 1192,3001 1220,3001 1247,3001 1274,3000 1302,3000 1329,3000 1357,3000 1384,3001 1411,3001 1439,3002 1466,3004 1494,3005"/>
                <TextEquiv>
                    <Unicode>der aber gestern gar nicht</Unicode>
                </TextEquiv>
            </TextLine>
            <TextLine id="r1l117" custom="readingOrder {index:116;}">
                <Coords points="1963,3014 3062,3027 3062,2984 2968,2965 1963,2960"/>
                <Baseline points="1976,3004 2029,3006 2083,3007 2136,3007 2190,3008 2244,3008 2297,3008 2351,3008 2404,3008 2458,3007 2512,3007 2565,3007 2619,3007 2672,3007 2726,3007 2780,3007 2833,3008 2887,3009 2940,3011 2994,3013 3048,3016"/>
                <TextEquiv>
                    <Unicode>nicht gehört und ihre Grundstimmung nich</Unicode>
                </TextEquiv>
            </TextLine>
            <TextLine id="r1l118" custom="readingOrder {index:117;}">
                <Coords points="530,3046 1493,3046 1488,3003 530,2998"/>
                <Baseline points="543,3038 589,3037 636,3037 683,3036 730,3036 777,3036 824,3036 870,3036 917,3037 964,3037 1011,3037 1058,3038 1105,3038 1152,3039 1198,3039 1245,3040 1292,3040 1339,3041 1386,3041 1433,3041 1480,3041"/>
                <TextEquiv>
                    <Unicode>aufgeführt wurde. Trotzdem läßt man den</Unicode>
                </TextEquiv>
            </TextLine>
            <TextLine id="r1l119" custom="readingOrder {index:118;}">
                <Coords points="2969,3069 2998,3067 3017,3074 3030,3069 3046,3083 3081,3081 3083,3017 3064,3014 3051,3019 3027,3015 3019,3009 3003,3009 2984,3021 2970,3021"/>
                <Baseline points="2982,3051 3010,3052 3039,3052 3068,3055"/>
                <TextEquiv>
                    <Unicode>n</Unicode>
                </TextEquiv>
            </TextLine>
            <TextLine id="r1l120" custom="readingOrder {index:119;}">
                <Coords points="537,3074 796,3098 823,3074 1357,3071 1469,3099 1489,3046 537,3048"/>
                <Baseline points="549,3076 595,3076 641,3076 687,3076 734,3075 780,3075 826,3075 873,3075 919,3075 965,3075 1012,3076 1058,3076 1104,3077 1150,3077 1197,3078 1243,3079 1289,3080 1336,3081 1382,3082 1428,3084 1475,3086"/>
                <TextEquiv>
                    <Unicode>Namen ruhig stehen, weil er sich nett macht</Unicode>
                </TextEquiv>
            </TextLine>
            <TextLine id="r1l121" custom="readingOrder {index:120;}">
                <Coords points="1992,3120 3046,3120 3046,3072 1992,3077"/>
                <Baseline points="2006,3108 2057,3109 2108,3109 2159,3109 2211,3109 2262,3109 2313,3109 2365,3109 2416,3109 2467,3109 2519,3109 2570,3108 2621,3108 2672,3108 2724,3108 2775,3108 2826,3107 2878,3107 2929,3107 2980,3106 3032,3106"/>
                <TextEquiv>
                    <Unicode>teilt. Jener Einakter, „Lebendige Stunden“, eine</Unicode>
                </TextEquiv>
            </TextLine>
            <TextLine id="r1l122" custom="readingOrder {index:121;}">
                <Coords points="532,3114 1495,3124 1495,3089 1252,3074 532,3079"/>
                <Baseline points="545,3116 591,3115 638,3115 685,3115 732,3115 778,3115 825,3115 872,3115 919,3115 965,3115 1012,3116 1059,3116 1106,3116 1152,3117 1199,3118 1246,3118 1293,3119 1339,3120 1386,3121 1433,3122 1480,3123"/>
                <TextEquiv>
                    <Unicode>und ja überhaupt nichts bedeuten soll. Es könnte</Unicode>
                </TextEquiv>
            </TextLine>
            <TextLine id="r1l123" custom="readingOrder {index:122;}">
                <Coords points="1996,3180 2223,3147 2980,3157 3041,3151 3041,3106 1996,3121"/>
                <Baseline points="2010,3154 2060,3153 2111,3152 2162,3151 2213,3151 2264,3150 2315,3150 2366,3150 2417,3150 2468,3150 2519,3150 2569,3150 2620,3150 2671,3150 2722,3150 2773,3150 2824,3149 2875,3149 2926,3149 2977,3148 3028,3147"/>
                <TextEquiv>
                    <Unicode>gedämpfte, schwermütige Auseinandersetzung über den</Unicode>
                </TextEquiv>
            </TextLine>
            <TextLine id="r1l124" custom="readingOrder {index:123;}">
                <Coords points="540,3159 1497,3168 1487,3122 540,3113"/>
                <Baseline points="552,3155 598,3155 645,3154 691,3154 738,3154 785,3154 831,3154 878,3154 924,3155 971,3155 1018,3155 1064,3156 1111,3156 1157,3157 1204,3157 1251,3158 1297,3158 1344,3159 1390,3159 1437,3160 1484,3160"/>
                <TextEquiv>
                    <Unicode>ebenso gut heißen: „Die Stimme des Tages“ oder</Unicode>
                </TextEquiv>
            </TextLine>
            <TextLine id="r1l125" custom="readingOrder {index:124;}">
                <Coords points="2002,3191 3040,3196 3039,3151 2852,3143 2002,3173"/>
                <Baseline points="2015,3195 2065,3193 2116,3192 2166,3191 2217,3190 2268,3189 2318,3189 2369,3189 2419,3189 2470,3189 2521,3189 2571,3189 2622,3190 2672,3190 2723,3190 2774,3190 2824,3190 2875,3189 2925,3189 2976,3188 3027,3187"/>
                <TextEquiv>
                    <Unicode>Tod der Mutter eines Künstlers war handlungsarm,</Unicode>
                </TextEquiv>
            </TextLine>
            <TextLine id="r1l126" custom="readingOrder {index:125;}">
                <Coords points="535,3197 992,3207 1064,3181 1110,3208 1471,3217 1490,3156 535,3163"/>
                <Baseline points="549,3198 595,3195 641,3194 687,3193 734,3192 780,3192 826,3191 873,3192 919,3192 965,3193 1012,3194 1058,3194 1104,3195 1150,3196 1197,3196 1243,3197 1289,3197 1336,3197 1382,3196 1428,3196 1475,3194"/>
                <TextEquiv>
                    <Unicode>„Schwebende Schleier“ oder Die alte Violine“ oder</Unicode>
                </TextEquiv>
            </TextLine>
            <TextLine id="r1l127" custom="readingOrder {index:126;}">
                <Coords points="1986,3222 2940,3240 3055,3221 3055,3175 1986,3195"/>
                <Baseline points="1999,3235 2051,3234 2103,3233 2155,3233 2207,3232 2259,3232 2311,3232 2364,3232 2416,3232 2468,3232 2520,3232 2572,3232 2624,3232 2676,3232 2729,3232 2781,3231 2833,3231 2885,3230 2937,3230 2989,3229 3042,3228"/>
                <TextEquiv>
                    <Unicode>beklemmend. Was an ihr fein gedacht und vornehm</Unicode>
                </TextEquiv>
            </TextLine>
            <TextLine id="r1l128" custom="readingOrder {index:127;}">
                <Coords points="529,3242 1502,3250 1502,3217 1459,3206 1112,3212 1064,3182 529,3207"/>
                <Baseline points="543,3238 590,3236 637,3234 684,3232 732,3231 779,3230 826,3230 873,3231 921,3231 968,3232 1015,3233 1062,3234 1110,3235 1157,3236 1204,3237 1251,3238 1299,3238 1346,3239 1393,3239 1440,3238 1488,3238"/>
                <TextEquiv>
                    <Unicode>„Lungenhaché mit Ei“. Alles paßt; vorausgesetzt</Unicode>
                </TextEquiv>
            </TextLine>
            <TextLine id="r1l129" custom="readingOrder {index:128;}">
                <Coords points="1998,3282 3044,3281 3043,3225 1998,3229"/>
                <Baseline points="2012,3276 2062,3275 2113,3274 2164,3273 2215,3273 2266,3272 2317,3272 2368,3272 2419,3272 2470,3272 2521,3272 2571,3272 2622,3272 2673,3272 2724,3272 2775,3271 2826,3271 2877,3270 2928,3269 2979,3267 3030,3265"/>
                <TextEquiv>
                    <Unicode>empfunden war, das kam im harten Bühnenlicht nicht</Unicode>
                </TextEquiv>
            </TextLine>
            <TextLine id="r1l130" custom="readingOrder {index:129;}">
                <Coords points="538,3270 1476,3279 1476,3250 1220,3226 538,3238"/>
                <Baseline points="551,3273 596,3273 642,3272 687,3272 733,3272 779,3271 824,3271 870,3271 915,3272 961,3272 1007,3272 1052,3273 1098,3273 1143,3274 1189,3275 1235,3276 1280,3277 1326,3278 1371,3279 1417,3281 1463,3282"/>
                <TextEquiv>
                    <Unicode>nur, daß es ein bißchen weich und melancholisch aus¬</Unicode>
                </TextEquiv>
            </TextLine>
            <TextLine id="r1l131" custom="readingOrder {index:130;}">
                <Coords points="1996,3330 2712,3294 3047,3330 3049,3276 1995,3282"/>
                <Baseline points="2010,3316 2061,3315 2112,3315 2163,3314 2215,3314 2266,3313 2317,3313 2369,3313 2420,3312 2471,3312 2523,3312 2574,3312 2625,3312 2676,3311 2728,3311 2779,3311 2830,3311 2882,3310 2933,3310 2984,3309 3036,3308"/>
                <TextEquiv>
                    <Unicode>zur Geltung. „Der Puppenspieler“ der immerhin</Unicode>
                </TextEquiv>
            </TextLine>
            <TextLine id="r1l132" custom="readingOrder {index:131;}">
                <Coords points="531,3321 1491,3319 1470,3276 532,3262"/>
                <Baseline points="545,3313 591,3313 638,3312 685,3312 731,3311 778,3311 825,3311 871,3311 918,3312 965,3312 1012,3312 1058,3313 1105,3313 1152,3314 1198,3314 1245,3315 1292,3315 1338,3316 1385,3316 1432,3317 1479,3317"/>
                <TextEquiv>
                    <Unicode>sieht. Die schauspielerische Kunst des Lessing=Theaters</Unicode>
                </TextEquiv>
            </TextLine>
            <TextLine id="r1l133" custom="readingOrder {index:132;}">
                <Coords points="1994,3362 3037,3353 3036,3313 2812,3325 2715,3293 2651,3321 1994,3327"/>
                <Baseline points="2006,3358 2056,3356 2107,3355 2158,3353 2209,3353 2260,3352 2310,3352 2361,3352 2412,3351 2463,3351 2514,3352 2564,3352 2615,3352 2666,3352 2717,3352 2768,3351 2818,3351 2869,3350 2920,3349 2971,3348 3022,3347"/>
                <TextEquiv>
                    <Unicode>mehr vom robusten Theaternaturell besitzt, ist um der</Unicode>
                </TextEquiv>
            </TextLine>
            <TextLine id="r1l134" custom="readingOrder {index:133;}">
                <Coords points="526,3346 699,3372 1149,3351 1480,3387 1497,3318 526,3317"/>
                <Baseline points="540,3347 587,3348 634,3349 681,3349 728,3350 775,3351 822,3351 870,3352 917,3352 964,3353 1011,3353 1058,3354 1105,3354 1152,3355 1200,3355 1247,3356 1294,3357 1341,3357 1388,3358 1435,3359 1483,3360"/>
                <TextEquiv>
                    <Unicode>ist für diese bunten Nichtigkeiten zu stark und zu</Unicode>
                </TextEquiv>
            </TextLine>
            <TextLine id="r1l135" custom="readingOrder {index:134;}">
                <Coords points="527,3401 1487,3395 1487,3360 527,3358"/>
                <Baseline points="539,3395 585,3394 632,3393 679,3392 725,3391 772,3391 819,3390 865,3390 912,3390 959,3390 1006,3391 1052,3391 1099,3391 1146,3392 1192,3393 1239,3394 1286,3395 1332,3395 1379,3396 1426,3397 1473,3398"/>
                <TextEquiv>
                    <Unicode>wuchtig. Es wird zu viel Ibsensches hineingetan, zu</Unicode>
                </TextEquiv>
            </TextLine>
            <TextLine id="r1l136" custom="readingOrder {index:135;}">
                <Coords points="2000,3401 3024,3395 3045,3357 1999,3364"/>
                <Baseline points="2014,3398 2064,3396 2115,3395 2166,3394 2217,3394 2268,3393 2319,3393 2370,3392 2421,3392 2472,3392 2523,3392 2573,3392 2624,3393 2675,3393 2726,3393 2777,3393 2828,3392 2879,3392 2930,3392 2981,3391 3032,3390"/>
                <TextEquiv>
                    <Unicode>Wirkung willen vorangestellt worden. Und er hat</Unicode>
                </TextEquiv>
            </TextLine>
            <TextLine id="r1l137" custom="readingOrder {index:136;}">
                <Coords points="535,3429 1382,3451 1492,3430 1492,3387 535,3397"/>
                <Baseline points="548,3433 594,3432 641,3432 687,3432 734,3432 780,3431 827,3431 873,3431 920,3431 966,3431 1013,3431 1059,3431 1106,3432 1152,3432 1199,3432 1245,3433 1292,3433 1338,3434 1385,3434 1431,3435 1478,3436"/>
                <TextEquiv>
                    <Unicode>viel Fjordluft, anstatt der unden Düfte des Wurstl¬</Unicode>
                </TextEquiv>
            </TextLine>
            <TextLine id="r1l138" custom="readingOrder {index:137;}">
                <Coords points="1998,3443 3038,3439 3037,3393 2885,3383 1997,3400"/>
                <Baseline points="2010,3438 2060,3437 2111,3435 2162,3435 2212,3434 2263,3433 2314,3433 2364,3433 2415,3432 2466,3432 2517,3432 2567,3432 2618,3432 2669,3431 2719,3431 2770,3431 2821,3431 2871,3430 2922,3430 2973,3429 3024,3428"/>
                <TextEquiv>
                    <Unicode>denn auch einigermaßen Eindruck gemacht. Ein starkes</Unicode>
                </TextEquiv>
            </TextLine>
            <TextLine id="r1l139" custom="readingOrder {index:138;}">
                <Coords points="1995,3487 3029,3478 3045,3433 1994,3441"/>
                <Baseline points="2009,3476 2060,3476 2111,3476 2162,3476 2213,3475 2264,3475 2315,3474 2367,3473 2418,3473 2469,3472 2520,3471 2571,3471 2622,3471 2673,3470 2725,3470 2776,3470 2827,3471 2878,3471 2929,3472 2980,3473 3032,3474"/>
                <TextEquiv>
                    <Unicode>Theater=Echo zu wecken ist freilich auch dieses Stückchen</Unicode>
                </TextEquiv>
            </TextLine>
            <TextLine id="r1l140" custom="readingOrder {index:139;}">
                <Coords points="532,3480 1484,3479 1484,3436 688,3451 533,3424"/>
                <Baseline points="545,3472 591,3473 637,3473 683,3473 730,3473 776,3473 822,3473 869,3473 915,3472 961,3472 1008,3472 1054,3472 1100,3472 1146,3472 1193,3472 1239,3473 1285,3473 1332,3474 1378,3475 1424,3476 1471,3477"/>
                <TextEquiv>
                    <Unicode>praters. Bassermann beispielsweise, der im</Unicode>
                </TextEquiv>
            </TextLine>
            <TextLine id="r1l141" custom="readingOrder {index:140;}">
                <Coords points="535,3505 936,3523 982,3496 1030,3526 1273,3530 1399,3501 1487,3528 1487,3485 1268,3460 535,3478"/>
                <Baseline points="549,3510 595,3510 641,3511 687,3511 734,3510 780,3510 826,3510 873,3510 919,3510 965,3510 1012,3510 1058,3510 1104,3510 1150,3511 1197,3511 1243,3511 1289,3512 1336,3513 1382,3514 1428,3515 1475,3516"/>
                <TextEquiv>
                    <Unicode>ersten Stücke einen Heruntergekommenen, im</Unicode>
                </TextEquiv>
            </TextLine>
            <TextLine id="r1l142" custom="readingOrder {index:141;}">
                <Coords points="1989,3523 3045,3512 3044,3478 2852,3466 1988,3488"/>
                <Baseline points="2002,3522 2053,3520 2104,3518 2156,3516 2207,3515 2259,3514 2310,3513 2361,3513 2413,3513 2464,3512 2516,3512 2567,3512 2618,3512 2670,3512 2721,3512 2773,3512 2824,3512 2875,3512 2927,3512 2978,3511 3030,3510"/>
                <TextEquiv>
                    <Unicode>nicht geeignet und sehr geräuschvollen Beifall hat keines!</Unicode>
                </TextEquiv>
            </TextLine>
            <TextLine id="r1l143" custom="readingOrder {index:142;}">
                <Coords points="526,3549 1491,3558 1491,3523 1395,3509 526,3517"/>
                <Baseline points="539,3546 588,3546 637,3547 687,3547 736,3547 786,3547 835,3548 884,3548 934,3549 983,3549 1033,3550 1082,3550 1132,3550 1181,3551 1230,3551 1280,3551 1329,3551 1379,3551 1428,3551 1478,3551"/>
                <TextEquiv>
                    <Unicode>dritten Stücke einen eitlen Gecken mit grandiosen,</Unicode>
                </TextEquiv>
            </TextLine>
            <TextLine id="r1l144" custom="readingOrder {index:143;}">
                <Coords points="2003,3570 3046,3569 3046,3511 2003,3519"/>
                <Baseline points="2016,3560 2066,3558 2117,3556 2168,3555 2219,3555 2270,3554 2321,3554 2371,3554 2422,3554 2473,3554 2524,3554 2575,3555 2626,3555 2677,3555 2727,3555 2778,3556 2829,3556 2880,3556 2931,3555 2982,3555 3033,3554"/>
                <TextEquiv>
                    <Unicode>der vier Dramen hervorgerufen. Am lebhaftesten wirkte</Unicode>
                </TextEquiv>
            </TextLine>
            <TextLine id="r1l145" custom="readingOrder {index:144;}">
                <Coords points="522,3601 1484,3595 1484,3568 1386,3557 522,3550"/>
                <Baseline points="535,3588 581,3588 628,3587 675,3587 722,3587 769,3588 816,3588 862,3588 909,3589 956,3589 1003,3590 1050,3591 1097,3591 1144,3592 1190,3592 1237,3593 1284,3593 1331,3593 1378,3593 1425,3593 1472,3593"/>
                <TextEquiv>
                    <Unicode>fast dämonischen Allüren gab, ist für diese Kunst zu</Unicode>
                </TextEquiv>
            </TextLine>
            <TextLine id="r1l146" custom="readingOrder {index:145;}">
                <Coords points="1989,3595 3040,3603 3040,3563 2978,3555 1989,3568"/>
                <Baseline points="2003,3599 2054,3598 2105,3597 2156,3596 2207,3595 2258,3595 2309,3594 2361,3594 2412,3594 2463,3594 2514,3594 2565,3594 2616,3595 2667,3595 2719,3595 2770,3595 2821,3595 2872,3595 2923,3595 2974,3594 3026,3594"/>
                <TextEquiv>
                    <Unicode>noch „Die Frau mit dem Dolche“ und die übermütig</Unicode>
                </TextEquiv>
            </TextLine>
            <TextLine id="r1l147" custom="readingOrder {index:146;}">
                <Coords points="533,3626 1480,3641 1480,3593 533,3593"/>
                <Baseline points="547,3629 592,3629 638,3629 684,3629 730,3629 776,3630 822,3630 868,3630 914,3630 960,3631 1006,3631 1051,3631 1097,3631 1143,3631 1189,3632 1235,3632 1281,3632 1327,3632 1373,3633 1419,3633 1465,3633"/>
                <TextEquiv>
                    <Unicode>nervös, zu flackernd. Hat jemals einer schon einen</Unicode>
                </TextEquiv>
            </TextLine>
            <TextLine id="r1l148" custom="readingOrder {index:147;}">
                <Coords points="1989,3649 3051,3635 3051,3603 3002,3595 1989,3598"/>
                <Baseline points="2003,3636 2054,3636 2106,3636 2158,3636 2209,3636 2261,3636 2313,3636 2364,3636 2416,3636 2468,3636 2520,3636 2571,3636 2623,3636 2675,3635 2726,3635 2778,3635 2830,3634 2881,3634 2933,3634 2985,3633 3037,3632"/>
                <TextEquiv>
                    <Unicode>witzige, satirische Burleske „Literatur“. Die Fletzten</Unicode>
                </TextEquiv>
            </TextLine>
            <TextLine id="r1l149" custom="readingOrder {index:148;}">
                <Coords points="529,3672 1050,3660 1475,3690 1449,3637 529,3630"/>
                <Baseline points="543,3668 591,3667 639,3667 688,3666 736,3666 784,3666 833,3666 881,3667 929,3667 978,3668 1026,3669 1075,3669 1123,3670 1171,3671 1220,3671 1268,3672 1316,3672 1365,3672 1413,3671 1462,3671"/>
                <TextEquiv>
                    <Unicode>dämonischen Wiener gesehen? Gewiß nicht; und auch</Unicode>
                </TextEquiv>
            </TextLine>
            <TextLine id="r1l150" custom="readingOrder {index:149;}">
                <Coords points="1995,3687 2160,3692 2198,3665 2289,3702 2361,3672 2580,3693 2639,3669 2682,3698 2933,3684 2957,3641 1994,3639"/>
                <Baseline points="2009,3678 2055,3678 2102,3678 2149,3678 2195,3678 2242,3678 2289,3677 2335,3677 2382,3677 2429,3677 2476,3677 2522,3676 2569,3676 2616,3676 2662,3676 2709,3676 2756,3676 2802,3676 2849,3676 2896,3676 2943,3676"/>
                <TextEquiv>
                    <Unicode>Masken“ machten am wenigsten Eindruck und ze</Unicode>
                </TextEquiv>
            </TextLine>
            <TextLine id="r1l151" custom="readingOrder {index:150;}">
                <Coords points="518,3725 1478,3722 1479,3688 519,3669"/>
                <Baseline points="533,3708 579,3707 626,3707 672,3707 719,3707 765,3707 812,3707 858,3707 905,3708 951,3708 998,3709 1045,3709 1091,3710 1138,3710 1184,3710 1231,3711 1277,3711 1324,3711 1370,3711 1417,3711 1464,3711"/>
                <TextEquiv>
                    <Unicode>die Nervosität ist unangebracht bei dieser gemütlichen,</Unicode>
                </TextEquiv>
            </TextLine>
            <TextLine id="r1l152" custom="readingOrder {index:151;}">
                <Coords points="1994,3705 2978,3725 3061,3716 3061,3647 2973,3645 2933,3682 1994,3686"/>
                <Baseline points="2007,3718 2059,3717 2111,3716 2163,3716 2215,3716 2267,3716 2319,3716 2371,3716 2423,3716 2475,3717 2528,3717 2580,3717 2632,3717 2684,3717 2736,3716 2788,3715 2840,3714 2892,3712 2944,3710 2996,3707 3049,3704"/>
                <TextEquiv>
                    <Unicode>still verüber. Kaum daß sich einigefreundliche</Unicode>
                </TextEquiv>
            </TextLine>
            <TextLine id="r1l153" custom="readingOrder {index:152;}">
                <Coords points="517,3764 725,3741 1458,3764 1474,3713 517,3727"/>
                <Baseline points="531,3751 577,3749 624,3748 670,3746 717,3746 763,3745 810,3745 856,3746 903,3746 949,3747 996,3747 1042,3748 1089,3749 1135,3750 1182,3750 1228,3751 1275,3751 1321,3751 1368,3750 1414,3750 1461,3749"/>
                <TextEquiv>
                    <Unicode>gelassenen und bequemen Muse. Auch sonst war alles</Unicode>
                </TextEquiv>
            </TextLine>
            <TextLine id="r1l154" custom="readingOrder {index:153;}">
                <Coords points="2005,3768 2903,3764 2975,3753 2975,3718 2004,3710"/>
                <Baseline points="2017,3759 2064,3758 2111,3757 2158,3757 2206,3757 2253,3756 2300,3756 2348,3756 2395,3756 2442,3756 2490,3755 2537,3755 2584,3755 2631,3755 2679,3755 2726,3755 2773,3755 2821,3754 2868,3754 2915,3753 2963,3752"/>
                <TextEquiv>
                    <Unicode>Hände regten. Immerhin brachte der Abend</Unicode>
                </TextEquiv>
            </TextLine>
            <TextLine id="r1l155" custom="readingOrder {index:154;}">
                <Coords points="516,3795 1449,3807 1482,3764 516,3766"/>
                <Baseline points="530,3788 576,3787 623,3787 670,3786 717,3786 764,3786 811,3786 858,3786 905,3787 952,3787 999,3788 1045,3788 1092,3789 1139,3789 1186,3790 1233,3790 1280,3791 1327,3791 1374,3792 1421,3792 1468,3792"/>
                <TextEquiv>
                    <Unicode>zu nordisch: die kalte Leidenschaft der Irene Triesch,</Unicode>
                </TextEquiv>
            </TextLine>
            <TextLine id="r1l156" custom="readingOrder {index:155;}">
                <Coords points="1986,3814 2730,3786 3056,3812 3055,3753 1986,3760"/>
                <Baseline points="2001,3803 2053,3801 2105,3800 2157,3798 2209,3798 2261,3797 2313,3796 2365,3796 2417,3796 2469,3795 2521,3795 2573,3795 2625,3795 2677,3794 2729,3794 2781,3794 2833,3793 2885,3793 2937,3792 2989,3791 3042,3790"/>
                <TextEquiv>
                    <Unicode>manches, woran ein feinhöriges Ohr sich erbauen und</Unicode>
                </TextEquiv>
            </TextLine>
            <TextLine id="r1l157" custom="readingOrder {index:156;}">
                <Coords points="529,3828 1419,3843 1478,3827 1479,3795 529,3790"/>
                <Baseline points="542,3823 588,3823 634,3823 680,3823 726,3823 772,3824 818,3824 864,3825 910,3826 956,3827 1003,3827 1049,3828 1095,3828 1141,3829 1187,3829 1233,3829 1279,3829 1325,3829 1371,3828 1417,3828 1464,3826"/>
                <TextEquiv>
                    <Unicode>Reichers nüchternes Pathos, die kantige Unbeholfen¬</Unicode>
                </TextEquiv>
            </TextLine>
            <TextLine id="r1l158" custom="readingOrder {index:157;}">
                <Coords points="1989,3841 3051,3831 3050,3791 2732,3785 1989,3814"/>
                <Baseline points="2003,3841 2054,3840 2106,3839 2157,3839 2209,3838 2261,3838 2312,3837 2364,3837 2416,3837 2467,3837 2519,3837 2571,3837 2622,3837 2674,3836 2726,3836 2777,3836 2829,3835 2881,3835 2932,3834 2984,3833 3036,3831"/>
                <TextEquiv>
                    <Unicode>ein theaterfreundlicher Sinn sich ergötzen kann. In</Unicode>
                </TextEquiv>
            </TextLine>
            <TextLine id="r1l159" custom="readingOrder {index:158;}">
                <Coords points="523,3863 1480,3892 1480,3828 523,3831"/>
                <Baseline points="536,3860 582,3859 629,3859 675,3859 722,3859 768,3859 815,3860 861,3861 908,3861 954,3862 1001,3863 1047,3864 1094,3865 1140,3866 1187,3866 1233,3867 1280,3868 1326,3868 1373,3869 1419,3869 1466,3869"/>
                <TextEquiv>
                    <Unicode>heit Stielers. Kein Wunder, daß das Publikum</Unicode>
                </TextEquiv>
            </TextLine>
            <TextLine id="r1l160" custom="readingOrder {index:159;}">
                <Coords points="2000,3883 2599,3898 2920,3860 3000,3884 3048,3870 3048,3835 2000,3846"/>
                <Baseline points="2014,3882 2065,3881 2116,3880 2167,3879 2218,3879 2269,3878 2320,3878 2371,3877 2422,3877 2473,3877 2524,3877 2575,3876 2626,3876 2677,3876 2728,3876 2779,3875 2830,3875 2881,3874 2932,3874 2983,3873 3034,3872"/>
                <TextEquiv>
                    <Unicode>den Dramen das stille Träumen und Sinnen eines</Unicode>
                </TextEquiv>
            </TextLine>
            <TextLine id="r1l161" custom="readingOrder {index:160;}">
                <Coords points="523,3901 1481,3924 1481,3876 1441,3871 524,3861"/>
                <Baseline points="536,3899 582,3901 629,3903 675,3903 722,3904 769,3905 815,3905 862,3905 908,3905 955,3905 1002,3905 1048,3905 1095,3905 1141,3905 1188,3905 1235,3905 1281,3905 1328,3906 1374,3906 1421,3907 1468,3909"/>
                <TextEquiv>
                    <Unicode>manches mißverstand, an unrechter Stelle lachte und</Unicode>
                </TextEquiv>
            </TextLine>
            <TextLine id="r1l162" custom="readingOrder {index:161;}">
                <Coords points="1996,3923 3054,3922 3054,3865 1995,3883"/>
                <Baseline points="2009,3923 2060,3922 2112,3922 2163,3921 2215,3921 2266,3920 2318,3920 2369,3920 2421,3919 2472,3919 2524,3919 2576,3918 2627,3918 2679,3918 2730,3917 2782,3916 2833,3916 2885,3915 2936,3914 2988,3913 3040,3912"/>
                <TextEquiv>
                    <Unicode>Autors, der nicht immer und nicht bezwingend stark</Unicode>
                </TextEquiv>
            </TextLine>
            <TextLine id="r1l163" custom="readingOrder {index:162;}">
                <Coords points="517,3953 1223,3950 1274,3969 1258,3905 518,3908"/>
                <Baseline points="530,3944 566,3944 603,3944 639,3944 676,3944 713,3944 749,3944 786,3944 822,3944 859,3944 896,3944 932,3944 969,3944 1005,3945 1042,3945 1079,3945 1115,3945 1152,3945 1188,3946 1225,3946 1262,3947"/>
                <TextEquiv>
                    <Unicode>mit dem Beifall nicht recht herauswollte. </Unicode>
                </TextEquiv>
            </TextLine>
            <TextLine id="r1l164" custom="readingOrder {index:163;}">
                <Coords points="1989,3979 2198,3982 2243,3944 2289,3979 2492,3953 2559,3984 3051,3947 3013,3913 1989,3925"/>
                <Baseline points="2003,3963 2054,3962 2106,3962 2157,3962 2209,3961 2261,3961 2312,3961 2364,3960 2416,3960 2467,3960 2519,3959 2571,3959 2622,3958 2674,3958 2726,3957 2777,3957 2829,3956 2881,3955 2932,3954 2984,3953 3036,3952"/>
                <TextEquiv>
                    <Unicode>Dramatiker aber immer Dichter ist, in der Auf¬</Unicode>
                </TextEquiv>
            </TextLine>
            <TextLine id="r1l165" custom="readingOrder {index:164;}">
                <Coords points="1268,3954 1297,3962 1329,3998 1357,3987 1390,4001 1429,3991 1458,3994 1463,3943 1447,3942 1437,3930 1360,3925 1337,3939 1325,3927 1314,3932 1296,3922 1271,3922"/>
                <Baseline points="1281,3972 1308,3978 1335,3982 1362,3984 1389,3985 1416,3987 1444,3991"/>
                <TextEquiv>
                    <Unicode>V.2.</Unicode>
                </TextEquiv>
            </TextLine>
            <TextLine id="r1l166" custom="readingOrder {index:165;}">
                <Coords points="1996,3997 2964,4008 3057,3996 3057,3951 1995,3968"/>
                <Baseline points="2009,4003 2060,4003 2112,4003 2164,4003 2216,4002 2267,4002 2319,4002 2371,4001 2423,4001 2474,4000 2526,3999 2578,3999 2630,3998 2681,3997 2733,3997 2785,3996 2837,3995 2888,3995 2940,3994 2992,3993 3044,3993"/>
                <TextEquiv>
                    <Unicode>führung die Gelegenheit zur Entfaltung ihres</Unicode>
                </TextEquiv>
            </TextLine>
            <TextLine id="r1l167" custom="readingOrder {index:166;}">
                <Coords points="1994,4042 3066,4044 3066,3998 3031,3993 1994,3997"/>
                <Baseline points="2007,4040 2059,4040 2111,4040 2163,4040 2216,4039 2268,4039 2320,4039 2372,4039 2425,4038 2477,4038 2529,4038 2581,4038 2634,4037 2686,4037 2738,4037 2790,4036 2843,4036 2895,4036 2947,4035 2999,4034 3052,4034"/>
                <TextEquiv>
                    <Unicode>Könnens für Irene Triesch und Bassermann. Dabei</Unicode>
                </TextEquiv>
            </TextLine>
            <TextLine id="r1l168" custom="readingOrder {index:167;}">
                <Coords points="1300,4045 1321,4045 1342,4054 1353,4052 1377,4069 1395,4066 1398,3992 1381,3994 1358,3985 1347,3995 1336,3992 1317,4005 1301,4002"/>
                <Baseline points="1312,4041 1348,4041 1384,4043"/>
                <TextEquiv>
                    <Unicode>W</Unicode>
                </TextEquiv>
            </TextLine>
            <TextLine id="r1l169" custom="readingOrder {index:168;}">
                <Coords points="1993,4086 2939,4095 3062,4081 3062,4049 1992,4043"/>
                <Baseline points="2006,4080 2058,4080 2110,4080 2162,4080 2214,4080 2266,4080 2318,4079 2371,4079 2423,4079 2475,4079 2527,4078 2579,4078 2631,4078 2683,4077 2736,4077 2788,4076 2840,4076 2892,4075 2944,4074 2996,4074 3049,4073"/>
                <TextEquiv>
                    <Unicode>kann man mit Interesse verfolgen, wie sich zarte Fäden</Unicode>
                </TextEquiv>
            </TextLine>
            <TextLine id="r1l170" custom="readingOrder {index:169;}">
                <Coords points="1997,4114 3069,4124 3045,4079 1997,4087"/>
                <Baseline points="2010,4120 2062,4121 2114,4122 2166,4122 2219,4122 2271,4122 2323,4122 2376,4122 2428,4121 2480,4121 2533,4120 2585,4120 2637,4119 2689,4119 2742,4118 2794,4118 2846,4117 2899,4117 2951,4117 3003,4117 3056,4118"/>
                <TextEquiv>
                    <Unicode>vom tiefen, rauhen nordischen Grübler Ibsen zum</Unicode>
                </TextEquiv>
            </TextLine>
            <TextLine id="r1l171" custom="readingOrder {index:170;}">
                <Coords points="2964,4146 2996,4147 2999,4144 3034,4146 3035,4122 3016,4121 3005,4126 3002,4123 2994,4126 2984,4120 2965,4119"/>
                <Baseline points="2978,4145 3020,4146"/>
                <TextEquiv>
                    <Unicode>en</Unicode>
                </TextEquiv>
            </TextLine>
            <TextLine id="r1l172" custom="readingOrder {index:171;}">
                <Coords points="2015,4171 2029,4170 2036,4161 2041,4161 2049,4152 2059,4148 2076,4160 2090,4159 2087,4130 2071,4131 2066,4126 2055,4127 2052,4130 2047,4128 2044,4131 2039,4126 2012,4128"/>
                <Baseline points="2027,4157 2052,4151 2077,4153"/>
                <TextEquiv>
                    <Unicode>— 1</Unicode>
                </TextEquiv>
            </TextLine>
            <TextLine id="r1l173" custom="readingOrder {index:172;}">
                <Coords points="2212,4164 2303,4160 2324,4182 2396,4188 2397,4124 2298,4125 2290,4131 2256,4117 2229,4132 2213,4129"/>
                <Baseline points="2226,4159 2252,4156 2278,4155 2304,4156 2330,4158 2356,4159 2382,4158"/>
                <TextEquiv>
                    <Unicode>K</Unicode>
                </TextEquiv>
            </TextLine>
            <TextEquiv>
                <Unicode>us
16.1. Lebendige Stundenzyk##. box 21/5
Telephon 1280
Telephon 12801.
8
2 ammn KeTnratinresamn
Mimi Weirerrrerresntg
O l. österr. behördl. konz. Unternehmen für Zeitungs-Ausschnit
—
6
□ l. österr. behördl. konz. Unternehmen für Zeitungs-Ausschnitte
Wien, I., Concordiaplatz 4.
4
Wien, I., Concordiaplatz 4.
Vertretungen
∆ in Berlin, Budapest, Chicago, Christiania, Genf, Koper
Vertretungen
hagen, London, Madrid, Mailand, Minneapolis, New-Vor
0 in Berlin, Budapest, Chicago, Christiania, Genf, Kopen¬
Paris, Rom San Francisco, Stockhel,
PeteB
 hagen, London, Madrid, Mailand, Minneapolis, New-Vork,
Bernnenmmiets Lurter

Paris, Rom, San Francisco, Stockhoh, St. Petersburg.
(Quellenangabe ohne Gewäbr.)
 Ausschnitt aus: Morgenausgabe
3
□ Ausschnittlauiner Börsen Zeitung, Berlin
81
# 3 1008
—
E vom:
E vom5- 2 ser„ Morgenausgabe
Vor den Kulissen.
Kunst und Wissenschaft.
Das Lessing=Theater demonstriert uns ein
Im Lessing=Theater sind gestern vier Ein¬
Stückchen praktischer Seelenwanderung. Die Bühnen¬
jakter Schnitzlers aufgeführt worden, die den ge¬
werke, die bereits zu früheren Zeiten unter anderen

—Lebendige Stunden“ führen
Sternen auf anderen weltbedeutenden Brettern gelebt,
und dem Theaterfreunde schon bekannt sein dürften.
gewirkt, vollendet haben, sie leben hier vor unseren
Wenigstens sind sie bereits bei Fischer im Buchhandel
Augen wieder auf. Je nach Verdienst und Schicksal
erschienen und so wird wohl auch schon eine
in höheren oder untergeordneteren Daseinsformen,
ältere Aufführung vorliegen. Genaueres weiß der
Ganz der Brahmanenlehre gemäß. Gestern feierten
Rezensent nicht zu sagen, der bei diesem Wirrwarr
Schnitzlers „Lebendige Stunden“ hier ihre
gleichgültiger Theaterstücke sich kaum noch an den
Titel der letzten Premiere erinnert. Uebriegens
Auferfrehunge- Seltsam genug: die Wiederkehr von
sind Einakter immer noch das Beste was
Bühnendichtungen, die selbst den Gedanken der Wieder¬
aus Arthur Schnitzlers Werkstatt kommt,
und
kehr poetisch behandeln. Denn etwas von dem, was
an nichts kann man seine Manier so
gut
an dem Glauben vom Fortleben und Wiedererscheiken
studieren wie an dieser litterarischen Gattung. Vor¬
poetisch ist, etwas von dem, was am modernen Occul¬
ausgesetzt, daß es überhaupt die Mühe lohnt, die
tismus, an Theosophie und dergleichen wissenschaftlich
Manier des Herin A. Schnitzler, Dr. med. aus Wien, zu
maskierte Dichtung ist, wirft ja wohl seine huschenden
studieren. Für größere Entreprisen reicht dieses Wiener¬
Reflexe auf diese kleinen Dramen. Der Held der
schwächliche und weichliche Psyche nicht aus und nichte
„Puppenspiele“ mit seiner Lehre von der Zauberkraft
fällt einem gesunden Geschmack so auf die Nerven wie
eines stillen Wunsches, mehr noch die Heldin der
etwa das fünfarage Geflüster des „Zwischenspiels“
„Frau mit dem Dolche“, die im nüchternen modernen
oder des „Einsamen Weges“. In so einem Einakter
Kostüm in unseren Tagen wiedererlebt, was sie der¬
aber der eigentlich nichts ist als ein Dialog, braucht
einst im farbenfreudigen Cinquecento schon fiebernd
sich seine seelische Leerheit und Mattherzigkeit nicht be¬
erlitt.
sonders zu strapazieren, kann sich gemächlich geben
Der Einakterstrauß erschien gestern in anderer
wie sie ist. Man nimmt nichts übel, denn
Zusammensetzung, und anders als vor sechs Jahren
man weiß, nach fünfzehn Minuten werden die
hat er gewirkt. Dir. Brahm, im eigentlichsten Sinne
langstieligen Puppen da oben ja doch wieder
des Wortes unser literarischer Bühnenleiter,
in die Schachtel gepackt. Dann kommen zwa;
und den Theateranforderungen, den Theaterpraktiken
gleich darauf die Puppen des nächsten Stückes
gegenüber der Vertreter sorgsamster Rücksichtnahme
aber die haben doch wenigstens andere Kostüm
auf die Dichter und ihre Werke, hat diesmal der
und Bärte um, und so erlebt man immerhi
Repertoir = Zweckmäßigkeit zuliebe der natürlichen
etwas. Der Gesamtname „Lebendige Stunden
Gruppierung der Stücke Gewalt angetan. Er hat
hat natürlich mit den vier Stücken nicht das
aus dem ursprünglichen Dramenquartett die führende
geringste zu tun, er ist nur der Zierde halber da
Lebendige Stunden .. .. das ist echt schnitzlerisch
Stimme, das Werk, das dem Zyklus den Namen
wehmütig und weich; es klingt hübsch und sag
und den Inhalt gab, eben den Einakter „Lebendige
gar nichts. Charakteristisch ist, daß dieser Name
Stunden“, entfernt, und dafür den Puppenspieler“ an
eigentlich von dem ersten Einakter des Zyklus
die Spitze gestellt, der zu dieser Komposition
übernommen wurde,
der aber gestern gar nicht
nicht gehört und ihre Grundstimmung nich
aufgeführt wurde. Trotzdem läßt man den
n
Namen ruhig stehen, weil er sich nett macht
teilt. Jener Einakter, „Lebendige Stunden“, eine
und ja überhaupt nichts bedeuten soll. Es könnte
gedämpfte, schwermütige Auseinandersetzung über den
ebenso gut heißen: „Die Stimme des Tages“ oder
Tod der Mutter eines Künstlers war handlungsarm,
„Schwebende Schleier“ oder Die alte Violine“ oder
beklemmend. Was an ihr fein gedacht und vornehm
„Lungenhaché mit Ei“. Alles paßt; vorausgesetzt
empfunden war, das kam im harten Bühnenlicht nicht
nur, daß es ein bißchen weich und melancholisch aus¬
zur Geltung. „Der Puppenspieler“ der immerhin
sieht. Die schauspielerische Kunst des Lessing=Theaters
mehr vom robusten Theaternaturell besitzt, ist um der
ist für diese bunten Nichtigkeiten zu stark und zu
wuchtig. Es wird zu viel Ibsensches hineingetan, zu
Wirkung willen vorangestellt worden. Und er hat
viel Fjordluft, anstatt der unden Düfte des Wurstl¬
denn auch einigermaßen Eindruck gemacht. Ein starkes
Theater=Echo zu wecken ist freilich auch dieses Stückchen
praters. Bassermann beispielsweise, der im
ersten Stücke einen Heruntergekommenen, im
nicht geeignet und sehr geräuschvollen Beifall hat keines!
dritten Stücke einen eitlen Gecken mit grandiosen,
der vier Dramen hervorgerufen. Am lebhaftesten wirkte
fast dämonischen Allüren gab, ist für diese Kunst zu
noch „Die Frau mit dem Dolche“ und die übermütig
nervös, zu flackernd. Hat jemals einer schon einen
witzige, satirische Burleske „Literatur“. Die Fletzten
dämonischen Wiener gesehen? Gewiß nicht; und auch
Masken“ machten am wenigsten Eindruck und ze
die Nervosität ist unangebracht bei dieser gemütlichen,
still verüber. Kaum daß sich einigefreundliche
gelassenen und bequemen Muse. Auch sonst war alles
Hände regten. Immerhin brachte der Abend
zu nordisch: die kalte Leidenschaft der Irene Triesch,
manches, woran ein feinhöriges Ohr sich erbauen und
Reichers nüchternes Pathos, die kantige Unbeholfen¬
ein theaterfreundlicher Sinn sich ergötzen kann. In
heit Stielers. Kein Wunder, daß das Publikum
den Dramen das stille Träumen und Sinnen eines
manches mißverstand, an unrechter Stelle lachte und
Autors, der nicht immer und nicht bezwingend stark
mit dem Beifall nicht recht herauswollte. 
Dramatiker aber immer Dichter ist, in der Auf¬
V.2.
führung die Gelegenheit zur Entfaltung ihres
Könnens für Irene Triesch und Bassermann. Dabei
W
kann man mit Interesse verfolgen, wie sich zarte Fäden
vom tiefen, rauhen nordischen Grübler Ibsen zum
en
— 1
K</Unicode>
            </TextEquiv>
        </TextRegion>
    </Page>
</PcGts>
