3436 4224
2147 131 2559 223 box 21/2
287 141 1963 246 16.1. Lebendige Stunden Zyklus
929 822 1351 893 Telefon 12801.
460 900 1820 1009 Alex. Weigl's Unternehmen für Zeitungs-Ausschnitte
1486 964 1700 1032 Ausschnitt
816 981 1831 1145 „OBSERVER“ N. 72
417 1100 1885 1237 I. österr. behördl. conc. Bureau für Zeitungsberichte u. Personalnachrichten
615 1182 1728 1288 Wien, IX/j, Türkenstrasse 17.
817 1267 1504 1378 „ Filiale in Budapest: „Figyeló“ -
418 1335 1895 1461 Vertretungen in Berlin. Chicago, Genf, London, Newyork, Paris, Rom, Stockholm.
430 1488 976 1599 Ausschnitt aus:
441 1657 968 1755 vom %/7 „907.
944 2114 1413 2291 Eheater.
1741 2200 2867 2280 wiegt, dieses Drama gewollt als die „Lebendigen Stun
1758 2267 2837 2324 gekonnt zu haben, so viel bequemer ist es, statt einer
914 2250 1449 2341 Musik siehe zweite Beilage.
1769 2308 2810 2377 tragödie vier einaktige „Stücke“ zu geben, deren
640 2299 1778 2382 Neue freie Volksbühne. Gestern Nachmittag sollte ein Werk
1772 2349 2794 2414 Gehalt von einem Theaterpublikum gerade noch
564 2342 1781 2419 für die Bühne erobert werden, das noch niemas gespielt worden
572 2386 1780 2461 ist und das bei der chaotischen Zerrissenheit seiner Form der Scene
1776 2394 2776 2456 werden kann. Wer vieles bringt, wird manche
576 2434 1774 2497 zu spotten schien. Von Georg Büchners „Dantons Tod“, diesem
1777 2437 2758 2505 bringen, und ganz unbefriedigt ging am Sonnabe
622 2474 2738 2552 ündel hochgenialer Szenen, das das Drama der großen Revo= aus dem Haus, in dem man vier an Art und A
649 2516 2743 2591 ion geblieben und als solches auch von den Franzosen anerkannt verschiedene Nippes aneinandergekoppelt h
659 2557 2744 2598 den ist, mag am nächsten Montag die Rede sein, nach der Vor= Dramolet, ein Traumstück, eine Tragikom
647 2600 2744 2691 lung der „Freien Volksbühne". Aber auch sie wird über die einen Schwank. Eine Laune des Autors
642 2634 2748 2730 lagkraft und über die Aufführbarkeit des Trauerspiels nicht ent= zusammen, die als Motto das Wort Paul
551 2647 2751 2765 scheiden, da in diesen Vereinen die gleiche enthusiastische Aufnahme vertrügen: tout est matière pour rous, für eud
563 2716 1764 2774 „Die rote Robe", „Das zweite Gesicht“ finden, und da der Dichter
562 2749 2737 2821 nur mit beschränkten Mitteln zur Geltung gebracht, seine Dichtung die ihr eurn Freuden und Schmerzen, tiefste us
562 2782 2759 2852 nur in Umrissen wiedergegeben werden kann. Daß gestern gleich= eurer Kunst dienstbar macht und machen mißt. U
548 2835 2784 2907 wohl mehr als ein Schatten vom Wesen des Dichtwerkes herauf= wieder klingt an, verweilend oder flüchtig, der Gede
551 2867 2796 2943 beschworen wurde, ist das Verdienst einiger ganz unbekannter Marionettenspiel des Lebens, der in der leicht
559 2907 2797 2985 Schauspieler, die, vorläufig mit allen Lastern der Anfängerschaftlischen Welt Schnitzlers häufig wiederkehrt, an letzte
556 2954 1767 3008 behaftet, anscheinend bloß Routine und Regie brauchten, um in
1757 2968 2811 3031 des rätselvollen Menschendaseins wird hier und da
552 2988 1769 3054 jedem Ensemble bestehen zu können. Sie trafen überraschend den
1762 3020 2815 3077 gerührt, die in der dramatischen Kleinarbeit nicht zu
559 3013 1763 3081 Ton des Dramas, Herr Danny Gürtler, ein Danton von impul¬
1770 3063 2818 3127 worten, nur zu bereden sind. Derlei stimmu
559 3067 1760 3127 sivem Temperament und wüster Kraft, der freilich auf die Feinheiten
559 3100 1764 3165 der Figur hingewiesen werden müßte, Herr Fritz Helmer — ein
1761 3104 2809 3164 Spielereien weiß dieser Autor, dem eine Handlung
547 3135 2795 3204 nüchtern=tugendhafter Robespierre — der mit nicht gewöhnlichen spinnen Mühe kostet, mit einer oft raffinirten, d
553 3181 2813 3256 geistigen Mitteln einen interessanten Gestaltungversuch unter= aufdringlichen Technik zu schaffen, säuberliche Erzeugnis
553 3208 2817 3295 nahm, und Herr Emil Geyer, der dem Schmerz de Camille Desmon= vorgeschrittenen Kunsthandwerks, die dem Scharfblick un
553 3261 1755 3325 lins in Gefühlstönen von einer schlichten Echtheit Luft machte, wie
1764 3279 2843 3345 Takt ihres mit weicher Grazie und kosender Anmut
542 3304 1224 3345 sie nicht allzu oft laut werden ...
1207 3308 1754 3359 Der Bann ist also gebrochen,
1762 3320 2963 3383 koketter Ironie und leiser Lyrik begabten Bildners Ehre
541 3339 1755 3399 der auf diesem gewaltigen Wurf eines begnadeten Dichters lagerte,
1761 3366 2965 3415 machen, die nicht nachhaltig wirken, aber angenehm unter¬
541 3372 1755 3433 und hat sich gar der oder jener von unseren Theaterdirektoren,
1749 3406 2963 3479 halten, ohne daß hinterher das ästhetische Gewissen mit
543 3412 1766 3468 deren gedankenschwere Charakterköpfe aus den Logen leuchteten, ans
550 3452 1758 3510 regen lassen, das Wagnis in größerem Maßstabe zu wiederholen,
1753 3455 2961 3518 Vorwürfen sich einzustellen hätte. Doch daß die seelische
539 3485 2966 3559 so hat die „Neue freie Volksbühne“ zu ihren zahlreichen Verdiensten Ergriffenheit ausbleibt, daß das Zwingende fehlt, das von
530 3521 1332 3597 eineues, und nicht das geringste, gefügt.
1537 3539 1687 3593 S. J.
1748 3527 2958 3607 der Notwendigkeit der Dinge überzeugt, das fällt nicht nur
626 3572 2946 3647 Deutsches Theater. Herr Brahm hat nicht den littera-dder Kunstform des „Einakters“ zur Last, dessen natürliche
514 3618 2954 3691 (rischen Ehrgeiz, die Bühnenwirksamkeit von Schnitzlers Unausgeführ heit statt eines lebensvollen Gesamtbildes
525 3654 3069 3768 Schleier der Beatrice“ zu erproben. So viel schwerer es die Augen icksaufnahme von Einzelzügen und Ein#
3033 2219 3105 2284 len
3104 3032 3200 3081 ein
