3436 4224
427 924 3274 1005 nicht, voraussetzen darf: daß er Selbsikritik genug einem Zwischensviel im hohen Renaissance=Gemach l geführt und mit unzähligen hübschen kleinen Poin¬
1360 967 2321 1037 mit — schreckt die moderne Heldin nicht ab von
2307 977 3268 1033 ten geschmückt. Es wird noch viele Menschen, die
429 975 1379 1036 besitzt, seine Arbeiten klug nach ihrem Werthe en
431 1003 2307 1065 ordnen, mit dem Bescheidensten zu beginnen, zum der Sünde. Sie muß das Schicksal ihres Blutes er¬
2304 1020 3268 1085 Sinn für Humor haben, erfreuen und herzlich lachen
134 1015 430 1088 dige Stun¬
422 1046 2319 1108 Werthvolleren fortzuschreiten und den sicheren füllen. Mit dem hastig hervorgestoßenen Verspre¬
2308 1061 3269 1133 machen. Es steht über Allem, was uns der Winter!
138 1070 431 1137 fur Schnitz¬
2311 1091 2681 1161 bis jetzt gebracht.
1369 1091 2316 1155 chen, sich am Abend noch dem Geliebten zu schen¬
431 1100 1085 1146 Schlager an den Schluß zu setzen.
1370 1128 1990 1174 ken, verläßt sie die Galerie..
507 1113 1376 1192 Das erste kleine Schauspiel ist nur ein Dialog.
2372 1120 3281 1189 Ein Wort noch über das Spiel. Die einzigen
137 1125 425 1202 die „Einalter¬
1493 1149 2310 1220 s ist ein interessantes Kunststückchen, das
425 1171 1369 1220 Ein Dialog zwischen dem Sohn einer vor Kurzem
2300 1176 3265 1229 Frauenrollen von Belang in den vier Stücken spielte
145 1173 438 1253 hatte den An¬
1371 1196 2304 1266 Schnitzler hier versucht. Geistreich und mit ehr¬
421 1214 1364 1258 gestorbenen Mutter und deren intimstem Freunde;
2313 1210 3258 1267 [Irene Triesch. Der „Frau mit dem Dolche“
164 1219 432 1282 .Unter den
1370 1240 2317 1297 lichem Streben geht er an die Arbeit. Aber seine
437 1242 1373 1292 ein Dialog, der in behutsam=nüchterner Ibsen¬
2296 1241 3268 1315 gab sie die ganze sinnliche Gluth ihrer Leidenschaft
148 1253 436 1317 “, jenes kleine
432 1279 1379 1335 Manier langsam den Schleier von der interessanten
1373 1279 3278 1360 Kraft reicht hier nicht aus. Es bleibt die Arbeit= und ließ es in der Traumscene nur bedauern, daß
139 1292 435 1352 ngsleben, seine
1364 1325 2318 1378 eines Kunsthandwerkers. Das Pathos stört die
430 1305 1370 1387 Vergangenheit lüftet, und der an Kunst und Wirk¬
2311 1321 3262 1395 hier der Dichter nicht mehr für sie gethan. In
137 1320 433 1389 ann aber, aus
1366 1355 2306 1404 Leidenschaft. Die Modernen stören die Renaissance¬
426 1365 1370 1416 samkeit recht weit hinter seinen Vorbildern zurück¬
2308 1364 3265 1415 der „Literatur“ zeigte sie sich von einer neuen
130 1370 440 1432 ren Kaufmann
1373 1397 2317 1447 Menschen. Die scenische Verwandlung stört die
435 1399 1368 1449 bleibt. Auch ist dees Problem, scheinbar das na¬
2307 1408 3269 1474 Seite Ohne jede Uebertreibung, dabei geschickt¬
125 1408 431 1464 die Einalter
426 1436 1369 1485 türlichste von der Welt, unsympathisch beleuchtet.
1377 1432 3264 1507 Stimmung. Der Vorgang läßt talt und dem desvon der ersten Seene an den Charakter der klugen,
118 1441 436 1518 bendfüllender“
430 1485 1370 1531 Gewiß, das Sterbende, das Kranke, Ueberlebte
1372 1472 3266 1527 Effettes wegen aufgeklebten ehnischen Schluß fehlthehrgeizigen Bohémienne festlegend, schöpfte sie den
140 1495 439 1552 barilehen folgte
1368 1501 1875 1578 die innere Berechtigung.
433 1515 1370 1567 mnuß seine Rechte an die Kraft, an die Jugend, an
2305 1520 3266 1580 hvollen Humor der allerliebsten Rolle aus. Glänzend
137 1518 436 1579 freiten“. Wie¬
431 1551 1374 1601 das Leben abtreten. Aber wenn eine Mutter sich
1433 1555 3274 1608 Bedeutend als Stimmungsbild und ergreifend Rsekundirte Albert Bassermann. Mehr als den
134 1570 430 1616 r dem Gebote¬
431 1596 1382 1638 vergiftet, nur um dem feinnervigen Sohn, einem
1365 1587 3276 1663 in seinem schlicht menschlichen Ton ist das dritte & Gehirntrottel betonte er den Kavalier, der diesem
139 1594 428 1661 hm Regiment“,
429 1627 1372 1675 begabten Dichter, wieder Ruhe, Stimmung, Kraft
2310 1627 3289 1694 Treiben innerlich und durch Erziehung zu fern
1368 1636 2322 1699 Stückchen: „Die letzten Masten“. Die letzte
152 1634 427 1692 auf den kom¬
431 1665 1367 1714 zur Arbeit zu geben, und wenn dieser Dichter nach
2313 1678 3288 1727 steht, um das Unglaubliche zu glauben. Diese!
144 1674 440 1737 das den star¬
1371 1670 2326 1734 Nacht bricht an. Ein Sterbender will abrechnen
431 1704 1375 1750 dem ersten Ausbruch des Schmerzes sich rasch in die
2312 1714 3266 1767 Leute mit den müden Beinen, den weisen Reden
150 1716 443 1790 brachte. Dann
1369 1719 2312 1769 mit seinem Todfeind. Ein vom Leben Geschundener
426 1732 1370 1788 Weisheit findet: daß diese Todesstunde seiner
1368 1757 3272 1803 will seinen letzten Haß dem vom Leben verhätschel= Pund der dunklen Wäsche nimmt er zu wenig ernst,
133 1751 436 1824 ndie Anderen,
424 1770 1375 1822 opferfreudigen Mutter die lebendige Stunde in sei¬
2122 1792 3270 1848 An sein kum sie zu fürchten. Auch in der Rolle des seichten¬
1369 1793 2126 1840 ten Jugendfreunde ins Gesicht speien.
148 1786 426 1845 des Erfolgs“.
432 1815 1372 1872 ner Kunst wirden muß, daß er schaffen kann und
1367 1828 2895 1874 Todtenbett läßt sich der sterbende Journalist den Kliterarischen Emporkömmlings
2933 1830 3271 1889 n den „Letzten¬
134 1837 433 1904 Arthur
424 1848 1382 1911 #wird über dem Eindruck dieser befreienden That
1376 1864 3280 1917 berühmten, mit Lorbeer und Tantiemen gesegneten Masken“ bewies der vorzügliche Künstler sein¬
429 1893 1376 1943 Eeines Alles verstehenden Mutterherzens — ja, dann
1373 1909 3256 1961 Dichter rufen. Er will ihm das Gist ins Herz kgroßes Charakterisirungstalent. Mar Rein¬
145 1904 437 1978 junge Wiener
418 1935 1375 1981 aückt etwas in uns zurück. Wir sehen uns einer
1369 1947 3256 1997 träufeln, will ihm sagen, wie er ihn immer ver=khardt wäre noch mit besonderer Anerkennung
162 1951 1376 2020 eseine litera=Größe gegenüber, die Roheit wird, sobald der durch
1377 1982 3264 2049 achtet, wie er ihm sein Bestes gestohlen hat —u nennen. Er spielte den sterbenden Journalisten
133 1994 380 2047 egonnen. M
454 2006 1376 2074 sie Beschenkte das Geschenk als etwas Selbsiver¬
1372 2015 3280 2083 sein Weib. Als aber der eitle, glatte Schwätzerfschlicht und ergreifend. Sein Haß war so echt wie
151 2036 1338 2112 imen, die  ständliches hinnimmt. Wie spüren troß der Seuf
136 2041 371 2122 rFr Ke
1376 2064 3277 2114 in seiner ganzen Nichtigkeit an seinem Sessel sitzt,kseine Verachtung. Rudolf Rittner war köstlich
422 2092 1376 2143 Kanen und großen Worte auf der Bühne
1370 2102 3261 2151 als der Sterbende sein leeres, öliges Gerede hört kals Münchener Vohémien. Er hatte sich noch dazu
138 2097 1370 2171 ien gewachsen nichts Menschliches mehr und haben die Nase voll
1372 2130 3266 2194 und seine geschminkte Herzlichkeit, da kann und den Witz einer Hartleben=Maske geleistet. Hans
140 2132 1383 2211 auf sich gelenktvon dem faden Leinwandgeruch der Bühne, das Ohr
2449 2177 3255 2231 er und Otto Sommerstorff halfen in
1377 2182 2355 2243 will er's nicht mehr sagen. Ihm, der schon den#
132 2190 2349 2283 bischen bums Evoller Phrasen und vor Augen ein kaltes Problem, Blick in die stillen Ewigkeiten gewendet hat. kommt'sh
2478 2208 3252 2271 en Rollen nicht unwesentlich zum Erfolg,
138 2218 1111 2284 mit nachlässiger das von Puppen abgehandelt wird.
1362 2252 1999 2308 #mit einem Mal das Mesust#
2583 2249 2933 2321 ahn als Leonhau
465 2290 520 2330 —
155 2267 2366 2354 Er hatte den  Weit höher steht schon Dus=Altle.=Szuzühle“ Agen Richntigkeit. Das Leben ist nicht werkhege=
150 2263 418 2327 ihmt bald Dere
2523 2289 2893 2352 S
556 2312 1380 2354 : Frau mit dem Dolche“. Die Lehre
2521 2334 2894 2381 M. Die Regie Emil
1377 2311 2384 2396 häßt zu werden. Und er geht schweigend und sden
140 2323 1388 2406 der „Liebelei  von der Seelenwanderung ist in vielen Religionen!
1374 2360 1737 2430 lächelnd hinüber.
2527 2359 2897 2416 in. Auch die schwier
2297 2366 2397 2428 7Oest
144 2372 1387 2438 zkleinen Mäd=Pund philosophischen Systemen aufgetaucht. Nach
1452 2395 2934 2455 Dem letzten Stückchen aber gehörte der volle Theäter=nicht häufig verlangte
141 2408 1378 2473 zu den besten der Lehre der alten Aegypter suchte sich jede Scele
1379 2413 3234 2508 Erfolg. In diesem Schwank „Literatur“, den Kmodernen Galerie in das Grmaere
121 2432 1375 2502 nungskunst derst nach dreitaufendjähzigen Mianderung durch die Thier¬
1362 2470 3133 2539 ich ruhig neben die besten Lustspiele stellen möchte, bewältigte sie mit Geschwindickeitnd
136 2484 1375 2548 Dem späteren ikörper wieder einen Menschenteid.“ Die indischen
1370 2507 2968 2572 die wir heute haben, hat Schnitzler sich mit einem Pie hatte ihren glücklichen Aben
137 2512 1370 2582 der gemeinsame Brahmanen lehrten die Seelenwanderung als Läu¬
137 2550 437 2606 wie seine Vor¬
1380 2558 2391 2637 wahrhaft prächtigen Humor lustig gemacht über-#
430 2551 1377 2616 #terung. Aehnlich Pythagoras und nach ihm der
1369 2594 2306 2659 unsere literarischen Bohémiens, über die Männleig
423 2591 1374 2656 Proße Plato. Die Talmudisten glaubten an eine
1369 2629 2317 2699 und Weiblein mit dem felsenfesten Glauben
141 2622 1377 2712 efährtin“, nicht festgelegte Zahl von Indenfeelen, die durch die Welt
1371 2663 2330 2741 die eigene Bedeutung, mit der famosen Verachtung
155 2664 1370 2745 eJbsen=Renn= und Körper wandernd dereinst sich wvieder im Gelob¬
166 2703 445 2757 Der „Para¬
1379 2711 2329 2770 für Formen, Grundsätze, Ueberzeugung und reine
429 2723 1380 2774 #ten Lande zusammenfinden müßten bei der Auf¬
137 2717 1377 2810 ergrund einer Ferstehung. Und als unter hochstehenden Völkern
1379 2752 2326 2814 Wäsche, mit den großen Schlagworten und denet
137 2766 1376 2851 s eine beschei= f.sich Mysterien bildeten, deren Einfluß auf die Kunst
1371 2780 2329 2851 gespreizten Allüren der Kafseehaus=Schwätzern
1370 2828 2328 2889 Münchener Bohémiens scheint er zu verulken, und
153 2822 1378 2894 em noch dazu #stels groß war, da tauchte immer wieder, geboren
1365 2870 2326 2925 die ganze wackere Zunft der unmanirlichen Gerne¬
145 2857 1374 2929 en. Nur das haus Aberglauben und forschendem Geist zugleich und
150 2877 446 2952 du“ gab eine
1367 2906 2346 2973 große mit dem großen Mund und dem kleinen
433 2915 1377 2965 unterstützt bald von der Frechheit geriebener
153 2926 438 2982 t im Rahmen
1362 2944 2334 3009 1 Talent verhöhnt er in Wahrheit. Eine amüsante,
429 2942 1369 2997 Schwindler, bald von wunderseltsamen Erinnerun¬
138 2974 1371 3039 schick aufgebausgen ehrlicher Grübler, die Lehre auf von der un¬
1368 2972 2337 3030 weltkluge Bohémienne, die eine stürmische Ver¬
135 3017 1381 3093 Eine Kraftprobesteten Wanderung der unsterblichen Seele durch die
1371 3020 2329 3086 gangenheit hinter sich hat, will in den Hafen der
140 3048 435 3101 urf. Vielleicht
432 3055 1213 3118 zerbrechlichen Wohnhäuser des Fleisches.
1368 3067 2337 3122 Ehe einlaufen. Einen Sportsmann, einen etwas
146 3074 438 3138 Geiste durch¬
511 3086 1378 3164 Rein künstlerisch, ein wenig spielerisch und
1369 3094 2327 3169 vertrottelten Baron, hat sie sich zum Partner aus¬
175 3117 443 3182 kam nicht.
423 3113 1370 3196 schließlich an der Stilmischung scheiternd, hat
1380 3140 2331 3201 erlesen. Sehr zur Unzeit kommt ein Partner aus
136 3161 1380 3231 evom, Schleier Schnitzler sich mit der altehrwürdigen Lehre be¬
1372 3176 2323 3229 früherem, illegitimem Glück hereingeschneit, der
134 3207 1370 3281 nahme an an¬ faßt. Pauline, eine moderne Frau mit heißem
1375 3225 2305 3273 ihr seinen neuesten Roman bringt. Es ist „ihr“
141 3234 437 3292 higen Direktor
419 3235 1377 3314 Lebenshunger und weitem Gewissen, zandert noch,
1364 3247 2315 3319 Roman. Sie haben ihn Beide erlebt — zusammen.
147 3275 444 3326 öffnete. Und
429 3287 1372 3350 den Gatten mit Leonhard zu betrügen. Da — in
1375 3288 2329 3345 Sie haben ihn auch Beide — geschrieben. Er ist
138 3298 438 3368 schen Theater¬
428 3328 1375 3389 der Gemäldegalerie, vor dem Bilde der Frau mit
1367 3322 2325 3394 aus dem Erlebniß für Beide „Literatur“ geworden.
134 3343 427 3400 arlen äußeren
434 3356 1367 3421 dem Dolche", die ihr so felisam in allen Zügen
1363 3371 2325 3433 Aber eine gefährliche Literatur, denn Beide haben
146 3381 434 3458 schon berichtet
430 3397 1373 3457 =gleicht, — erlebt sie im Anschauen ihres Ebenbildes
1431 3402 2319 3477 dieselben Briefe mit genialischer Künstler¬
434 3439 1374 3503 ihr eigenes Schicksal, wie es ihr schon einmal, vor
1358 3456 2323 3516 indiskretion wörtlich hineinverarbeitet. Als ein
145 3456 435 3530 rfolg, der mit
423 3484 1374 3535 Jahrhunderten in der italischen Heimath Leiden¬
1357 3488 2319 3552 unwissender Helfer aber hat der gute Baron aus
152 3515 438 3574 er Zustimmung
424 3521 1378 3587 schaft und sündige Liebe bereitet hat. Sie hat —
1357 3512 2325 3600 Haß gegen die unaristokratische Schreiberei seiner
152 3553 431 3607 Stückchen ge¬
428 3558 2318 3626 damals am Arno — den Geliebten, Lionardo, selbst zukünftigen Frau ihren Roman einstampfen lassen.
158 3584 433 3652 Blick, Geschick
421 3592 1379 3660 mit sicherem Dolchstoß getödtet, und ihr Gatte, ein
1369 3598 2309 3672 Die Gefahr ist vorbei. Die Ehe kann beginnen.
152 3617 431 3685 rbesitzt. Aber
424 3638 1368 3690 berühmter Meister seiner Kunst, hat sie als
1364 3640 2312 3709 Der Münchener Bohémien giebt perfid lächelnd
148 3669 1662 3739 auch bewiesen, Rächerin gemalt — die Frau mit dem Dolche. Aber seinen Segen.
139 3708 2346 3787 n talentvollsten diese deutliche Erinnerung — wir erleben sie in! — Das Stückchen ist hübsch entworsen, flott aus¬
