3484 4256
292 179 2460 302 16.1. Lebendige stunden Zyklus box 21/5
2698 1343 3014 1437 m
3279 1364 3358 1439 S
1583 1425 3363 1507 überhaupt betrachlet; und da stellt sich heraus,trastwirkung stels im A
2852 1492 3377 1555 Stück wohl das wertvoll
1590 1476 2846 1545 daß auch in den bildenden Künsten und in der Musik ein
2951 1528 3380 1593 Herr Basserma
1583 1539 2862 1606 toter Punkt erreicht ist. Die Schaffenden haben so lange
2845 1561 3369 1636 Wandlungsfähigkeit. Fra
1588 1577 2854 1642 nur die Form gepflegt, bis die Empfangenden sich von
2840 1622 3374 1679 „Die Frau mit dem Do#
1585 1625 2851 1676 diesen Virtnosenstücken zuücksehnten nach einer Kunst, die
2852 1658 3370 1732 schaftlichkeit, Herr Kurt
1595 1669 2845 1729 schlicht und recht einen großen Empfindungs- und Gedanken¬
2844 1704 3368 1768 Rittners ein und zeig
1594 1716 2841 1764 Inhalt bietet. Das Interesse an der Technik ist erloschen;
2843 1745 3374 1810 Reicher als sterbende
1595 1756 2851 1807 man verlangt nach Geist und Seele. Wie immer an solchen
2842 1793 3369 1863 Rolle nichts von ihrem
1593 1803 2850 1860 Wendungen in der Kunstgeschichte mißtrant man mit Recht den
2841 1834 3369 1894 Regie war nicht immer
1593 1842 2852 1889 bisher am meisten verehrten Künstlern; denn wenn sie
1597 1874 2851 1949 so lange vermieden hatten, ihren Werken einen großen Inhalt
2845 1879 3373 1957 litt unter einer starken #
1588 1923 2851 1995 zu geben, werden sie wohl der Not gehorcht haben: sie hatten
1590 1967 2866 2034 nichts anderes zu bieten, als sie gaben, nämlich Kunstfertigkeit. L
1591 2023 2853 2083 Neue Männer werden kommen müssen, die auf der technischen
1592 2063 2864 2134 Tradition fußen, aber mehr durch ihren geistigen Reichtum,
1590 2104 2868 2164 als durch ihr formales Können zu Künstlern berufen sind.
1593 2131 2871 2213 In der dramatischen Kunst versucht wohl Gerhart Hauptmann
1587 2191 2869 2242 zur Gedankendichtung zurückzukehren, aber sein Tiessinn ist
1588 2234 2864 2298 gemacht, und er verlengnet seinen „Ideen“ zuliebe die
1598 2267 2867 2328 notwendige Form. Arthur Schnitzler weiß mit viel größerer!
1589 2315 2864 2387 Geschicklichkeit Gedanken zu gestalten; aber seine Gedanken sind
1589 2371 2871 2437 ebenfalls mehr spintisiert, als erlebt; er sucht seine Themata
1585 2409 2867 2474 mit Fleiß und Mühe und findet sie in Winkeln, in die andere
1593 2459 2858 2523 Menschen nur gelegentlich einmal einen kurzen Blick werfen.
1588 2493 2869 2550 So erscheint er zwar meist recht geistreich, aber wenn wir
1586 2526 2868 2603 ihm zugehört haben, kehren wir gern aus diesen abgelegenen
1593 2586 2871 2642 Gegenden wieder in den Strom des Lebens zurück, in dem
1596 2623 2874 2686 wir als Glieder der Menschheit dahingetragen werden zum
1595 2672 2870 2729 gemeinsamen Ziele, und wir sehnen uns nach dem großen
1596 2712 2877 2775 Dichter, der mit uns lebt und ausspricht, was in
537 2705 1302 2815 K# Theater und Musik.
334 2626 551 2832 40
1602 2760 1870 2830 nns lebt.
772 2782 1189 2861 Lessing-Theater.
1717 2778 2885 2863 Der Einakter=Zyklus „Lebendige Stunden“ ist vor sechs
2808 2848 2871 2903 7
449 2832 1601 2917 Neu einstudiert: Lebendige Stunden. Vier Einakter
1594 2847 2844 2910 Jahren unter der Direktion Brahm im „Deutschen Theater“
336 2880 2877 2962 von Arthur Schnitzler. Regie: Emil Lessing. Erste aufgeführt worden, doch hat man jetzt gerade das erste Stück,
1604 2938 2866 2979 das den gemeinsamen Titel hergegeben hatte, durch die auch
342 2932 875 3001 Aufführung am 4. März.
451 2989 2844 3033 Die Bühnen stehen unter dem Zeichen einer literarischen schon aufgeführte Studie „Der Puppenspieler“
2482 3013 2866 3092 „Die Frau
342 3031 2494 3091 Krisis. Es gibt keine literarischen „Richtungen“ mehr, also ist ersetzt. Es folgten die Schauspiele
338 3068 2869 3124 auch der Kampf der ästhetischen Parteien eingeschlafen, der jmit dem Dolche" und „Die letzten Masken";
335 3125 2853 3175 die Produktion anspornte, die Kritik zu einer alle Gebildeten den Schluß machte das Lustspiel „Literatur“.
337 3167 2872 3206 angehenden öffentlichen Angelegenheit machte und das all. Den tiefsten Eindruck macht das dritte Sück, „Die letzten
342 3207 2879 3263 gemeine Interesse dem Theater zuwandte. Die Ursachen der! Masken“, in dem die versöhnende Kraft des Todes ergreifend
344 3254 2875 3295 gegenwärtigen Stille sind oft untersucht worden. Man dargestellt wird. Viel satirisches Beiwerk lenkt allerdings die
340 3287 2878 3350 kommt ihnen nur auf den Grund, wenn man die dramatische! Aufmerksamkeit von diesem Hauptgedanken ab, und man kann
329 3327 2886 3416 Kunst im Zusammenhange mit der Kunstentwickelung auch nicht sagen, daß die Darstellung die beabsichtigte Kon¬
