3392 4320
2068 199 2543 305 box 21/3
272 232 1935 329 16.1. Lebendige Stunden zykius
878 695 1351 785 Telephon 12801.
501 793 1733 875 Alex. Weigl’s Unternehmen für Zeitungs-Ausschnitte
1506 856 1745 933 Ausschnitt
717 908 1400 993 „OBSENVEN
1549 912 1825 1007 Nr. 26
373 975 1846 1059 I. österr. behördl. conc. Bureau für Zeitungsberichte u. Persenalnachrichten
599 1046 1635 1132 Wien, IX/1, Türkenstrasse 17.
792 1118 1446 1201 Filiale in Budapest: „Figyelö“ —
388 1172 1842 1264 Vertretungen in Berlin, Chicago, Genf, London, Newyork, Paris, Rom, Stockholm.
369 1318 911 1403 Ausschnitt aus:
1182 1297 1909 1448 St. Pultbarder Kllurg
393 1450 1116 1549 von S%
1679 1615 3364 1682 Produkt dieser vergangenen Jahre, der Vergangenheit über=bei so seltsam. Ist ihr doch, a
1688 1659 3369 1733 haupt sind? Sind nicht die folgenden Jahre, die Zukunft, einedarstellt, irgend einmal erlebt,
809 1673 1470 1746 Kunst und Wissenschaft.
1695 1681 3373 1751 Fortsetzung der Vergangenheit, wie sie eine Fortsetzung derldem Bilde identisch. Es ist ein
642 1746 3362 1809 erz- Arthur Schnitzlers „Lebendige Stunden“ müssen wir, Gegenwart der „lebendigen Stunde" sind? Alle diese Fragenlglauben, Etwas, das uns in
1686 1762 3364 1832 drängen sich dem Zuschauer auf, wenn er die Lebensbilderleinmal erlebt zu haben, inden
553 1793 1700 1847 stiefmütterlich von der deutschen Schauspielkunst behandelten
1704 1800 3360 1866 in den vier Einaktern Schnitzlers an sich vorüberziehenssteigt, als hätten wir früher ei
549 1831 1707 1886 Petersburger uns schon in russischer Sprache gefallen lassen,
2420 1832 3370 1892 Der erste Einalter Stunden verschwindet die Grei
1696 1842 2379 1912 sieht und auf sich einwirken läßt.
565 1867 1708 1922 wenn wir diese interessante Novität der deutschen Theatersaison
1692 1881 3358 1944 wiederholt den Haupttitel und heißt auch „Lebendigel Vergangenheit, Früheres und
558 1901 1701 1962 überhaupt zu sehen bekommen wollen. Mit beschämend¬
565 1955 3367 1996 demüthiger Dankbarkeit muß man es daher hinnehmen, daß Stunden“. Wie gewaltig und real die Vergangenheit auf dieldige“ Stunden fließen zusamm
566 1946 3315 2036 uns eine russische Aufführung zum Besten des temporären Gegenwart einwirkt, muß der junge Dichter Heinrich erfahren.sidee der Tetralogie folgend -
570 1997 3319 2081 Konvikts für gebildete Frauen Gelegenheit bot, das deutsche Er, der ganz in der Gegenwart lebt, von dem die Gegenwartsplötzlich in Vergangenheit.
2996 2024 3319 2098 wieder Licht
560 2032 3001 2111 Stück in russischer Uebersetzung von G. R. und M. W. zu eine Bethätigung seiner Kräfte, seiner Gaben fordert eine Er=als es
1694 2068 3371 2141 füllung seiner Lebensaufgaben — sieht sich durch die Vergangen=Leonardo aus der Gegen
563 2096 1717 2148 sehen. Vor Allem ein Kompliment an die russischen Uebersetzer:
566 2127 3330 2193 sie haben es wirklich verstanden, das Stück mit der kerndeutschen heit gefesselt, gehemmt. Die Krankheit seiner innig geliebtensversetzt, in die Zeit
572 2175 3374 2226 Alltagssprache ohne viel Härten und Fremdartigkeiten (über die Mutter, die tägliche Sorge um sie hindern ihn der Gegenwartsdie „Frau mit dem Dolche““
490 2174 3380 2268 50 deutschen Namen muß man ja in solchen Fällen schon hinweg=und in der Gegenwart zu leben; er kann nur für die Vergan=was das Bild darstellt, erlebe
358 2210 496 2290 Für
480 2224 3374 2324 100 stolpern) ins Russische zu übertragen. Das zweite Komplimentgenheit, in der Person seiner Mutter, für seine Mutter leben. Vergangenheit wirklich. Als
485 2253 3375 2357 200 gilt den Darstellern; sie spielten wirklich mit eifrigem Ernst und Mit dem zarten seinfühligen weiblichen Instinkt, mit dem lieben=niederstößt, wandelt sich die
477 2317 3375 2387 500 großer Hingabe an die Kunst. Natürlich darf man von einem den Mutterherzen fühlt sie es heraus, daß sie, die Sterbende, Gegenwart. Als die für ein
1706 2345 3357 2409 dem Sohn die „lebendigen Stunden“, seine Bethätigung in derssich wieder erhellt, finden wir
456 2364 1717 2440 1000 Darsteller=Ensemble, in dem keine „Namen“ stadtbekannter
390 2364 479 2452 2
1703 2384 3365 2455 Gegenwart, raubt. Sie beschließt daher, still aus der Welt zu Menschen — aus der Renaiss
500 2412 1724 2482 Im Schauspieler anzutreffen sind, keine hervorragenden schauspiele¬
367 2432 3369 2532 Abonneme rischen Einzelleistungen erwarten. Trotzdem sich die Darstellergehen; nur einem alten Jugendfreunde vertraut sie vor demsversetzt und in Betrachtung de
359 2460 3356 2574 Abonnente mit anerkennenswerther Liebe zur Kunst an die Versinnbild=Tode das Geheimniß an, daß sie zu einem Gewaltmittel (Gistsder Einwirkung der eben d
1699 2485 3353 2576 gegriffen hat, um in den Tod zu gehen und der Jugend, dem lebendige Stunde“, in der sie
584 2517 1719 2583 lichung der dichterischen Ideen Schnitzlers machten, ragten die
575 2564 3373 2616 Gesammtleistungen nicht über ein gutes Durchschnittsniveausgeliehten Sohn, ein wirkliches Leben in der Gegenwart zu er=PPaulina dem zeitgenössischen #
1698 2581 3360 2643 möglichen. Sie hat aber nicht mit dem überquellenden Herzeleidserhören. — „Die letzten M
493 2576 588 2646 Der
573 2603 1713 2661 hinaus. Und doch bewiesen die vier Einatter, aus denen sich die
1707 2642 3340 2687 des alten Jugendfreundes gerechnet, der während eines Gesprächssder „Lebendigen Stunden“.
366 2628 1720 2707 Inhaltsanz gebendigen Stunden“ zusammensetzen, ihre Bühnenwirksamkeit.
1703 2640 3362 2725 mit dem Sohne, in der Erinnerung an die Vergangenheit, vomswirkung von Gegenwärtigem
372 2676 611 2728 blätter
596 2678 1717 2751 Ja, man fragt sich nach den tiefen und starken Ein¬
371 2705 3373 2760 wodurche drücken, die man selbst bei durchschnittsmäßiger Dar=Schmexz so plötzlich und so heftig übermannt wird, daß er diesdie Idee giebt. Der Journ
377 2746 600 2802 Leben des
573 2743 3371 2813 stellung empfing, unwillkürlich, wie unmittelbar und nach=Gegenwart, die „lebendige Stunde“ vergißt und dem Sohne ge=Leben zu nichts bringen könn
372 2788 592 2860 theilungen
580 2808 3378 2853 haltig die Stücke wirken müssen wenn sie von einemsteht, wie und warum die Mutter in den Tod gegangen ist. kseinem Jugendgenossen der ei
578 2849 3361 2897 Ensemble hervorragender professioneller Schauspieler vorgeführt Damit sind aber dem Jüngling von nun an die lebendigenAAls er elend und krank, im S
575 2847 3353 2945 würden. Warum wir die neuesten Errungenschaften der deutschen Stunden vergällt; unter dem Eindruck dieser That bleibt ihmssich ihm die Vorstellung von si
577 2927 3382 2975 dramatischen Literatur trotzdem hier nur in russischer Sprachelnur zweierlei übrig, um sein Gewissen von der moralischen Schuldlquellender Bitterkeit vor seiner
578 2926 3383 3019 zu hören bekommen, bleibt danach unerfindlich. Undramatischzu entlasten: entweder auf die „lebendigen Stunden“ zu verzichtengerechtigkeit des Schicksals und
581 2968 3368 3053 können doch die „Lebendigen Stunden“ in keinem anderen Falle und in die Vergangenheit zurückzusinken, d. h. sich das Leben zuseinem vom Schicksal begünstig
572 3019 3362 3108 wirken, wenn sie bei mittelmäßiger Schauspielkunst noch dra=nehmen, oder — zu beweisen, daß seine Mutter nicht umsonstlin der Sterbestunde. Noch
582 3047 3368 3134 matisch wirken. Interessant, der Idee nach, sind jedenfalls die gestorben ist, etwas Großes zu leisten, den „lebendigen Stunden“ Schooßkind des Glücks sehen i
571 3132 3362 3175 vier Einakter Schnitzlers, die nach Analogie von Sudermanns dadurch Inhalt und Bedeutung zu geben. — Der zweite Ein=während eines langen, ver
584 3116 3381 3216 „Morlturl“ unter einander ganz verschieden und von einandersakter trägt den Titel „Die Frau mit dem Dolche“. Inssammelt hat, dem glücklicher
578 3197 3361 3245 unabhängig, doch durch einen gemeinsamen, höheren Sinnseiner Gemäldegallerie finden sich Paulina und Leonardo vorkist jetzt sein glühender
579 3244 3381 3294 zusammengehören. „Lebendige Stunden“ — ist der Haupttitel fürs einem Bilde, das eine Frau mit gezücktem Dolche darstellt zu=Wunsch wird dem Sterbenden
574 3246 3375 3323 alle vier Einakter, in denen die verbindende Idee eine einzigelsammen. Sie ist die Frau eines Anderen hat aber das Liebes=ühn hin. Aber in dieser längst
587 3259 3373 3371 ist: das Zusammenfließen, die Untrennbarkeit und Wechsel= flehen Leonardos erhört. Berauscht vom Zauber der verflossenenlkommt ihm kein einziges bitter
587 3320 3388 3404 wirkung von Gegenwart und Vergangenheit. Wo hört die Liebesstunde fleht er wieder um die Gunst des schönen Weibes.list plötzlich die Erkenntniß au
576 3358 3377 3449 Vergangenheit auf, wo fängt die Gegenwart an? Gehört schon Sie weist ihn aber schroff zurück Für sie, die ihren Mann liebt,sgangenheit nicht das Recht hat
574 3431 3376 3490 die verflossene Stunde der Vergangenheit an, da sie doch noch war es nur eine Stunde der Verirrung ihrer Sinne, als sieler, der Sterbende, schweigen i
588 3424 3381 3527 so innig mit der gegenwärtigen, der lebendigen“ Stunde zu=Leonardo erhörte. Jetzt weist sie sein Ansinnen mit Verachtung lGegenwart Lebenden, die „le
589 3476 3386 3553 sammenhängt? Können wir ein Jahr, können wir Jahre will=zurück ... als ihr Blick plötzlich wieder auf das Gemälde vorsgällen. — Der vierte und letzte
586 3507 3384 3612 kürlich aus unseren Vergangenheit streichen, wir, die wir einlihr fällt und an dem sie sich in Sinnen vertieft. Ihr wird da=lernst und transscendental als
