3484 4384
-10 2661 63 2712 en,
21 1635 68 1710 rs
352 143 2009 258 16.1. Lebendige Stunden zuklus
1471 972 2202 1050 der Leinwand fest. Hier, im Leben,
1466 1027 2199 1092 wird die Sache wohl ebenso verlaufen,
1474 1065 2197 1140 denn ihr, der Lebenden, ist es, als
1471 1128 2202 1202 erlebte sie das alles schon einmal mit
1471 1178 2202 1236 ihm, dem Freunde, und der Gatte
1476 1218 2190 1287 dichtet. Weit erfreulicher als dieses
1475 1273 2195 1343 konstruierte psychologische Experiment
1469 1321 2200 1388 berührte eine gut beobachtete Szene
1470 1377 2203 1440 aus dem Krankenhause der Großstadt:
1466 1418 2190 1488 „Die letzten Masken.“ Der verkommene
1463 1466 2204 1534 totkranke Journalist will dem einstigen
1475 1518 2193 1579 Freunde, dem falsch berühmten Dichter,
1468 1578 2205 1631 noch einmal ins Gesicht sagen, wie er,
1469 1609 2197 1682 der Gefeierte, ein geprellter Lump ge¬
1473 1666 2195 1729 wesen sei sein Lebelang. Als der aber
1467 1722 2198 1773 dasteht und hochedle Phrasen drischt,
1468 1772 2194 1823 verschlägts dem andern die Rede und
1471 1806 2191 1861 allen Haß. Aeußerlich recht wirksam
1472 1871 2182 1928 nimmt sich der Schwank „Literatur“
1468 1912 2185 1974 aus. Innerlich steht er zwar schief,
1466 1961 2192 2029 denn ein feudaler Herr pflegt irgend
1475 2016 2185 2075 eine interessante Witwe, die auch noch
1468 2058 2184 2128 schwüle Gedichte gemacht hat, nicht so
1474 2106 2184 2167 standhaft als „Retter“ heimführen zu
1472 2152 2184 2221 wollen, wie es hier vorausgesetzt wird.
1473 2197 2191 2272 Aber Witz, zumal recht hübsche Literatur¬
1469 2252 2187 2312 satire steckt in dem lustigen Einfall
1464 2296 2198 2364 doch. Alles in allem ist's halt „buntes
1475 2347 2185 2409 Theater“, was Schnitzler hier gibt.
1471 2401 2185 2466 Und wo er auf der Erde und seinem
1471 2445 2193 2515 gut geschärften Auge für das Gegen¬
1465 2492 2191 2547 ständliche treu bleibt, statt sich in die
1467 2548 2193 2614 dämmerigen abgründigen Hintergründe
1463 2600 2187 2668 des jüngsten Wiens zu verlieren, wird
1457 2644 2182 2709 er fast immer gut zu unterhalten,
1464 2684 2190 2762 nicht selten fein und wirklich geistreich zu
1459 2743 2175 2811 analysieren wissen. E. Kalkschmidt.
1542 2791 2027 2857 * Münchner Theater.
1509 2843 2187 2907 Im Schauspielhaus wurde August
1466 2887 2176 2952 Strindbergs „Passionsspiel“ in drei
1459 2928 2180 3004 Akten „Ostern“ gegeben. Kennern
1452 2977 2176 3040 Strindbergscher Poesie bringt es nicht
1456 3037 2190 3101 viel Neues. Höchstens, daß diesmal bei
1461 3080 2178 3144 seinen kranken Schilderungen kranker
1467 3143 2179 3198 Leute die Zerfahrenheit im Aufbau des
1456 3182 2191 3246 Stückes und in Bezug auf alles, wozu
1460 3236 2186 3300 zusammenfassender Geist und Wille
1460 3277 2179 3353 gehört, noch stärker als sonst hervor¬
1458 3328 2176 3397 tritt. Zuerst zeigt uns Strindberg,
1454 3369 2182 3442 wie eine Familie unter der Schuld des
1490 3436 1720 3504 Kunstwart
2153 145 2618 246 box 21/3
