3392 4256
1930 255 2397 343 box 21/5
1759 264 1824 324 U
1158 266 1316 327 und
231 263 1941 337 16. 1. Lebendige Stunzen zyklus
1683 1589 2764 1640 konien, damit einer etwaigen Beeinflussung der
2765 1610 3311 1683 Kabinet Sagasta in die
1599 1617 2770 1687 Kohlenversorgung der Flotte durch Ausstände vorgebeugt
2767 1667 3332 1740 bis zur Stunde noch kein
1589 1673 2767 1725 werde. Ein bürgerliches Geschäftshaus würde in Konkurs
1601 1715 2771 1761 gerathen, wenn es verwaltet würde wie das Heer und die
1593 1786 2757 1844 rich's Mutter hat sich, um den Sohn von der sein künstlerisches
2767 1800 3317 1861 Pauline ist sozusagen ein M
707 1803 1335 1867 Kieler Stadt=Theater.
1603 1833 2771 1894 Streben behindernden Sorge um sie zu befreien, selber den
2757 1839 3314 1898 fern sie unter der Vorstellung
470 1841 1526 1926 ".Lebendige Stunden“ von Arthur Schnitzler.
1603 1870 2749 1936 Morphiumtod gegeben und hiervon dem alten Beamten durch
2762 1877 3316 1935 schon einmal erlebt zu haber
492 1900 1598 1958 Ich gehöre noch immer zu den Leuten, die des Glaubens
1600 1910 2771 1975 ein Schreiben Kenntniß gegeben, das Hausdorfer gegen den
2761 1917 3322 1992 Wechsel zwischen realer Geg#
396 1940 1599 2009 „leben, daß die Bühne für's Drama bestimmt sei: aber ich gebe
1594 1942 2772 2007 Willen der Todten deren Sohn aushändiat. Letzterer, im Ge¬
2761 1954 3311 2005 rung dahingeht; ein Zustand,
422 1982 1600 2036 zu, daß es bei Allem, was die neuere Zeit an Theater=Literatur
1605 1981 2757 2037 fühl, der Mörder seiner Mutter zu sein, wird, um sich von
2756 1996 3317 2049 ter Wahrscheinlichkeit zu gestal
420 2018 1598 2081 über die Bretter gehen heißt, schwer ist, diese Ueberzeugung auf¬
1600 2023 2756 2082 demselben frei zu machen, vor die Alternative gedrängt, sich
2756 2025 3327 2094 Gatten, einem Dichter betroge
423 2067 1597 2106 recht zu erhalten. Auch am Sonnabend hat der Jungwiener
1601 2060 2765 2109 selber zu tödten oder aber durch seine Arbeit sich des Opfers
2758 2064 3327 2147 obendrein kompromittirt, sofer
428 2102 1599 2168 Arthur Schnitzler wieder daran gerüttelt: denn die Stimmen,
1591 2097 2766 2158 würdig zu machen, das ihm die Mutter gebracht. Er entscheidet
2747 2099 3333 2181 niß zum Gegenstand eines
424 2138 1598 2190 die man im Parkett von der „modernen dramatischen Richtung“
1593 2141 2756 2194 sich für das letztere; um so leichter, als er sich mit seinem
2763 2156 3320 2202 großem Erfolg aufgeführt wi
431 2178 1601 2230 tuscheln hörte, waren im Unrecht; was Schnitzler in seiner Kol¬
1589 2173 2760 2223 Schmerz in die Kunst hinauszuretten vermaa. die nach seiner
2762 2182 3323 2242 stellung trifft Pauline in der
418 2208 1599 2273 lektion von vier Einaktern bietet, ist — von dem letzten Stück
1593 2213 2753 2260 Weltanschauung zu fühnen im Stande ist, was das Leben ver¬
2764 2222 3317 2284 Anbeter zusammen, der sie un
428 2253 1598 2308 vielleicht abgesehen — überhaupt kein Drama, sondern eine
1592 2250 2755 2312 schuldet. Im schroffen Gegensatz dazu steht die Meinung
2759 2258 3326 2314 deln des Gatten mit der Bit
430 2285 1604 2346 Novellensammlung, welcher der Autor den gemeinsamen Ober¬
1597 2292 2760 2346 Hausdorfer's der ein paar „lebendige Stunden“, deren die
2767 2309 3321 2363 Sie versagt beftig „aber der
420 2334 1602 2381 titel „Lebendige Stunden“, genau so wie es unsere Novellisten
1592 2330 2756 2393 Verstorbene sich freuen durfte weit höher veranschlagt als alles
2763 2340 3320 2402 Florentiner Malers „Die Fra
419 2371 1589 2418 von heute vielfach zu machen pflegen, nach dem Titel der an
1592 2374 2763 2417 Leben und Schaffen in der Kunst. Mit diesem unausgegliche¬
2766 2379 3323 2437 Entschluß. Jenes Bild sieht
430 2400 1600 2464 der Spitze stehenden Erzählung verliehen hat. Allerdings läßt
1595 2412 2762 2472 nen, schneidenden Gegensatz schließt der das Stück ausmachende
2757 2417 3325 2489 ilch versinkt sie in ihre traumh
417 2441 1594 2498 sich wohl ein Gesichtspunkt konstruiren, von dem aus sich die
1602 2453 2748 2522 Dialog, den lebendig zu erhalten sich Herr Christoph und
2758 2457 3321 2516 Vorgang, der Anlaß für das
429 2479 1593 2533 Zusammenstellung der vier Einakter weniastens äußerlich er¬
1602 2484 2396 2551 Herr Kroneck die redlichste Mühe gaben.
2748 2489 3309 2546 rentiner Malers Remigio hat
426 2528 1586 2578 klären läßt, sofern es sich in jedem derselben um eine Reibung
1667 2531 2763 2585 Schnitzler hat gewußt, was er that, wenn er seine vier Ein¬
2761 2526 3314 2581 erdolcht aber den Liebhaber un
427 2573 1590 2612 zwischen Kunst und Leben handelt; aber dieser Faden ist doch
1602 2553 2758 2633 alter, deren Reihenfolge, wie gesagt, aus Rücksichten auf den
2754 2566 3296 2625 der den Vorgang sofort im Bi
422 2602 1604 2663 nur recht locker geschürzt; und von einem Zusammenschluß der
1595 2602 2752 2664 Inhalt nicht begründet ist, so ordnete, wie sie sich vor den
2763 2615 3295 2658 Rede und altflorentiner Ko#
429 2651 1588 2694 Stücke in dem Sinne, daß sie einen einheitlichen Gedanken
1595 2642 2765 2686 Augen des Zuschauers abspielen. Denn daß die Qualität der
2756 2654 3320 2704 sieht der Zuschauer auf der Bü
430 2662 1604 2734 oder eine zusammenhängende Kette von solchen ausprägten, ist
1596 2678 2763 2732 Stücke und mit ihr das Interesse des Publikums sich bis zum
2748 2683 3276 2748 Beendigung Pauline wieder
426 2713 1596 2768 nicht die Rede. Man muß sie nehmen als das was sie sind:
1601 2713 2750 2779 Schluß des Theaterabends steigern, ist keine Frage; und wollte
2756 2730 3284 2776 allein in der Bildergalerie
422 2747 1596 2823 vier selbstständige Novellen, in deren Erzählung auf der Bühne
1594 2761 2765 2823 ich ihrer an dieser Stelle nach dem Grad ihres literarischen
2758 2757 3218 2826 logischen Vorganges in
427 2797 1317 2858 sich Schnitzler allerdings als Meister bewährt.
1590 2796 2757 2854 Werthes gedenken, so hätte ich von hinten beainnen müssen
2757 2801 3213 2862 Ich komme! Der Zusche
498 2819 1593 2880 Denn matt, um nicht zu sagen langweilig, wirkt nur das
1593 2842 2757 2897 auf Kosten der Chronologie der Aufführung und der Courtoisie
2766 2848 3219 2897 füllen wird, aber ob mit
427 2865 1601 2921 erste Stück, in dem es sich nicht einmal um eine abgerundete
1590 2872 2761 2921 gegen die Benefiziantin Fräulein Toran, die nur in dem
2747 2870 3232 2940 scheiden bleibt seiner Phan
425 2900 1592 2965 Novelle, sondern um eine abgerissene Skizze handelt, deren
1602 2904 2758 2954 zweiten Einakter „Die Frau mit dem Dolche“ auftrat
2760 2923 3245 2967 Situationen im dem Fflor
427 2935 1601 3002 psychologischer Gehalt nicht über den gänzlichen Mangel an
1595 2944 2751 3001 und somit an ihrem Ehrenabend non multa, sed multum,
2757 2947 3275 3014 linen's Roman einander nich
1588 2978 2759 3034 und zwar im vollen Sinne des Wortes, brachte, sodaß der
434 2983 1604 3052 Geschehen hinweghilft. Das Thema vom Gegensatz zwischen
2745 2996 3288 3054 trisch; hier hat die Gattin der
425 3027 1592 3077 Kunft und Leben wird hier am relativ vertieftesten abgehandelt;
1593 3017 2756 3071 nach Schluß des Stückes immer von Neuem einsetzende stürmi¬
2750 3029 3310 3097 thuung zu geben, sondern sie fü
432 3070 1588 3114 aber man hat doch die Empfindung, daß man hier lieber lesen
1589 3060 2752 3111 sche Beifall ebenso wohlverdient war wie die kostbaren Blumen¬
2743 3078 3289 3133 durch Betrug für Betrug.
412 3100 1597 3158 als hören möchte. Das tragische Ereigniß, um das sich der
1592 3102 2759 3171 spenden, die man der Künstlerin auf die Bühne reichte. Die
2754 3100 3311 3165 Pauline sie offenbart, nicht al
426 3129 1597 3194 ermüdende Dialog zwischen dem alten Anton Hausdorfer, dem
1593 3135 2757 3183 Bühnennovelle, in die ein kurzes, aber reelles Drama einge¬
2761 3140 3318 3206 Opfer an Ehre die Betrügende
433 3185 2766 3249 kühlen Verächter der Kunst, und dem jugendlichen Künstler schachtelt ist, wird durch einen mystisch-romantischen Zug be¬
2746 3187 3317 3235 Mittel der Rache, den Mithel
425 3230 3330 3273 Heinrich dreht, liegt vor dem Aufgehen des Vorbanges. Hein¬ wegt, der sich, genau besehen, ziemlich bizarr ausnimmt. Frau  zu räumen. Das Stück. an den
