3484 4256
254 172 1903 269 16.1. Lebendige Stunden zyklns
157 1900 842 1956 junge, um sich selbst zu beweisen,
910 1892 2008 1957 bittet um seinen Tod. Remigio weigert es, der Jüng¬
152 1945 851 2004 nicht umsonst geopfert habe. Viele
913 1948 2005 1994 ling ist ihm zu gering, die betrügende Frau weckt nur
151 1989 842 2042 eigener Stimmungszauber zeichnen
916 1989 2006 2051 seine Verachtung, nicht seinen Zorn. Diese Geringschätzung
149 2016 846 2088 herbstlichen Garten sich abspielende
927 2037 2013 2090 versetzt Paola in Raserei, und als Leonardo mit dem
167 2082 850 2137 These ist aber zu gekünstelt auf¬
922 2077 2016 2128 Schwure, Remigio zu töten, wo er ihn wieder treffen
132 2122 849 2162 em Gedankengang der meisten zu
923 2119 2009 2177 wird, forteilen will, stößt Paola ihn nieder. Remigio
931 2161 2017 2220 aber sieht nichts als die grandiose Handbewegung seiner
147 2160 849 2219 n rechtes Mitgehen sich hätte ent¬
143 2210 854 2269 Wiener Schule, deren bedeutendster
932 2209 2008 2272 Frau mit dem Dolche, er ergreift Pinsel und Palette,
154 2243 849 2301 r Zeit ist, liebt es, Fragen über
942 2254 2002 2320 um das halbvollendete Bild seiner Gattin nach der so¬
928 2287 1753 2358 eben vollendeten Auregung zu vollenden.
142 2295 854 2364 s Künstlers zum Ausgangspunkt
142 2328 839 2401 zu machen. Dem Berliner Publi¬
1009 2313 2022 2400 Die Schleier heben sich wieder, die Pauline des
154 2375 671 2443 zu manierirt und fremd.
922 2366 2014 2442 zwanzigsten Jahrhunderts sieht von der Bank im Museum
144 2416 843 2476 sem Grunde vermochte auch „Die
923 2426 2007 2481 auf, sie geht hinaus und verspricht dem jungen Leonard,
929 2465 2013 2526 den Abend zu ihm zu kommen. Dieser Ausgang wäre
146 2468 845 2525 e“ nur laues Interesse zu erwecken.
933 2516 2015 2562 völlig unmotivirt, wenn Schnitzler nicht hat zeigen
144 2507 856 2573 ich noch der gewagte spanische Trik,
928 2548 2004 2607 wollen daß alles seinen unabänderlichen Weg geht;
208 2556 854 2612 Pauline, die Frau eines be¬
148 2599 855 2657 hat sich mit dem jungen Leonhard
914 2601 2011 2656 ob er freilich gut gethau hat, metempsychische Ideen
164 2637 847 2701 einem Bild aus der Florentiner
924 2644 1998 2703 heranzuziehen ist, zweifelhaft. Hier versagte das Ver¬
145 2681 852 2747 ten Jahrhunderts im Museum ge¬
926 2692 2011 2751 ständniß des Publikums. Die Seelenwanderung ist eine
141 2725 848 2791 Mann möchte ihr zeigen, daß sie
919 2726 2005 2785 zu abstralte philosophische Lehre, als daß sie ohne
142 2768 847 2828 lichkeit mit der Florentinerin, die
920 2778 2008 2840 weiteres zur Erklärung unmotivirter Entschlüsse
152 2810 843 2863 Dolch hebt, hat. Aber daneben
928 2823 2012 2880 einer komplizirten modernen Frauennatur dienen
151 2860 844 2910 Tugend ins Wanken bringen und
921 2860 1076 2920 könnie.
1096 2863 2004 2908 Auch steht das Aufrollen tiefster Pro¬
922 2915 1996 2962 bleme nicht im rechten Verhäliniß zu den Dingen,
153 2900 844 2973 Flirt heraus in ihr den Entschluß
915 2946 2009 2995 die uns veranschaulicht werden sollen. Das Ueberflüssige
155 2939 847 3006 wecken. Pauline weist ihn ab.
151 2993 852 3048 daß ihr Gatte in seinem am Vor¬
911 2987 2013 3056 ist aber auf der Bühne stets auch das Tödliche. Wenn
138 3026 849 3089 Drama ihre intimsten Stunden der
917 3039 2007 3096 also hier Schnitzler die metaphysischen Räthsel nicht
131 3076 840 3130 gegeben hat, macht sie nicht irre.
911 3082 2001 3122 ebenso dem Bühnengebilde einzuordnen vermochte, wie
137 3128 852 3173 m schaffenden Künstler alles zum
918 3127 2011 3184 in seinem „Paracelsus“ oder wie die Hypnose in einem
927 3173 2013 3219 der reizenden Einatter des „Anatolcyklus“, so bietet
143 3168 846 3215 en muß, wenn anders er ein echter
144 3214 853 3259 ergeht vor hingebender Bewunderung
926 3204 2010 3257 die „Frau mit dem Dolche“ doch viel Interessantes.
143 3257 844 3310 Leonard verknüpft sie nur das rein
927 3258 2007 3315 Vor allem in technischer Hinsicht das dargor ngöregor,
923 3299 2003 3356 das zeitlich spätere Ereignisse vorausnimmt, indem das
132 3285 845 3357 Pährend sie aber dem jungen Mann
146 3343 845 3389 rem Manne sein Werben gestanden
935 3341 2008 3395 Florentiner Zwischenspiel den Ausgang nach der Liebes¬
137 3387 848 3440 b mit ihr am anderen Morgen ver¬
926 3380 2015 3453 nacht zeigt, während Pauline sich noch vorher befindet
137 3426 854 3485 nd er sie beschwört, die letzte Nacht
924 3428 2004 3482 (ein Versuch, den meiner Exinnerung nur Tolstoj in
133 3470 840 3527 en, geht ein seltsamer Prozeß in
936 3467 2012 3524 der „Macht der Finsterniß“ schon gemacht hat,) dann
929 3522 2007 3573 aber besonders die mit wenigen Worten charakterisirte
137 3522 847 3576 als ob sie dies alles schon einmal
932 3560 2012 3619 Erscheinung des Remigio, des Künstlers per se. Trotz¬
130 3558 851 3607 rau mit dem Dolche sie selbst, der
926 3600 2008 3650 dem aber blieb das Stück nur durch die ebenso ver¬
134 3604 845 3657 hatten auf dem Gemälde Leonard.
135 3647 847 3696 g setzt sie sich und über das Bühnen¬
930 3646 2012 3705 ständnißvolle, als scharf gestaltende Darstellungskunst
933 3696 2013 3753 des Frl. Triesch vor der völligen Ablehnung bewahrt.
140 3693 845 3742 eier, die Szene wird verfinstert.
1016 3732 2004 3777 Mit diesen drei Schauspielern hat der
130 3726 850 3797 uline als Paola, die Gattin des
914 3755 1132 3835 Schwank
149 3772 850 3827 Remigio, im Gespräch mit dem
1136 3779 2013 3836 „Litteratur“, der den Abschluß des
136 3819 845 3882 dem sie die letzte Nacht angehört
927 3819 1999 3887 Abends bildete, zweierlei gemeinsam, da auch er das
131 3857 844 3920 Finnenlust hatte die schöne Floren¬
921 3863 2007 3907 Verhältniß des Künstlers zu seiner Umwelt beleuchtet,
139 3911 856 3954 he getrieben; als ihr Gatte Remigio
917 3921 2005 3968 und da es sich auch in ihm um ein Geheimniß einer
138 3953 855 4030 ssie ihm alles, und Leonardo selbst
924 3955 2033 4029 Frau dreht, das dem Hauptbetheiligten bekannt gemacht
2075 162 2501 265 box 21/2
2080 1908 3205 1973 wird oder werden soll. Margarethe steht vor ihrer
2080 1945 3044 2011 Hochzeit mit dem Turfbaron Clemens.
3077 1958 3174 2016 Er
2074 1992 2195 2047 will
2337 1996 2794 2057 heirathen, obwohl
2788 1991 3056 2049 sie eine
3052 2008 3176 2059 ge¬
2078 2030 2539 2107 schiedene Frau ist,
2567 2039 3180 2103 „jüdisches Halbblut" und
2177 2083 2744 2138 was das Schlimmste
2837 2073 3176 2141 Schriftstellerin.
2084 2128 3175 2192 Sie hat einen Band liebestrunkener Verse veröffentlicht,
2073 2165 3164 2228 die Gewißheit aber, daß es nur Phantasien waren,
2079 2220 3174 2275 beruhigt den Baron. Aber der Ehe des blauen Blutes
2072 2266 3181 2317 und der blauen Tinte droht Gefahr. Margarethe hat
2084 2304 3168 2347 heimlich noch einen Roman geschrieben, der bereits gedruckt
2094 2342 3178 2405 ist und vorm Erscheinen steht. Sie weigert sich, ihn zu
2096 2386 3182 2429 vernichten. Das Wiederauftauchen eines Freundes aus
2096 2429 3182 2495 Münchner Zeit zwingt sie aber dazu. Auch er hat einen
2090 2473 3172 2531 Roman geschrieben und in beiden Büchern kommt der
2090 2517 3180 2568 Briefwechsel der beiden vor, der dem Baron beweisen
2082 2559 3177 2619 würde, daß jene Verse nicht nur Phantasie waren.
2083 2604 3175 2650 Köstlich sind diese beiden Literatennaturen gekennzeichnet,
2100 2646 3182 2701 die selbst in den Momenten der Liebesekstase an die
2085 2691 3174 2762 Ausschlachtung ihres eigenen Empfindens gedacht haben.
2082 2733 3181 2802 Die Frau, die ihre anscheinend zitternd, eilig hinge¬
2102 2781 3170 2832 worfenen Briefe vorher aufgesetzt, der Mann, der sich
2074 2826 3170 2873 Abschriften zurückbehalten hatte. All ihr Leben,
2104 2869 3168 2913 Empfinden, Sprechen und Handeln ist dem
2071 2908 2410 2969 Moloch des
2403 2913 3174 2968 Caféhausruhmes verfallen, #0'est
2070 2940 3195 2997 de littérature: sagt der Franzose. Die Geschichte
2087 3003 3176 3056 löst sich in Wohlgefallen auf. Der Noth gehorchend
2078 3043 3164 3100 willigt Margarethe in das Einstampfen der ganzen
2068 3086 3167 3145 Auflage ihres Werkes, das letzte Exemplar, das der
2069 3133 3176 3187 Baron sich vom Verleger besorgt hat wirft sie selbst
2075 3171 3171 3238 ins Feuer und tief gerührt über diesen vermeintlichen
2070 3217 3171 3293 Sieg der Liebe über den Ehrgeiz zieht der Baron sie
2068 3256 2389 3322 in seine Arme.
2153 3284 3165 3352 Selten haben derartige Lachstürme das seiner
2064 3328 3187 3408 Richtung nach ernsteste deutsche Theater der Gegenwart
2081 3395 3175 3441 durchweht, wie bei diesem Schwank. Da ist aber auch
2075 3434 3169 3488 fast jede der mit wienerischer Grazie geformten Pointen
2078 3481 3170 3536 ein Schlager; und die Darsteller, allen voran Baffer¬
2074 3522 3164 3566 mann als Baron, haben gezeigt, daß sie auch noch
2074 3565 3167 3618 anderes zu spielen vermögen als das, was man sonst
2097 3608 3014 3666 im Deutschen Theater unter Litteratur versteht.
2626 3633 3172 3729 Richard Otto Frank.
2092 4071 2376 4167 Se e e
