3392 4256
178 228 2353 344 16. 1. Lebendige Stunden zuklus box 21/5
1695 742 2958 813 Vorstellung war ausgezeichnet. Das Publikum nahm die von Herrn
1695 799 2968 854 Feldner wieder aufs sorgfältigste inszenirten Novitäten mit nach jedem
1698 841 2961 894 Fallen des Vorhanges sich steigerndem Beifall auf. Und hoffentlich wird
1696 878 2966 939 dieser Aufwand von Fleiß und Talent, der in der Wiedergabe des Ein¬
469 760 1615 960 Lebendige Stunden.
1694 919 2968 971 akter=Cyklus steckt, auch durch eine stattliche Reihe von Wiederholungen
1696 956 2962 1017 gelohnt. Den Besuch derselben können wir wenigstens nur angelegent¬
1701 999 2979 1047 lichst empfehlen. Hat eine Posse wie „Seine Kleine“ eine so über
523 989 1542 1060 Dier Einakter von Arthur Schnitzler.
1693 1038 2971 1093 Erwarten große Zahl von Freunden gefunden, so werden sich hoffentlich
1702 1075 2968 1145 nicht weniger auch für Schöpfungen interessiren, in denen ein Dichter
1702 1123 2561 1178 wie Schnitzler sein Bestes zu bieten versucht hat.
454 1116 1612 1188 Aufführung am Wilhelm=Theater zu Lübeck.
413 1213 1665 1288 (Ueber die glänzende Aufnahme berichten dortige Glätter.
783 1303 1284 1384 „Lübeckische Anzeigen“.
469 1349 1681 1426 Der lebhafte Erfolg, den Schnitzlers „Lebendige Stunden“ über¬
391 1401 1695 1467 all gefunden haben, war ihnen auch hier beschieden. Und das verdanken
407 1453 1686 1510 sie in erster Linie den eigenartigen Motiven, die der Dichter in seinen
401 1484 1686 1548 vier Einaktern in künstlerischer Weise behandelt. Es ist richtig, jedes
399 1531 1683 1577 angeschlagene Thema — vielleicht mit Ausnahme des ersten — wird
399 1556 1689 1616 dem Zuschauer in derb=sinnlichem Realismus vorgeführt, aber es baut
1748 1563 2947 1653 debet den Wassern.
399 1604 1681 1658 sich auf so viel Mithülfe der Phantasie auf, daß die unangenehmen
399 1653 1686 1718 Nebenwirkungen unserer Modernsten nicht zu verspüren sind. Das ist
1804 1633 2879 1719 Drama in 5 Aufzügen von Georg Engel.
397 1680 1692 1740 ein großer Gewinn und, wenn man will, auch ein Fortschritt in der
395 1720 1684 1781 heutigen Bühnenlitteratur. Alles, was der Dichter uns zu sagen hat,
396 1763 1686 1812 ist in so viel Empfindung und Gefühlsleben umgesetzt, daß auch die
1807 1744 2863 1825 Aufführung am Wilhelm=Theater zu Lübeck.
402 1800 1692 1857 kraffesten Begleiterscheinungen seiner Themata gemildert und bis zu
390 1832 1688 1897 einem gewissen Grade aufgehoben erscheinen. Selbst da, wo Grund vor¬
1694 1859 2970 1934 Auch in Lübeck fand das Stück einen glänzenden Erfolg,
400 1873 1692 1937 handen ist zur nur melancholischer Betrachtung, wie in den „beiden
402 1905 1697 1975 Masken“, wo einem der grellste Einblick in eine zerfressene und zerrüttete
1828 1944 2847 2003 wie aus nachsteßenden Gerichten zu ersehzen ist.
401 1967 1688 2017 Menschenseele gewährt wird, hat zum Schluß eine Gefühlsregung von
405 2000 1700 2053 unendlicher Weichheit und Weihe doch schließlich gesiegt. Und mit welchen!
2013 2010 2650 2089 „Lübecker General-Anzeiger“.
405 2034 1694 2098 einfachen Mitteln werden diese tiefgehenden Wirkungen erreicht! Nirgends
399 2062 1700 2133 die Spur einer raffinirt=theatralischen Mache, Alles schlicht und natur¬
1778 2061 2968 2134 Günstige Sterne haben auch in diesem Jahre über der Auswahl der
406 2104 1688 2166 wahr, und dann im letzten Einakter Alles so keck und frisch, so sprudelnd,
1695 2114 2984 2169 Neuheiten für unsere Sommerbühne geleuchtet. Ein Erfolg reiht sich an
406 2155 1693 2208 so geistreich=satirisch und frohlaunig hingeworfen, daß der Dichter die
1707 2146 2983 2211 den andern. Kaum eine Novität ging bisher in Scene, die an äußerer
402 2186 1691 2246 Schlacht gewonnen hatte, ehe sie eigentlich begann. Selbst die Schärfe
1694 2184 2970 2254 Wirkung zu wünschen übrig gelassen hätte. In dieser Hinsicht bedeutet
394 2235 1678 2294 des Spottes, die er über eine bestimmte Gattung selbstgefälliger Schrift¬
1700 2228 2982 2297 auch der Erwerb des Dramas „Ueber den Wassern“ von Engel
398 2266 1685 2337 steller ausgießt, wird in einer derart gefälligen Form und mit solcher
1710 2285 2981 2328 wieder einen Haupttreffer. Nach dem zwingenden Eindruck zu urtheilen,
406 2299 1686 2359 Schelmenlaune gegeben, daß eine mehr als sympathische Wirkung, ein
1698 2307 2977 2368 den seine Wiedergabe am Freitag hier hervorrief, wird sicherlich dem
400 2343 1690 2407 voller Erfolg erzielt werden mußte. Die Darstellung kam den Absichten
1705 2351 2968 2403 Stück eine ansehnliche Reihe von Wiederholungen beschieden sein. Unge¬
399 2381 1692 2443 des Dichters auf das Beste entgegen. Die ganze Vorstellung übte einen
1701 2382 2977 2443 wöhnlich spannend setzt die Handlung gleich ein. Das Drama fordert
410 2430 1686 2480 erfreulichen Eindruck aus und verdie#t wohl noch eine Reihe rasch auf¬
1698 2420 3006 2495 einste Beachtung heraus. Denn es ist das Werk eines Werdenden, dem
398 2466 1683 2525 einander folgender Wiederholungen um so mehr, als das Publikum sich
1694 2466 2981 2523 es an Kraft nicht zu mangeln scheint. Die Charakteristik weist zahlreiche
1712 2495 2978 2567 glückliche Züge auf. Eine prächt mit liebevoller Sorgfalt ausgeführte
397 2507 1295 2575 dabei sichtlich ganz ausgezeichnet unterhalten hat.
1712 2536 2977 2601 Figur, die noch durch den trefflich Gegensatz zum Pastor Holm wirkt,
794 2555 1308 2636 „Lübecker Nachrichten“.
1714 2577 2985 2639 wird besonders in dem alten Pastor Siewert geboten. Außerordentlich
491 2605 1692 2679 Das Wilhelm=Theater hatte gestern einen überaus glänzen¬
1704 2619 2975 2678 geschickt, einen scharfen Blick für das theatralisch Wirksame verrathend,
1716 2651 2979 2716 bauen sich die Akte auf, vor allem jedoch nimmt die von Anfang an das
411 2654 1685 2727 den Erfolg zu verzeichnen. „Lebendige Stunden“ hat Artbur
1707 2699 2984 2758 Stück durchgehende Stimmung gefangen. Und so wird durch das Zu¬
414 2701 1685 2757 Schnitzler die vier Einakter genannt, die, in aufsteigender Linie sich
1711 2739 2973 2794 sammenwirken dieser Faktoren denn ein Spannungsreiz ausgelöst, wie
405 2733 1700 2788 bewegend, das Publikum zu immer neuen Beifallskundgebungen veran¬
1713 2774 2968 2835 ihn stärker auch nicht Philippi's Sensationsdrama „Das große Licht“
404 2781 1694 2837 laßten. Das erste Stück hat dem Ganzen den Namen gegeben. Es
1708 2808 2972 2877 zu erzeugen vermochte. — Die Aufführung zählte zu den gelungensten,
415 2812 1697 2869 bereitet gleichsam die Stimmung vor. Außerordentlich interessant ist der
1711 2857 2979 2909 die die bisherige Saison gezeitigt hat. Und so war denn die überaus
418 2856 1697 2918 Dialog in ihm, vorzüglich der Charakter Anton Hausdorfers gezeichnet.
1707 2893 2830 2958 warme Aufnahme des Stückes durchaus begreiflich und verdient.
406 2900 1690 2954 Die zweite Darbietung „Die Frau mit dem Dolche“ ist eine tech¬
415 2932 1695 3000 nische Meisterleistung. Das Thema von der Seelenwanderung wird in
2077 2954 2588 3031 „Lübecker Nachrichten“.
410 2967 1708 3037 geistreicher Weise darin gestreift. Ganz unmittelbar wirkte das im Spital
409 3009 1699 3076 spielende Stuck „Die letzten Masken“. Und dann kommt als Krö¬
1785 3003 2968 3066 Herr Feldhusen hat in diesem Sommer noch mehr Glück als
410 3049 1700 3102 nung des Ganzen das lustige letzte Stück „Litteratur“. Die Figuren
1721 3057 2984 3116 gewöhnlich. Was nicht wenig sagen will. Zunächst war ihm der Wetter¬
412 3088 1689 3157 dieses Einakters sind trefflich herausgearbeitet, die Handlung witzig er¬
1708 3094 2982 3152 gott günstig gesinnt. Insofern als wir einen mehr als nassen Mai und
412 3125 1699 3184 dacht. Als tüchtiger Regisseur zeigte sich gestern Abend wiederum Herr
1710 3139 2983 3185 Juni hatten. Und der Superlativ: An den Sonntägen regnete es fast
411 3166 1691 3218 Friedrich Feldner. Die gestrige Vorstellung dürfte noch zahlreiche
1700 3160 2987 3220 regelmäßig. Dazu kommt, daß Herr Feldhusen über vorzügliche
417 3219 1484 3277 Wiederholungen erleben. Ihr Besuch sei bestens empfohlen.
1714 3205 2993 3264 darstellerische Kräfte verfügt, an deren Spitze ein trefflicher Regisseur
1719 3248 2982 3310 steht. Und zum dritten: Trotzdem die Neuheiten am dramatischen Markt
744 3265 1381 3344 „Lübecker General-Anzeiger“.
1715 3293 2980 3344 sehr knapp, ihm ist es gelungen, sich gut zu versorgen. „Ueber den
1710 3329 2989 3385 Wassern“ von Engel ist ein Zugstück ersten Ranges. Als solches
491 3305 1706 3377 In dem ungewöhnlich interessanten Einakter=Cyklus „Lebendige
411 3351 1696 3412 Stunden“ von Arthur Schnitzler bescheerte uns der Sonntag eine
1720 3382 2983 3428 wird es sich auch in Lübeck bewähren. Zum Schluß der Vorstellung
420 3400 1702 3455 recht werthvolle und dankbar hingenommene Gabe. Nicht daß uns ein
1720 3395 2451 3480 wurden die Darsteller wiederholt gerufen.
419 3444 1709 3496 kraftvoll pulsirendes Leben in diesen Stücken in seinen Bann zwingt.
2085 3462 2600 3528 „Lübeckische Anzeigen“.
410 3478 1708 3538 Mehr oder weniger tragen auch sie das Gepräge unserer Zeit, erscheinen
409 3520 1701 3581 auch sie „von des Gedankens Blässe“ angekränkelt. Aber sie sind aus¬
1793 3508 2986 3579 Freitag Abend fand die Erstaufführung von Georg Engel's
414 3559 1702 3618 nahmslos virtuos ausgeführte Schöpfungen von feinem Stimmungs¬
1715 3553 3000 3619 „Ueber den Wassern“ statt. Herr Engel hat recht effektvoll ge¬
413 3594 1700 3664 gehalt, die hinsichtlich der Dialogführung wie der Charakteristik und der
1722 3604 2992 3656 dichtet. Und in der That, der erste Akt fließt nach der etwas schwer¬
418 3633 1702 3715 Milieuschilderung jene glänzenden Vorzuge wieder aufweisen, die dem
1723 3639 2996 3700 fälligen Exposition frisch und lebendig dahin, wird kräftig gesteigert und
413 3675 1700 3733 Schaffen dieses österreichischen Dichters die ernsteste Beachtung gesichert
1719 3683 2998 3740 schließt wirkungsvoll. Der zweite Akt beginnt vielversprechend und er¬
1723 3720 2994 3775 reicht in dem Zwiegespräch der beiden Pastoren einen stimmungsvollen
418 3712 1703 3782 haben. In diesen Einaktern schildert er Stunden, die gleichsam lebendig,
414 3752 1698 3814 persönlich werden, die weihend oder anschlußgebend unser Erleben und
1710 3758 2994 3812 Höhepunkt. — Beim Verlassen des Theaters weiß man, daß „Ueber
414 3793 1709 3846 Thun mitbestimmen. Sie wirken befruchtend auf den schöpferischen Geist;
1713 3799 2997 3850 den Wassern“ in den nächsten Wochen noch viele Aufführungen er¬
423 3830 1711 3894 sie deuten ein über dem Menschen hängendes Fatum, ein ewiges Sich¬
1711 3843 1959 3909 leben wird.
410 3861 1708 3929 Wiederholen der Begebenheiten an; sie enthüllen dem in Angesicht des
416 3903 1711 3975 Todes Stehenden die Wichtigkeit des Lebenswerthes; persiflirend äußern
418 3945 1711 3999 sie sich endlich im letzten Stück, wo sie bei den kleingeistigen Litteratur¬
419 3974 1703 4058 hausirern zu schamlosen Indiskretionen herabsinken. Zwei Typen von
1367 4015 1712 4082 denn rastlos das
422 4024 1366 4090 Menschen scheint Schnitzler hier zeichnen zu wollen;
423 4058 1718 4128 Leben nur Genießenden und den, der die Erlebnisse künstlerisch festzu¬
424 4100 1714 4173 halten, ihnen „Dauer über ihre Zeit hinaus“ zu verleihen vermag. Das
429 4133 1716 4199 tritt überaus klar hervor im ersten den Lebendigen Stunden“. Die
