3532 4384
352 36 2010 157 16. 1. Lebendige Stunden zyklus
888 418 1116 506 Seite 48
935 518 1980 602 Eine unserer Volksbühnen, die „Neue Freie Dolksbühne“,
856 560 1976 657 versuchte sich in litterarischer Schatzgräberei und brachte zum
864 618 1995 698 erstenmal „Dantons Tod“ von Georg Büchner, der als
847 671 1984 745 Jüngling starb, auf die Bühne. Die litterarisch berühmten
849 696 1988 784 Scenen konnten nicht „gereitet“ werden. Wenigstens nicht
851 753 1982 832 mit so unzureichenden Mitteln, mit den dilettierenden Kräften
844 782 1344 865 einer Bühnenvereinigung.
1826 816 1957 882 Coki.
1340 860 1463 947 650
915 950 1901 1090 Die Toten der Woche.
892 1074 1967 1167 Max Adamo, Historienmaler, † in München am
830 1118 1643 1203 31. Dezember im Alter von 64 Jahren.
893 1177 1966 1251 Fürstin Ernestine Auersperg, Witwe des Minister¬
846 1225 1971 1296 präsidenten, Herrenhauspräsidenten und Oberstlandmarschalls
831 1260 1963 1330 von Böhmen, Fürsten Karlos Auersperg, f auf Schloß Albrechts¬
839 1292 1960 1385 berg (Niederösterreich) am 50. Dezember im 71. Lebensjahr.
1467 1373 1966 1431 Johann von Bloch, russi¬
1292 1386 1386 1454 9.n
1392 1408 1954 1480 scher Staatsrat, bekannt als
1400 1453 1956 1514 bedeutendster Förderer der inter¬
1093 1470 1236 1567 SN
1404 1503 1963 1565 nationalen Friedensbewegung.
1414 1543 1957 1612 † in Warschau am 6. Januär.
1440 1584 1951 1654 Albert Brockhoff, be¬
961 1601 1051 1674 2200
1395 1624 1949 1693 kannter Hublizist, Redakteur
1092 1629 1196 1715 2
1400 1671 1944 1752 des „Berliner Lokalanzeigers“,
1425 1718 1923 1781 in Berlin am 1. Januar.
1448 1759 1954 1820 Luise von Eisenhart
1392 1799 1944 1877 (von Kobell), Schriftstellerin,
1419 1854 1949 1929 in München am 30. Dezem¬
1378 1896 1848 1952 ber im 75. Lebensjahr.
1439 1934 1942 1999 Geheimer Instizrat Wil¬
1129 1846 1248 2044 0
1380 1980 1940 2046 helm* Elven, langjähriger
822 1973 1208 2068 B
1326 1990 1935 2088 = Dorsitzender der Anwalts¬
950 2058 1282 2126 Johann von Bloch †
1371 2067 1938 2132 kammer der Rheinprovinz,
1378 2114 1929 2176 früheres Mitglied des preußi¬
809 2142 1935 2216 schen Landtags, F in Köln am 4. Januar im 77. Lebensjahr.
874 2186 1938 2266 Drofessor Wilhelm von Herz, Direktor an der Münchner
808 2241 1809 2307 Technischen Hochschule, † in München am 8. Januar.
874 2289 1930 2368 Geheimer Regierungsrat Professor Eduard Jacobsthal,
809 2316 1929 2411 Dozent der architektonischen Ornamentik an der Charlotten¬
807 2379 1941 2459 burger Technischen Hochschule, n Charlottenburg am
815 2411 1401 2480 1. Januar im 65. Lebensjahr.
872 2458 1930 2551 Senator A. Clorente, früherer spanischer Finanzminister
795 2514 1871 2578 und Minister des Aeußern, † in Madrid am 5. Januar.
868 2563 1928 2629 Anna Löhn=Siegel, Schriftstellerin und Schauspielerin,
798 2594 1734 2686 † in Dresden am 1. Januar im 72. Lebensjahr.
859 2646 1364 2711 Professor Hugo Pernice,
801 2698 1359 2757 bedeutender Opnäkolage an
797 2743 1345 2804 der Greifswalder Universi¬
796 2779 899 2844 tät,
895 2790 1347 2843 † in Greifswald am
800 2825 1343 2900 30. Dezember im Alter von
795 2867 1056 2934 72 Jahren.
864 2911 1351 2980 Pietri, der berühmte
1527 2912 1735 3008 ∆
799 2952 1336 3023 Polizeipräfekt unter Napo¬
796 3003 1338 3066 léon III.,† in Sartene auf
800 3041 1345 3114 Korsika am 5. Januar im
798 3084 1233 3157 Alter von 84 Jahren.
859 3134 1339 3204 Baurat Dr. K. v. Schick,
793 3182 1328 3242 berühmter Palästinaforscher,
788 3221 1331 3292 † in Jerusalem am 24. De¬
1453 3215 1693 3335 72
786 3265 956 3328 zember.
859 3308 1322 3375 Klaudius von Schran¬
788 3345 1326 3418 dolph, früherer Direktor der
1412 3370 1785 3446 Prof. Hugo Pernice 1
791 3394 1327 3455 Kunstschule in Stuttgart, be¬
787 3445 1256 3507 deutender Genremaler,
1315 3439 1908 3533 in Eppan bei Bozen am
783 3484 1548 3563 5. Januar im Alter von 58 Jahren.
847 3542 1897 3613 Landgerichtsrat a. D. Senestrp, ehemaliger Reichstags¬
789 3560 1902 3661 und Landtagsabgeordneter, Führer der Zentrumsfraktion im
785 3622 1788 3704 baprischen Landtag, f in Regensburg am 2. Janpar.
2163 68 2603 165 box 21/2
2828 474 2983 557 Saan.
2179 457 2963 684 Die Börienwoche.
2055 652 3129 725 Wenn der Chronist Parallelen ziehen will zwischen dem
1998 700 3132 786 Anfang des neuen Geschäftsjahrs und dem des abgelaufenen,
1997 751 3126 827 so hat er nur auf geringe Ausbeute zu rechnen. Damals
1996 795 3115 870 schwamm der wirtschaftliche Horizont in einem grauen Nebel¬
1995 844 3127 913 meer der Hoffnungslosigkeit, und das Geschäftspublikum hatte
1981 853 3119 964 Tbereits die Flinte ins Korn geworfen, noch ehe über dasselbe
1993 923 3111 1005 die schlimmsten Prüfungen hereingebrochen waren. Heute
1992 977 3119 1045 sehen wir bereits in der kurzen Spanne Zeit, die das neue
1980 1016 3129 1092 Jahr zurückgelegt hat, eine Häufung hoffnungsfroher Aspekte
1996 1062 3119 1152 heranziehen, an denen man noch vor wenigen Monaten fast ein
1985 1103 3112 1183 ganzes Semester zu zehren gehabt hätte. Wenn jemals das
1978 1147 3109 1227 oft mißbrauchte Wort „himmelhoch jauchzend, zum Tode be¬
1975 1196 3110 1269 trübt“ eine Geltung hatte, so ist es diesmal der Fall, nur
1987 1227 3108 1311 hat es die Börse in umgekehrter Reihenfolge angewendet.
1980 1279 3112 1347 Wenn wir aber fragen, ob die zu Tage tretenden Hoff¬
1983 1326 3108 1400 nungen, die sich bereits in sehr erklecklichen Dreisbesserungen
1979 1358 3107 1443 auf nahezu allen Marktgebieten ausgesprochen, eine innere
1977 1408 3101 1493 Berechtigung besitzen, so wäre es übereilt, darauf kurzweg
1979 1454 3105 1516 mit Ja oder Nein zu antworten. Wer die Börse und
1980 1500 3107 1567 die Stellungnahme kennt, die sie oft genug gegenüber
1966 1542 3095 1614 wirtschaftlichen Bewegungen einnimmt, der wird am liebsten
1969 1579 3106 1668 überhaupt nicht antworten, sondern die Thatsachen in
1975 1629 2796 1704 ihrer folgerichtigen Entwicklung reden lassen.
2027 1696 3090 1792 Ohne Zweifel bildet die zunehmende Geldflüssigkeit den
1970 1735 3093 1838 hauptsächlichsten Zusammenhalt der Haussebewegung. Bei
1969 1816 3092 1882 einem Bankdiskont von 4 Drozent hat sich in der ablaufenden
1960 1844 3091 1925 Woche der Privatdiskontsatz bis auf etwa 2 Prozent ermäßigt.
1966 1878 3085 1970 Die Krediterschwerungen, die die Börse und das ihr nahe¬
1953 1924 3088 2013 stehende Publikum so lange auf Hungerdiät gesetzt haben,
1966 1976 3085 2056 machen wieder einez kulanten Praxis der Geldgeber Platz.
1960 2025 3095 2104 Die so lange zurückgehaltene Kauflust des verdienenden und
1953 2066 3096 2145 sparenden Dublikums erwachte über Nacht, als wäre ein
1953 2106 3086 2187 Mairegen niedergegangen, und merkwürdig genug wendet sich
1960 2146 3091 2234 die Hoffnungsfrendigkeit, nachdem sie wenige Cage lang das
1958 2195 3086 2276 Gebiet der soliden, festverzinslichen Werte aufgesucht, alsbald
1946 2233 3081 2317 dem Feld der industriellen Dividendenpapiere zu, auf dem sie
1951 2289 3088 2363 noch soeben so entsetzliche Erfahrungen sammeln mußte. Und
1954 2317 3070 2415 doch hat sich vorerst noch sehr wenig in den schwierigen
1954 2360 3078 2449 kommerziellen und industriellen Verhältnissen geändert. Man
1953 2404 3078 2495 spricht von einer leichten Besserung in der Eisenindustrie und
1952 2451 3075 2548 wagt noch nicht, von einer günstigeren Wendung am Kohlen¬
1949 2495 2268 2569 markt zu reden.
2460 2551 2540 2604 *
2008 2558 3068 2663 Die Spekulation eilt jedoch bekanntlich den Ereignissen,
1934 2624 3075 2717 deren Kommen sie vielleicht nur ahnt, mit frischem Wagemut
1938 2670 3063 2751 voraus, und ihre Instinkte haben sie ja oft genug richtig ge¬
1944 2709 3068 2798 leitet. Jedenfalls vermag sie in dem Bestreben unserer staat¬
1943 2755 3068 2842 lichen Behörden, der darbenden Industrie durch ausgiebige
1937 2804 3062 2882 neue Arbeitsgelegenheit unter die Arme zu greifen, eine
1951 2847 3069 2926 wertvolle Unterstützung für ihre optimistischer gewordenen
1939 2874 3061 2957 Anschauungen zu erblicken. Immerhin hat die Thronrede
1940 2927 3067 3003 bei Eröffnung des preußischen Landtags die von der
1927 2967 3054 3037 Spekulation in dieser Richtung gehegten weitgehenden Er¬
1931 3029 3062 3116 wartungen wenn auch nicht gerade enttäuscht, so doch
1934 3065 3048 3136 auch nicht voll erfüllt. Auch die Furcht vor der soge¬
1932 3113 3044 3178 nannten amerikanischen Gefahr, die man an dieser Stelle früh¬
1931 3141 3053 3219 zeitig auf ihr richtiges Maß zurückzuführen suchte, hat sich
1937 3198 3064 3279 immer mehr verflüchtigt, nachdem die große transatlantische
1924 3234 3057 3323 Republik ihren eigenen Bedarf an Brennstoffen und Eisen
1924 3287 3046 3367 gegenwärtig nicht zu decken vermag. Dagegen muß der
1920 3335 3042 3390 vorsichtige Beobachter die Frage aufwerfen, wie es mit diesem
1927 3373 3042 3453 Wettbewerb ausschauen wird, wenn dereinst die amerikanische
1917 3401 3039 3489 Hochkonjunktur ernstlich abflaut und die Riesenproduktion des
1918 3457 3044 3524 Landes unter allen Umständen sich Luft machen muß. Die
1909 3506 3045 3586 in der letzten Zeit etwas häufig aufeinanderfolgenden Zu¬
1913 3546 3028 3616 sammenbrüche amerikanischer Trusts und sonstiger Industrie¬
1909 3586 3039 3671 gesellschaften geben zu denken. Unsere Geschäftswelt sollte sich
1917 3636 3038 3719 jedenfalls nicht allzu zuversichtlich einem Haussetaumel hingeben,
1915 3692 2795 3766 aus dem ein schweres Erwachen folgen könnte.
2841 3708 3015 3771 Derus.
2418 3746 2547 3829 645
