<?xml version="1.0" encoding="UTF-8" standalone="yes"?>
<PcGts xmlns="http://schema.primaresearch.org/PAGE/gts/pagecontent/2013-07-15" xmlns:xsi="http://www.w3.org/2001/XMLSchema-instance" xsi:schemaLocation="http://schema.primaresearch.org/PAGE/gts/pagecontent/2013-07-15 http://schema.primaresearch.org/PAGE/gts/pagecontent/2013-07-15/pagecontent.xsd">
    <Metadata>
        <Creator>prov=University of Rostock/Institute of Mathematics/CITlab/Gundram Leifert/gundram.leifert@uni-rostock.de:name=ONB_Newseye_GT_M1+(htr_id=10810)::::v=2.4.2
prov=University of Rostock/Institute of Mathematics/CITlab/Tobias Gruening/tobias.gruening@uni-rostock.de:name=de.uros.citlab.module.baseline2polygon.B2PSeamMultiOriented:v=2.4.2
prov=University of Rostock/Institute of Mathematics/CITlab/Tobias Gruening/tobias.gruening@uni-rostock.de:name=/mnt/transkribus/LA/DEA/URO/LA_news_onb_att.pb:de.uros.citlab.segmentation.CITlab_LA_ML:v=2.4.2
Transkribus</Creator>
        <Created>2019-10-07T11:33:53.591+02:00</Created>
        <LastChange>2019-10-08T13:22:56.767+02:00</LastChange>
        <TranskribusMetadata docId="223975" pageId="9500550" pageNr="122" tsid="16581233" status="IN_PROGRESS" userId="40391" imgUrl="https://files.transkribus.eu/Get?id=AXJYYRLPXOYCPBITWFCOUNBT&amp;fileType=view" xmlUrl="https://files.transkribus.eu/Get?id=DFLKHZDKSSZLYHYUDTXFUIBQ" imageId="6190772"/>
    </Metadata>
    <Page imageFilename="223975_0122.jpeg" imageWidth="3484" imageHeight="4256">
        <ReadingOrder>
            <OrderedGroup id="ro_1711449719372" caption="Regions reading order">
                <RegionRefIndexed index="0" regionRef="r1"/>
            </OrderedGroup>
        </ReadingOrder>
        <TextRegion orientation="0.0" id="r1" custom="readingOrder {index:0;}">
            <Coords points="266,124 266,3783 3236,3783 3236,124"/>
            <TextLine id="r1l1" custom="readingOrder {index:0;}">
                <Coords points="2056,175 2211,170 2304,189 2326,171 2515,179 2516,143 2464,105 2312,106 2252,145 2226,120 2129,97 2058,104"/>
                <Baseline points="2066,159 2091,160 2117,160 2143,161 2169,162 2194,163 2220,164 2246,165 2272,165 2297,167 2323,167 2349,168 2375,168 2400,168 2426,168 2452,168 2478,168 2504,167"/>
                <TextEquiv>
                    <Unicode>box 21/2</Unicode>
                </TextEquiv>
            </TextLine>
            <TextLine id="r1l2" custom="readingOrder {index:1;}">
                <Coords points="256,153 590,202 1898,186 1862,105 1594,108 1515,160 1392,101 256,96"/>
                <Baseline points="266,147 347,155 428,160 509,166 590,170 671,173 752,175 833,177 914,178 995,178 1076,179 1157,178 1238,178 1319,177 1400,177 1481,176 1562,176 1643,176 1724,177 1805,178 1887,179"/>
                <TextEquiv>
                    <Unicode>16.1. Lebendige Stunden—Zyklus</Unicode>
                </TextEquiv>
            </TextLine>
            <TextLine id="r1l3" custom="readingOrder {index:2;}">
                <Coords points="2268,586 2639,586 2671,580 2672,521 2627,525 2603,543 2532,526 2463,550 2404,530 2268,549"/>
                <Baseline points="2278,583 2303,582 2329,582 2354,581 2380,581 2406,581 2431,581 2457,581 2482,581 2508,581 2534,582 2559,582 2585,583 2610,583 2636,584 2662,584"/>
                <TextEquiv>
                    <Unicode>Telefon 12801.</Unicode>
                </TextEquiv>
            </TextLine>
            <TextLine id="r1l4" custom="readingOrder {index:3;}">
                <Coords points="1784,680 2770,705 3090,682 3138,621 1784,658"/>
                <Baseline points="1795,692 1861,691 1928,689 1995,688 2061,688 2128,687 2195,686 2261,685 2328,684 2395,684 2462,683 2528,682 2595,681 2662,680 2728,679 2795,678 2862,677 2928,676 2995,674 3062,673 3129,671"/>
                <TextEquiv>
                    <Unicode>Alex. Weigl’s Unternehmen für Zeitungs-Ausschnitte</Unicode>
                </TextEquiv>
            </TextLine>
            <TextLine id="r1l5" custom="readingOrder {index:4;}">
                <Coords points="2807,740 2829,737 2837,743 2847,736 2858,742 2898,732 2925,752 2939,745 2951,753 2961,746 3004,751 3002,686 2971,689 2957,677 2929,689 2904,679 2890,692 2864,693 2847,684 2805,691"/>
                <Baseline points="2817,727 2842,728 2867,728 2892,726 2917,724 2942,723 2967,722 2992,724"/>
                <TextEquiv>
                    <Unicode>Ausschmitt</Unicode>
                </TextEquiv>
            </TextLine>
            <TextLine id="r1l6" custom="readingOrder {index:5;}">
                <Coords points="2136,826 2718,826 2764,784 3075,817 3123,797 3121,680 2952,752 2800,753 2693,701 2536,728 2365,697 2135,759"/>
                <Baseline points="2147,818 2195,816 2243,813 2291,811 2340,809 2388,808 2436,807 2485,806 2533,805 2581,804 2630,804 2678,803 2726,803 2774,802 2823,801 2871,800 2919,800 2968,798 3016,797 3064,795 3113,793"/>
                <TextEquiv>
                    <Unicode>„OBSERVER“ Nr. 51</Unicode>
                </TextEquiv>
            </TextLine>
            <TextLine id="r1l7" custom="readingOrder {index:6;}">
                <Coords points="1739,911 2684,911 3154,887 3198,842 1738,865"/>
                <Baseline points="1749,899 1821,897 1893,896 1965,895 2037,894 2109,892 2181,891 2253,890 2325,889 2397,888 2469,887 2541,886 2613,885 2685,884 2757,882 2829,881 2901,880 2973,878 3045,876 3117,874 3189,872"/>
                <TextEquiv>
                    <Unicode>I. österr. behördl. conc. Bureau für Zeitungsberichte u. Personalnachrichten</Unicode>
                </TextEquiv>
            </TextLine>
            <TextLine id="r1l8" custom="readingOrder {index:7;}">
                <Coords points="1923,999 3003,975 3028,901 1921,930"/>
                <Baseline points="1933,974 1987,974 2041,975 2096,975 2150,974 2204,973 2259,972 2313,971 2367,969 2422,967 2476,966 2530,964 2585,962 2639,960 2693,958 2748,957 2802,957 2856,956 2911,956 2965,956 3020,957"/>
                <TextEquiv>
                    <Unicode>Wien, IX. Türkenstrasse 17.</Unicode>
                </TextEquiv>
            </TextLine>
            <TextLine id="r1l9" custom="readingOrder {index:8;}">
                <Coords points="2103,1068 2837,1050 2867,1043 2865,972 2781,1003 2646,974 2570,1006 2478,984 2280,1011 2214,988 2102,1022"/>
                <Baseline points="2112,1046 2149,1046 2186,1045 2223,1045 2260,1044 2298,1044 2335,1043 2372,1042 2409,1041 2446,1040 2484,1039 2521,1038 2558,1037 2595,1036 2632,1035 2670,1034 2707,1033 2744,1032 2781,1031 2818,1030 2856,1029"/>
                <TextEquiv>
                    <Unicode>— Filiale in Budapest: „Figyelö“ ——</Unicode>
                </TextEquiv>
            </TextLine>
            <TextLine id="r1l10" custom="readingOrder {index:9;}">
                <Coords points="1736,1129 3182,1115 3180,1040 1735,1091"/>
                <Baseline points="1747,1123 1818,1121 1889,1120 1960,1118 2032,1117 2103,1116 2174,1115 2245,1113 2317,1112 2388,1111 2459,1110 2530,1108 2602,1107 2673,1106 2744,1104 2815,1102 2887,1101 2958,1099 3029,1097 3100,1095 3172,1092"/>
                <TextEquiv>
                    <Unicode>Vertretungen in Berlin. Chicago, Genf, London, Newyork, Paris, Rom, Stockholm.</Unicode>
                </TextEquiv>
            </TextLine>
            <TextLine id="r1l11" custom="readingOrder {index:10;}">
                <Coords points="1733,1254 1794,1269 1812,1256 1849,1276 1924,1254 2021,1269 2098,1249 2119,1263 2228,1249 2275,1261 2274,1210 2231,1196 2148,1210 2060,1189 2000,1209 1732,1197"/>
                <Baseline points="1743,1251 1769,1251 1795,1250 1821,1250 1847,1249 1873,1249 1899,1249 1925,1248 1951,1248 1977,1247 2004,1247 2030,1246 2056,1246 2082,1246 2108,1245 2134,1245 2160,1244 2186,1244 2212,1243 2238,1242 2265,1242"/>
                <TextEquiv>
                    <Unicode>Ausschnitt aus:</Unicode>
                </TextEquiv>
            </TextLine>
            <TextLine id="r1l12" custom="readingOrder {index:11;}">
                <Coords points="2312,1322 2462,1360 2562,1347 2626,1375 2706,1353 2864,1392 3011,1392 3016,1287 2973,1264 2606,1258 2550,1284 2317,1235"/>
                <Baseline points="2322,1326 2356,1329 2390,1333 2424,1335 2458,1338 2492,1341 2526,1343 2560,1345 2594,1347 2628,1350 2662,1351 2696,1353 2730,1355 2764,1357 2798,1357 2832,1359 2866,1360 2900,1361 2934,1362 2968,1363 3002,1363"/>
                <TextEquiv>
                    <Unicode>Seeunues Gandkat Anseirer</Unicode>
                </TextEquiv>
            </TextLine>
            <TextLine id="r1l13" custom="readingOrder {index:12;}">
                <Coords points="821,1415 859,1422 944,1365 1030,1347 1098,1365 1145,1355 1299,1401 1299,1324 1214,1310 1155,1268 1113,1261 1072,1278 1017,1255 934,1304 821,1296"/>
                <Baseline points="831,1396 856,1387 881,1378 907,1370 932,1362 958,1357 983,1352 1009,1348 1034,1346 1060,1345 1085,1345 1110,1346 1136,1350 1161,1354 1187,1360 1212,1368 1238,1377 1263,1389 1289,1402"/>
                <TextEquiv>
                    <Unicode>gar Coldsch,</Unicode>
                </TextEquiv>
            </TextLine>
            <TextLine id="r1l14" custom="readingOrder {index:13;}">
                <Coords points="1740,1412 1779,1421 1846,1402 1890,1409 1971,1382 2016,1397 2056,1394 2055,1347 2020,1332 1955,1332 1889,1352 1876,1342 1842,1360 1819,1344 1771,1362 1739,1359"/>
                <Baseline points="1751,1403 1777,1401 1804,1400 1831,1399 1858,1399 1885,1399 1912,1399 1939,1399 1966,1397 1993,1396 2020,1393 2047,1388"/>
                <TextEquiv>
                    <Unicode>vom C</Unicode>
                </TextEquiv>
            </TextLine>
            <TextLine id="r1l15" custom="readingOrder {index:14;}">
                <Coords points="761,1444 769,1442 781,1443 785,1440 794,1447 798,1442 810,1441 803,1392 789,1394 780,1402 777,1400 774,1405 768,1408 766,1406 756,1408"/>
                <Baseline points="770,1436 798,1432"/>
                <TextEquiv>
                    <Unicode>*</Unicode>
                </TextEquiv>
            </TextLine>
            <TextLine id="r1l16" custom="readingOrder {index:15;}">
                <Coords points="1298,1423 1332,1428 1350,1458 1387,1457 1399,1470 1421,1475 1469,1453 1479,1456 1498,1399 1464,1387 1434,1394 1390,1360 1368,1361 1352,1351 1323,1348"/>
                <Baseline points="1312,1413 1337,1425 1363,1437 1389,1447 1414,1455 1440,1461 1466,1463"/>
                <TextEquiv>
                    <Unicode>7/0</Unicode>
                </TextEquiv>
            </TextLine>
            <TextLine id="r1l17" custom="readingOrder {index:16;}">
                <Coords points="848,1471 891,1470 913,1449 974,1462 1014,1451 1049,1464 1071,1452 1215,1455 1214,1414 1173,1399 1107,1415 1074,1401 999,1415 960,1393 942,1410 873,1407 847,1420"/>
                <Baseline points="858,1456 884,1454 911,1452 937,1450 964,1448 991,1447 1017,1446 1044,1445 1070,1445 1097,1445 1124,1446 1150,1446 1177,1448 1204,1450"/>
                <TextEquiv>
                    <Unicode>+ Bureau für</Unicode>
                </TextEquiv>
            </TextLine>
            <TextLine id="r1l18" custom="readingOrder {index:17;}">
                <Coords points="662,1478 678,1475 711,1487 725,1480 741,1458 761,1467 790,1455 784,1427 770,1430 735,1406 717,1411 705,1403 690,1402 665,1430 653,1432"/>
                <Baseline points="672,1472 698,1466 725,1458 752,1453 779,1453"/>
                <TextEquiv>
                    <Unicode>O7·</Unicode>
                </TextEquiv>
            </TextLine>
            <TextLine id="r1l19" custom="readingOrder {index:18;}">
                <Coords points="2069,1479 2098,1483 2126,1468 2160,1476 2174,1465 2219,1485 2231,1473 2260,1470 2294,1445 2312,1447 2311,1397 2285,1391 2252,1401 2234,1394 2214,1404 2196,1392 2167,1405 2151,1395 2121,1403 2068,1394"/>
                <Baseline points="2079,1475 2107,1473 2135,1471 2163,1469 2191,1467 2219,1467 2247,1467 2275,1470 2303,1476"/>
                <TextEquiv>
                    <Unicode>11907</Unicode>
                </TextEquiv>
            </TextLine>
            <TextLine id="r1l20" custom="readingOrder {index:19;}">
                <Coords points="706,1537 1405,1530 1405,1494 1334,1463 1172,1497 706,1482"/>
                <Baseline points="716,1523 750,1525 784,1526 818,1526 852,1527 886,1527 920,1527 954,1527 988,1526 1022,1526 1056,1526 1090,1525 1124,1525 1158,1525 1192,1525 1226,1525 1260,1526 1294,1526 1328,1528 1362,1529 1396,1531"/>
                <TextEquiv>
                    <Unicode>Zeitungsausschnitte und Verlag</Unicode>
                </TextEquiv>
            </TextLine>
            <TextLine id="r1l21" custom="readingOrder {index:20;}">
                <Coords points="709,1575 753,1595 830,1579 1015,1601 1076,1583 1108,1601 1392,1573 1333,1534 709,1534"/>
                <Baseline points="719,1574 752,1574 785,1575 818,1575 851,1576 884,1576 917,1576 951,1576 984,1576 1017,1576 1050,1575 1083,1575 1116,1575 1149,1575 1183,1575 1216,1575 1249,1574 1282,1575 1315,1575 1348,1575 1382,1575"/>
                <TextEquiv>
                    <Unicode>der Wissenschaftlichen Revue.</Unicode>
                </TextEquiv>
            </TextLine>
            <TextLine id="r1l22" custom="readingOrder {index:21;}">
                <Coords points="637,1649 735,1671 1272,1638 1398,1667 1519,1646 1519,1590 637,1592"/>
                <Baseline points="648,1640 691,1641 734,1642 777,1643 820,1643 863,1643 906,1643 949,1643 992,1642 1035,1642 1078,1641 1121,1641 1164,1640 1207,1640 1250,1639 1293,1639 1336,1639 1379,1638 1422,1639 1465,1639 1508,1640"/>
                <TextEquiv>
                    <Unicode>BERLIN N., Auguststr. 87 part.</Unicode>
                </TextEquiv>
            </TextLine>
            <TextLine id="r1l23" custom="readingOrder {index:22;}">
                <Coords points="778,1716 898,1703 922,1717 969,1697 1097,1714 1186,1694 1350,1709 1350,1663 1266,1639 1216,1659 1139,1647 1031,1668 950,1648 778,1661"/>
                <Baseline points="788,1689 815,1690 843,1691 870,1691 898,1691 926,1692 953,1692 981,1691 1008,1691 1036,1691 1064,1691 1091,1691 1119,1690 1146,1690 1174,1689 1202,1689 1229,1689 1257,1689 1284,1689 1312,1689 1340,1689"/>
                <TextEquiv>
                    <Unicode>Telephon Amt III. No. 3051.</Unicode>
                </TextEquiv>
            </TextLine>
            <TextLine id="r1l24" custom="readingOrder {index:23;}">
                <Coords points="1200,1748 1289,1753 1301,1740 1340,1768 1437,1742 1563,1753 1562,1700 1433,1704 1384,1682 1319,1712 1199,1699"/>
                <Baseline points="1209,1740 1235,1740 1261,1739 1288,1739 1314,1738 1341,1738 1367,1738 1394,1737 1420,1737 1447,1737 1473,1736 1500,1736 1526,1736 1553,1735"/>
                <TextEquiv>
                    <Unicode> </Unicode>
                </TextEquiv>
            </TextLine>
            <TextLine id="r1l25" custom="readingOrder {index:24;}">
                <Coords points="917,1809 954,1823 976,1807 1006,1818 1030,1806 1140,1807 1185,1826 1219,1824 1245,1815 1245,1769 1223,1773 1200,1753 1141,1744 1044,1747 1034,1757 1007,1743 949,1746 916,1759"/>
                <Baseline points="927,1803 952,1802 978,1801 1004,1801 1029,1800 1055,1800 1081,1799 1106,1799 1132,1799 1158,1799 1183,1799 1209,1799 1235,1798"/>
                <TextEquiv>
                    <Unicode>Ausschnitt</Unicode>
                </TextEquiv>
            </TextLine>
            <TextLine id="r1l26" custom="readingOrder {index:25;}">
                <Coords points="545,1822 703,1810 747,1824 822,1811 833,1821 889,1818 889,1778 544,1780"/>
                <Baseline points="554,1807 579,1807 604,1807 629,1806 654,1806 679,1806 704,1805 729,1805 754,1804 779,1804 804,1804 829,1804 854,1804 880,1804"/>
                <TextEquiv>
                    <Unicode>Telegramm-Adresse:</Unicode>
                </TextEquiv>
            </TextLine>
            <TextLine id="r1l27" custom="readingOrder {index:26;}">
                <Coords points="538,1865 706,1851 747,1861 782,1852 893,1859 893,1817 862,1811 838,1821 822,1811 576,1818 552,1796 538,1798"/>
                <Baseline points="549,1847 574,1847 600,1848 626,1848 651,1848 677,1848 703,1847 728,1847 754,1847 780,1847 805,1846 831,1845 857,1844 883,1843"/>
                <TextEquiv>
                    <Unicode>GOLD SCHM DT. Augustetr. 87.</Unicode>
                </TextEquiv>
            </TextLine>
            <TextLine id="r1l28" custom="readingOrder {index:27;}">
                <Coords points="1020,1880 1030,1880 1052,1866 1060,1871 1068,1865 1081,1867 1087,1861 1097,1863 1103,1859 1109,1865 1125,1861 1126,1818 1111,1820 1103,1812 1097,1812 1079,1820 1065,1814 1059,1820 1044,1822 1030,1834 1020,1834"/>
                <Baseline points="1029,1852 1058,1851 1087,1851 1116,1853"/>
                <TextEquiv>
                    <Unicode>aus</Unicode>
                </TextEquiv>
            </TextLine>
            <TextLine id="r1l29" custom="readingOrder {index:28;}">
                <Coords points="1840,2008 1881,2014 1918,1994 1958,2002 1999,1991 2093,2026 2118,2005 2156,2021 2201,2017 2205,1942 2142,1945 2079,1977 2054,1957 1948,1967 1844,1935"/>
                <Baseline points="1852,1992 1878,1991 1904,1991 1930,1991 1956,1992 1982,1994 2008,1996 2035,1997 2061,1999 2087,2001 2113,2002 2139,2003 2165,2003 2192,2002"/>
                <TextEquiv>
                    <Unicode> g </Unicode>
                </TextEquiv>
            </TextLine>
            <TextLine id="r1l30" custom="readingOrder {index:29;}">
                <Coords points="831,2014 941,2039 1048,2010 1075,2024 1131,2014 1166,2039 1217,2012 1334,2031 1334,1944 1241,1960 1223,1942 1140,1941 1085,1962 1063,1941 884,1941 831,1959"/>
                <Baseline points="841,2011 866,2009 891,2008 917,2007 942,2006 968,2005 993,2004 1019,2003 1044,2003 1070,2003 1095,2003 1121,2004 1146,2004 1172,2004 1197,2005 1223,2006 1248,2007 1274,2008 1299,2010 1325,2011"/>
                <TextEquiv>
                    <Unicode>Rostocker Zeilung</Unicode>
                </TextEquiv>
            </TextLine>
            <TextLine id="r1l31" custom="readingOrder {index:30;}">
                <Coords points="2193,2058 2666,2092 2704,2079 2705,2051 2670,2057 2578,2030 2495,2036 2454,2011 2416,2029 2314,2003 2196,2013"/>
                <Baseline points="2204,2050 2229,2054 2255,2057 2281,2059 2307,2062 2332,2064 2358,2066 2384,2067 2410,2069 2436,2070 2461,2071 2487,2072 2513,2073 2539,2074 2565,2075 2590,2075 2616,2077 2642,2078 2668,2079 2694,2081"/>
                <TextEquiv>
                    <Unicode>Berliner Premièren.</Unicode>
                </TextEquiv>
            </TextLine>
            <TextLine id="r1l32" custom="readingOrder {index:31;}">
                <Coords points="1910,2079 3000,2170 3106,2160 3110,2099 1913,2028"/>
                <Baseline points="1921,2080 1979,2085 2038,2090 2097,2095 2155,2099 2214,2102 2273,2107 2331,2110 2390,2113 2449,2117 2508,2120 2566,2123 2625,2126 2684,2129 2742,2133 2801,2136 2860,2140 2918,2144 2977,2148 3036,2152 3095,2157"/>
                <TextEquiv>
                    <Unicode>Mehr als vier neue Stücke an einem Abend kann sich wahrhaftig</Unicode>
                </TextEquiv>
            </TextLine>
            <TextLine id="r1l33" custom="readingOrder {index:32;}">
                <Coords points="1822,2128 3197,2209 3199,2167 3121,2152 1825,2088"/>
                <Baseline points="1832,2118 1899,2121 1967,2126 2035,2130 2103,2135 2170,2138 2238,2143 2306,2147 2374,2151 2441,2156 2509,2160 2577,2164 2645,2168 2712,2173 2780,2176 2848,2180 2916,2185 2983,2189 3051,2193 3119,2197 3187,2202"/>
                <TextEquiv>
                    <Unicode>kein Theater leisten! Das Deutsche Theater hat gestern ins Volle ge¬ ueire</Unicode>
                </TextEquiv>
            </TextLine>
            <TextLine id="r1l34" custom="readingOrder {index:33;}">
                <Coords points="843,2180 887,2174 908,2190 972,2173 1066,2197 1232,2187 1258,2180 1258,2091 1130,2092 1073,2070 998,2078 931,2050 842,2083"/>
                <Baseline points="853,2171 879,2170 905,2169 932,2169 958,2168 985,2167 1011,2167 1037,2166 1064,2166 1090,2166 1117,2166 1143,2167 1169,2167 1196,2168 1222,2169 1249,2170"/>
                <TextEquiv>
                    <Unicode>Z 2 JAN. 1902</Unicode>
                </TextEquiv>
            </TextLine>
            <TextLine id="r1l35" custom="readingOrder {index:34;}">
                <Coords points="1826,2151 3157,2253 3123,2208 2891,2177 1827,2133"/>
                <Baseline points="1836,2156 1901,2160 1967,2165 2032,2169 2098,2173 2163,2177 2229,2181 2294,2185 2360,2188 2425,2192 2491,2195 2557,2199 2622,2203 2688,2207 2753,2211 2819,2216 2884,2220 2950,2225 3015,2231 3081,2236 3147,2243"/>
                <TextEquiv>
                    <Unicode>griffen und seinem Publikum gleich vier Einacter, allerdings vom zrto.</Unicode>
                </TextEquiv>
            </TextLine>
            <TextLine id="r1l36" custom="readingOrder {index:35;}">
                <Coords points="1797,2214 2265,2205 3174,2284 3158,2243 2973,2219 1800,2169"/>
                <Baseline points="1808,2195 1875,2199 1943,2203 2011,2207 2079,2210 2146,2214 2214,2217 2282,2220 2350,2224 2417,2228 2485,2231 2553,2235 2621,2239 2688,2243 2756,2248 2824,2252 2892,2257 2959,2263 3027,2268 3095,2274 3163,2281"/>
                <TextEquiv>
                    <Unicode>pselben Autor, geboten. Arthur Schnitzler, der hochbegabte Wiener abar</Unicode>
                </TextEquiv>
            </TextLine>
            <TextLine id="r1l37" custom="readingOrder {index:36;}">
                <Coords points="1830,2236 3087,2335 3194,2322 3196,2287 1832,2199"/>
                <Baseline points="1840,2231 1907,2235 1974,2240 2041,2245 2108,2248 2175,2252 2242,2256 2310,2260 2377,2264 2444,2268 2511,2271 2578,2275 2645,2279 2712,2283 2780,2288 2847,2292 2914,2297 2981,2302 3048,2308 3115,2314 3183,2320"/>
                <TextEquiv>
                    <Unicode>Poet, errang mit seinen 4 Stücken, Einaktern, einen ausgesprochenen voraus.</Unicode>
                </TextEquiv>
            </TextLine>
            <TextLine id="r1l38" custom="readingOrder {index:37;}">
                <Coords points="1813,2255 3065,2348 3041,2308 2770,2280 1814,2241"/>
                <Baseline points="1822,2269 1883,2272 1945,2276 2006,2280 2068,2283 2130,2287 2191,2290 2253,2294 2315,2297 2376,2301 2438,2304 2500,2308 2561,2312 2623,2315 2685,2319 2746,2323 2808,2327 2870,2331 2931,2335 2993,2339 3055,2344"/>
                <TextEquiv>
                    <Unicode>bedeutenden Erfolg. Die ersten drei Stückchen bilden einen Cyelus,</Unicode>
                </TextEquiv>
            </TextLine>
            <TextLine id="r1l39" custom="readingOrder {index:38;}">
                <Coords points="1828,2298 3232,2398 3164,2353 1831,2258"/>
                <Baseline points="1837,2307 1906,2311 1975,2314 2044,2318 2113,2322 2183,2326 2252,2330 2321,2334 2390,2338 2459,2343 2529,2347 2598,2351 2667,2356 2736,2360 2805,2365 2875,2371 2944,2376 3013,2381 3082,2387 3151,2393 3221,2400"/>
                <TextEquiv>
                    <Unicode>der, anknüpfend an den Titel des den Abend eröffnenden Einakters jet das</Unicode>
                </TextEquiv>
            </TextLine>
            <TextLine id="r1l40" custom="readingOrder {index:39;}">
                <Coords points="1827,2347 3016,2426 3029,2380 1829,2312"/>
                <Baseline points="1836,2347 1895,2350 1954,2352 2013,2355 2072,2358 2131,2361 2190,2365 2249,2368 2308,2372 2367,2376 2426,2379 2485,2383 2544,2387 2603,2390 2662,2394 2721,2398 2780,2401 2839,2405 2898,2408 2957,2411 3017,2415"/>
                <TextEquiv>
                    <Unicode>„Lebendige Studenten“ einen eigenartigen, wenn auch nicht meh</Unicode>
                </TextEquiv>
            </TextLine>
            <TextLine id="r1l41" custom="readingOrder {index:40;}">
                <Coords points="1820,2382 3046,2466 3227,2447 3230,2396 2845,2419 1822,2342"/>
                <Baseline points="1829,2386 1898,2386 1967,2388 2037,2391 2106,2394 2176,2398 2245,2403 2314,2408 2384,2413 2453,2419 2523,2424 2592,2429 2661,2434 2731,2438 2800,2441 2870,2444 2939,2445 3008,2445 3078,2444 3147,2441 3217,2436"/>
                <TextEquiv>
                    <Unicode>neuen psychologischen Gedanken ausdrücken will. An den Tod knüpft“ den</Unicode>
                </TextEquiv>
            </TextLine>
            <TextLine id="r1l42" custom="readingOrder {index:41;}">
                <Coords points="1833,2415 2976,2496 3057,2465 1835,2385"/>
                <Baseline points="1843,2419 1903,2422 1963,2425 2023,2429 2083,2433 2143,2437 2203,2440 2263,2444 2323,2448 2383,2451 2444,2455 2504,2459 2564,2463 2624,2466 2684,2470 2744,2474 2804,2478 2864,2481 2924,2485 2984,2489 3045,2493"/>
                <TextEquiv>
                    <Unicode>sich das quellende Leben. Der schaffende Künstler schöpft aus dem</Unicode>
                </TextEquiv>
            </TextLine>
            <TextLine id="r1l43" custom="readingOrder {index:42;}">
                <Coords points="1830,2454 3035,2538 3061,2486 1832,2414"/>
                <Baseline points="1839,2456 1899,2459 1959,2463 2020,2466 2080,2469 2141,2473 2201,2477 2261,2481 2322,2485 2382,2489 2443,2493 2503,2497 2563,2501 2624,2505 2684,2508 2745,2512 2805,2516 2865,2519 2926,2523 2986,2525 3047,2529"/>
                <TextEquiv>
                    <Unicode>Vergehen blühendes Sein, und wenn er Zeuge des Dahinwelkens des</Unicode>
                </TextEquiv>
            </TextLine>
            <TextLine id="r1l44" custom="readingOrder {index:43;}">
                <Coords points="1833,2485 3237,2585 3241,2518 1835,2457"/>
                <Baseline points="1842,2499 1911,2500 1980,2502 2050,2505 2119,2508 2188,2513 2258,2517 2327,2522 2396,2526 2466,2532 2535,2537 2604,2542 2674,2547 2743,2551 2812,2556 2882,2559 2951,2562 3020,2564 3090,2566 3159,2566 3229,2566"/>
                <TextEquiv>
                    <Unicode>Irdischen ist, erwachsen ihm aus der Beobachtung dieses erschütternden ltend die</Unicode>
                </TextEquiv>
            </TextLine>
            <TextLine id="r1l45" custom="readingOrder {index:44;}">
                <Coords points="1817,2533 2660,2578 2657,2547 1918,2510 1820,2482"/>
                <Baseline points="1828,2535 1869,2536 1910,2538 1951,2540 1992,2542 2033,2544 2074,2546 2115,2548 2156,2550 2197,2553 2238,2555 2279,2557 2320,2560 2361,2563 2402,2565 2443,2567 2484,2570 2525,2572 2566,2575 2607,2577 2649,2580"/>
                <TextEquiv>
                    <Unicode>Vorganges die Triebe zu kräftigem Schaffen.</Unicode>
                </TextEquiv>
            </TextLine>
            <TextLine id="r1l46" custom="readingOrder {index:45;}">
                <Coords points="761,2582 807,2601 1113,2585 1292,2607 1401,2592 1402,2537 762,2525"/>
                <Baseline points="771,2577 802,2577 833,2577 864,2577 895,2578 926,2579 957,2579 988,2580 1019,2581 1050,2581 1081,2582 1112,2582 1143,2583 1174,2584 1205,2584 1236,2585 1267,2585 1298,2585 1329,2585 1360,2585 1392,2585"/>
                <TextEquiv>
                    <Unicode>Kunst und Wissenschaft.</Unicode>
                </TextEquiv>
            </TextLine>
            <TextLine id="r1l47" custom="readingOrder {index:46;}">
                <Coords points="2699,2586 2726,2586 2728,2588 2748,2589 2750,2557 2740,2556 2737,2552 2730,2555 2723,2549 2716,2550 2714,2548 2702,2547"/>
                <Baseline points="2709,2584 2737,2586"/>
                <TextEquiv>
                    <Unicode>Un</Unicode>
                </TextEquiv>
            </TextLine>
            <TextLine id="r1l48" custom="readingOrder {index:47;}">
                <Coords points="1818,2571 2493,2626 2651,2622 2654,2579 1820,2532"/>
                <Baseline points="1827,2572 1867,2573 1908,2575 1949,2577 1989,2578 2030,2580 2071,2583 2111,2585 2152,2588 2193,2591 2234,2593 2274,2596 2315,2599 2356,2602 2396,2604 2437,2607 2478,2610 2518,2612 2559,2614 2600,2616 2641,2618"/>
                <TextEquiv>
                    <Unicode>durch ihre Krankheit sich im Schaffen behindert</Unicode>
                </TextEquiv>
            </TextLine>
            <TextLine id="r1l49" custom="readingOrder {index:48;}">
                <Coords points="2785,2593 3127,2620 3231,2599 3232,2571 2966,2576 2928,2561 2844,2568 2786,2556"/>
                <Baseline points="2794,2591 2819,2593 2844,2594 2869,2596 2894,2597 2919,2599 2944,2601 2969,2603 2994,2604 3019,2606 3044,2606 3069,2607 3094,2607 3119,2607 3144,2606 3169,2604 3194,2603 3220,2600"/>
                <TextEquiv>
                    <Unicode>den Sohn, der orgen¬</Unicode>
                </TextEquiv>
            </TextLine>
            <TextLine id="r1l50" custom="readingOrder {index:49;}">
                <Coords points="1809,2607 2656,2666 2677,2621 1810,2581"/>
                <Baseline points="1818,2610 1860,2611 1902,2613 1944,2614 1987,2617 2029,2619 2071,2622 2114,2624 2156,2626 2198,2629 2241,2631 2283,2634 2325,2637 2367,2639 2410,2642 2452,2645 2494,2647 2537,2650 2579,2652 2621,2654 2664,2656"/>
                <TextEquiv>
                    <Unicode>freien, giebt sich eine Mutter den Tod; — dies ist</Unicode>
                </TextEquiv>
            </TextLine>
            <TextLine id="r1l51" custom="readingOrder {index:50;}">
                <Coords points="606,2626 639,2637 689,2630 711,2645 770,2633 799,2633 809,2644 856,2633 878,2648 912,2644 913,2596 877,2591 850,2602 826,2593 812,2603 778,2582 737,2599 673,2577 625,2598 607,2592"/>
                <Baseline points="616,2627 642,2629 668,2630 694,2632 720,2633 746,2634 772,2634 798,2635 824,2635 850,2635 876,2635 902,2635"/>
                <TextEquiv>
                    <Unicode>Berlin, 4.</Unicode>
                </TextEquiv>
            </TextLine>
            <TextLine id="r1l52" custom="readingOrder {index:51;}">
                <Coords points="907,2638 1258,2650 1307,2632 1412,2657 1591,2642 1540,2593 1475,2605 1412,2584 1370,2606 1114,2587 1017,2610 958,2588 908,2600"/>
                <Baseline points="917,2636 950,2637 983,2638 1016,2638 1049,2639 1083,2639 1116,2639 1149,2639 1182,2639 1215,2640 1249,2640 1282,2640 1315,2640 1348,2640 1381,2640 1415,2640 1448,2640 1481,2640 1514,2640 1547,2641 1581,2641"/>
                <TextEquiv>
                    <Unicode>Jan. [Bei der heutigen</Unicode>
                </TextEquiv>
            </TextLine>
            <TextLine id="r1l53" custom="readingOrder {index:52;}">
                <Coords points="2872,2635 2898,2647 2981,2641 3046,2655 3227,2652 3228,2601 3122,2616 2873,2600"/>
                <Baseline points="2883,2636 2908,2638 2934,2639 2960,2641 2985,2642 3011,2643 3037,2643 3062,2643 3088,2644 3114,2644 3139,2644 3165,2644 3191,2644 3217,2644"/>
                <TextEquiv>
                    <Unicode>ich zu be= Zeitung“)</Unicode>
                </TextEquiv>
            </TextLine>
            <TextLine id="r1l54" custom="readingOrder {index:53;}">
                <Coords points="1809,2647 2545,2702 2665,2698 2667,2667 1811,2608"/>
                <Baseline points="1820,2645 1861,2647 1903,2649 1945,2650 1987,2653 2029,2655 2070,2658 2112,2660 2154,2663 2196,2666 2238,2669 2279,2671 2321,2674 2363,2676 2405,2679 2447,2682 2488,2685 2530,2687 2572,2690 2614,2692 2656,2695"/>
                <TextEquiv>
                    <Unicode>lung des ersten Einakters. Das Experiment, die</Unicode>
                </TextEquiv>
            </TextLine>
            <TextLine id="r1l55" custom="readingOrder {index:54;}">
                <Coords points="2883,2676 2903,2687 3025,2679 3045,2694 3092,2685 3230,2694 3227,2647 3188,2645 3164,2658 3103,2649 3091,2659 2982,2640 2884,2642"/>
                <Baseline points="2894,2673 2919,2675 2944,2677 2969,2678 2994,2680 3019,2681 3044,2681 3069,2682 3094,2683 3119,2683 3144,2683 3169,2682 3194,2681 3220,2680"/>
                <TextEquiv>
                    <Unicode>ie Hande #e Leben</Unicode>
                </TextEquiv>
            </TextLine>
            <TextLine id="r1l56" custom="readingOrder {index:55;}">
                <Coords points="519,2676 1597,2698 1598,2639 519,2645"/>
                <Baseline points="529,2678 584,2678 640,2677 696,2678 751,2678 807,2678 863,2679 919,2679 974,2680 1030,2681 1086,2682 1142,2682 1197,2683 1253,2683 1309,2683 1365,2684 1420,2683 1476,2683 1532,2683 1588,2682"/>
                <TextEquiv>
                    <Unicode>fErstaufführung des Einactercyelus</Unicode>
                </TextEquiv>
            </TextLine>
            <TextLine id="r1l57" custom="readingOrder {index:56;}">
                <Coords points="1815,2683 2665,2747 2655,2696 1818,2647"/>
                <Baseline points="1826,2682 1867,2685 1908,2688 1950,2691 1991,2694 2033,2696 2074,2699 2116,2701 2157,2704 2199,2705 2240,2708 2281,2710 2323,2712 2364,2715 2406,2717 2447,2719 2489,2722 2530,2724 2572,2727 2613,2730 2655,2733"/>
                <TextEquiv>
                    <Unicode>lich ergreifend zu schildern, ist Schnitzler nur h</Unicode>
                </TextEquiv>
            </TextLine>
            <TextLine id="r1l58" custom="readingOrder {index:57;}">
                <Coords points="550,2709 1590,2737 1590,2696 1505,2679 550,2683"/>
                <Baseline points="559,2716 610,2716 661,2716 712,2716 763,2716 814,2716 865,2716 916,2717 967,2717 1018,2718 1069,2718 1120,2719 1171,2719 1222,2720 1273,2721 1324,2722 1375,2723 1426,2724 1477,2725 1528,2726 1580,2727"/>
                <TextEquiv>
                    <Unicode>ivon Arthur Schnitzler] im Deutschen</Unicode>
                </TextEquiv>
            </TextLine>
            <TextLine id="r1l59" custom="readingOrder {index:58;}">
                <Coords points="2890,2724 2966,2715 2978,2726 3024,2724 3044,2745 3170,2737 3232,2754 3244,2752 3247,2688 3066,2695 2892,2678"/>
                <Baseline points="2902,2712 2927,2713 2953,2714 2979,2716 3004,2718 3030,2719 3056,2721 3081,2722 3107,2724 3133,2725 3158,2725 3184,2724 3210,2723 3236,2721"/>
                <TextEquiv>
                    <Unicode>mensch= heilungen</Unicode>
                </TextEquiv>
            </TextLine>
            <TextLine id="r1l60" custom="readingOrder {index:59;}">
                <Coords points="2902,2751 2917,2747 2935,2750 2946,2763 2963,2755 2981,2760 2995,2757 3005,2766 3029,2767 3031,2726 3013,2725 3007,2719 2977,2724 2965,2715 2953,2714 2938,2716 2924,2729 2918,2723 2904,2722"/>
                <Baseline points="2913,2752 2939,2751 2966,2752 2992,2754 3019,2756"/>
                <TextEquiv>
                    <Unicode>Umso</Unicode>
                </TextEquiv>
            </TextLine>
            <TextLine id="r1l61" custom="readingOrder {index:60;}">
                <Coords points="1814,2731 2781,2799 3036,2804 3039,2764 1817,2684"/>
                <Baseline points="1824,2720 1884,2724 1944,2728 2004,2731 2064,2735 2124,2739 2184,2743 2245,2747 2305,2750 2365,2754 2425,2758 2485,2761 2545,2765 2605,2769 2666,2773 2726,2776 2786,2780 2846,2783 2906,2787 2966,2791 3027,2795"/>
                <TextEquiv>
                    <Unicode>fesselnder aber gestaltete sie das zweite Stück *Die Frau mit dem</Unicode>
                </TextEquiv>
            </TextLine>
            <TextLine id="r1l62" custom="readingOrder {index:61;}">
                <Coords points="549,2750 1135,2793 1567,2762 1555,2728 550,2707"/>
                <Baseline points="560,2753 609,2756 659,2758 709,2759 759,2761 809,2762 859,2763 908,2763 958,2764 1008,2764 1058,2764 1108,2764 1158,2764 1208,2764 1257,2764 1307,2764 1357,2764 1407,2764 1457,2765 1507,2765 1557,2766"/>
                <TextEquiv>
                    <Unicode>Theater fanden ein #utzückender Schwank „Literatur“</Unicode>
                </TextEquiv>
            </TextLine>
            <TextLine id="r1l63" custom="readingOrder {index:62;}">
                <Coords points="1806,2759 3040,2838 3042,2803 2950,2788 1808,2727"/>
                <Baseline points="1816,2759 1876,2763 1937,2766 1998,2770 2059,2774 2119,2777 2180,2781 2241,2784 2302,2788 2362,2791 2423,2795 2484,2799 2545,2803 2605,2807 2666,2810 2727,2814 2788,2818 2848,2821 2909,2825 2970,2828 3031,2832"/>
                <TextEquiv>
                    <Unicode>Dolche". Eine Frau hat mit ihrem Liebhaber ein Stell¬</Unicode>
                </TextEquiv>
            </TextLine>
            <TextLine id="r1l64" custom="readingOrder {index:63;}">
                <Coords points="555,2798 1593,2829 1594,2749 1166,2786 556,2759"/>
                <Baseline points="566,2796 616,2797 667,2798 718,2799 769,2799 820,2800 871,2800 921,2800 972,2801 1023,2801 1074,2802 1125,2802 1176,2802 1227,2803 1277,2803 1328,2804 1379,2805 1430,2806 1481,2806 1532,2807 1583,2809"/>
                <TextEquiv>
                    <Unicode>und das Schauspiel „Die letzten Masken“ stürmischen</Unicode>
                </TextEquiv>
            </TextLine>
            <TextLine id="r1l65" custom="readingOrder {index:64;}">
                <Coords points="1813,2800 1912,2816 1984,2800 2027,2823 2079,2809 2203,2837 2348,2829 2350,2795 2249,2779 2208,2793 2116,2773 2064,2792 2006,2766 1816,2761"/>
                <Baseline points="1823,2798 1848,2799 1874,2800 1900,2801 1926,2802 1952,2804 1977,2805 2003,2807 2029,2809 2055,2811 2081,2813 2106,2815 2132,2816 2158,2818 2184,2820 2210,2821 2235,2822 2261,2823 2287,2824 2313,2824 2339,2824"/>
                <TextEquiv>
                    <Unicode>dichein vor dem Bilde</Unicode>
                </TextEquiv>
            </TextLine>
            <TextLine id="r1l66" custom="readingOrder {index:65;}">
                <Coords points="566,2840 1597,2861 1598,2803 1377,2828 1347,2803 566,2801"/>
                <Baseline points="576,2836 626,2837 677,2838 727,2838 778,2839 828,2840 879,2840 929,2841 980,2842 1030,2842 1081,2843 1132,2844 1182,2844 1233,2845 1283,2845 1334,2846 1384,2847 1435,2847 1485,2848 1536,2849 1587,2850"/>
                <TextEquiv>
                    <Unicode>Erfolg; die anderen beiden Schauspiele erweckten</Unicode>
                </TextEquiv>
            </TextLine>
            <TextLine id="r1l67" custom="readingOrder {index:66;}">
                <Coords points="2356,2827 3013,2881 3031,2880 3034,2836 2896,2823 2861,2843 2785,2816 2616,2828 2512,2801 2357,2801"/>
                <Baseline points="2366,2828 2398,2830 2431,2832 2464,2834 2497,2836 2530,2839 2562,2840 2595,2843 2628,2845 2661,2847 2694,2850 2726,2851 2759,2854 2792,2856 2825,2858 2857,2860 2890,2862 2923,2863 2956,2865 2989,2866 3022,2867"/>
                <TextEquiv>
                    <Unicode>der Frau mit dem Dolche“.</Unicode>
                </TextEquiv>
            </TextLine>
            <TextLine id="r1l68" custom="readingOrder {index:67;}">
                <Coords points="1796,2827 2914,2913 2917,2869 2843,2856 1799,2789"/>
                <Baseline points="1807,2832 1861,2836 1916,2839 1971,2843 2026,2846 2081,2849 2136,2852 2190,2855 2245,2859 2300,2861 2355,2864 2410,2868 2465,2871 2520,2875 2574,2878 2629,2881 2684,2885 2739,2889 2794,2893 2849,2897 2904,2901"/>
                <TextEquiv>
                    <Unicode>Das Bild regt sie zu Gedanken an, die sich darauf bez</Unicode>
                </TextEquiv>
            </TextLine>
            <TextLine id="r1l69" custom="readingOrder {index:68;}">
                <Coords points="551,2898 1598,2888 1598,2854 892,2857 745,2827 621,2850 552,2823"/>
                <Baseline points="562,2880 613,2880 664,2880 715,2881 767,2881 818,2882 869,2883 921,2884 972,2885 1023,2886 1075,2887 1126,2888 1177,2889 1228,2889 1280,2890 1331,2890 1382,2890 1434,2890 1485,2890 1536,2889 1588,2888"/>
                <TextEquiv>
                    <Unicode>#starken Eindruck. Der Dichter, der von leuem sein</Unicode>
                </TextEquiv>
            </TextLine>
            <TextLine id="r1l70" custom="readingOrder {index:69;}">
                <Coords points="1797,2877 2876,2939 2862,2895 2715,2880 1799,2843"/>
                <Baseline points="1808,2868 1860,2872 1913,2875 1966,2878 2019,2882 2072,2886 2125,2889 2178,2892 2231,2895 2284,2898 2337,2901 2389,2904 2442,2908 2495,2910 2548,2914 2601,2918 2654,2921 2707,2925 2760,2928 2813,2932 2866,2937"/>
                <TextEquiv>
                    <Unicode>wie wohl der Ausgang ihres gefährlichen Spieles sich wender</Unicode>
                </TextEquiv>
            </TextLine>
            <TextLine id="r1l71" custom="readingOrder {index:70;}">
                <Coords points="550,2950 680,2923 1602,2951 1603,2890 550,2898"/>
                <Baseline points="560,2922 611,2922 663,2921 714,2921 766,2921 818,2921 869,2921 921,2922 972,2922 1024,2923 1076,2923 1127,2924 1179,2925 1230,2925 1282,2926 1334,2926 1385,2927 1437,2927 1488,2928 1540,2928 1592,2928"/>
                <TextEquiv>
                    <Unicode>großes Talent beweisen konnte, wurde wiederholt</Unicode>
                </TextEquiv>
            </TextLine>
            <TextLine id="r1l72" custom="readingOrder {index:71;}">
                <Coords points="1796,2911 2605,2973 2856,2977 2858,2947 1798,2874"/>
                <Baseline points="1806,2904 1858,2908 1910,2912 1962,2916 2014,2920 2066,2924 2118,2927 2170,2930 2222,2933 2274,2937 2326,2940 2378,2943 2430,2946 2482,2949 2534,2952 2586,2956 2638,2959 2690,2962 2742,2966 2794,2969 2847,2974"/>
                <TextEquiv>
                    <Unicode>Plötzlich zeigt uns die Scene die Frau um einige Jahrhunder</Unicode>
                </TextEquiv>
            </TextLine>
            <TextLine id="r1l73" custom="readingOrder {index:72;}">
                <Coords points="538,2991 562,2997 574,2986 621,2984 639,2995 659,2989 708,3001 737,2998 753,2986 781,2995 801,2989 801,2940 770,2947 754,2935 730,2939 669,2922 657,2930 602,2925 567,2942 537,2940"/>
                <Baseline points="548,2969 575,2970 602,2970 629,2969 656,2967 683,2965 710,2964 737,2965 764,2967 791,2972"/>
                <TextEquiv>
                    <Unicode>gepiln</Unicode>
                </TextEquiv>
            </TextLine>
            <TextLine id="r1l74" custom="readingOrder {index:73;}">
                <Coords points="1787,2942 2807,3026 2843,2979 1789,2908"/>
                <Baseline points="1796,2947 1847,2949 1899,2952 1951,2954 2003,2957 2054,2960 2106,2963 2158,2966 2210,2969 2261,2972 2313,2975 2365,2978 2417,2982 2468,2985 2520,2989 2572,2993 2624,2996 2675,2999 2727,3003 2779,3006 2831,3010"/>
                <TextEquiv>
                    <Unicode>versetzt, in das Zeitalter der Medici, sie ist die Gattin eines</Unicode>
                </TextEquiv>
            </TextLine>
            <TextLine id="r1l75" custom="readingOrder {index:74;}">
                <Coords points="1789,2988 2728,3054 2822,3033 2733,3001 1791,2949"/>
                <Baseline points="1800,2983 1850,2986 1901,2989 1951,2993 2002,2995 2053,2998 2103,3001 2154,3004 2204,3007 2255,3010 2306,3013 2356,3016 2407,3019 2457,3022 2508,3026 2559,3029 2609,3032 2660,3036 2710,3039 2761,3044 2812,3047"/>
                <TextEquiv>
                    <Unicode>den sie eben mit einem seiner Schüler hintergangen hat.</Unicode>
                </TextEquiv>
            </TextLine>
            <TextLine id="r1l76" custom="readingOrder {index:75;}">
                <Coords points="1793,3025 2829,3096 2813,3034 2728,3055 1795,2992"/>
                <Baseline points="1803,3022 1853,3024 1904,3028 1955,3031 2006,3034 2057,3037 2108,3039 2158,3043 2209,3046 2260,3049 2311,3052 2362,3055 2413,3058 2464,3061 2514,3064 2565,3068 2616,3071 2667,3074 2718,3078 2769,3081 2820,3084"/>
                <TextEquiv>
                    <Unicode>erscheint, und da er den Jüngling nicht tödten will, erstich</Unicode>
                </TextEquiv>
            </TextLine>
            <TextLine id="r1l77" custom="readingOrder {index:76;}">
                <Coords points="1790,3065 2416,3113 2479,3086 2744,3129 2850,3125 2852,3097 1792,3024"/>
                <Baseline points="1800,3061 1852,3063 1904,3067 1956,3069 2008,3071 2060,3074 2112,3078 2164,3080 2216,3083 2268,3086 2320,3090 2372,3092 2424,3096 2476,3099 2528,3103 2580,3106 2632,3110 2684,3113 2736,3117 2788,3120 2841,3125"/>
                <TextEquiv>
                    <Unicode>den jungen Maler mit ihrem Dolche. Da — die Scene ve</Unicode>
                </TextEquiv>
            </TextLine>
            <TextLine id="r1l78" custom="readingOrder {index:77;}">
                <Coords points="1781,3098 2883,3175 2902,3139 1783,3068"/>
                <Baseline points="1790,3098 1847,3101 1905,3105 1963,3108 2021,3111 2079,3114 2137,3117 2194,3120 2252,3124 2310,3127 2368,3131 2426,3133 2484,3137 2541,3141 2599,3145 2657,3148 2715,3152 2773,3157 2831,3161 2889,3165"/>
                <TextEquiv>
                    <Unicode>sich, das Paar steht wieder in der Bildergalerie, und die Fra¬</Unicode>
                </TextEquiv>
            </TextLine>
            <TextLine id="r1l79" custom="readingOrder {index:78;}">
                <Coords points="1778,3129 3014,3220 3017,3173 1780,3099"/>
                <Baseline points="1789,3134 1849,3137 1910,3141 1971,3145 2032,3149 2093,3152 2153,3156 2214,3160 2275,3163 2336,3168 2397,3171 2457,3175 2518,3179 2579,3183 2640,3186 2701,3190 2761,3194 2822,3198 2883,3201 2944,3205 3005,3209"/>
                <TextEquiv>
                    <Unicode>spricht dem Geliebten, daß sie am Abend zu ihm kommen werde. Das</Unicode>
                </TextEquiv>
            </TextLine>
            <TextLine id="r1l80" custom="readingOrder {index:79;}">
                <Coords points="1787,3177 2875,3257 3031,3260 3034,3214 1789,3137"/>
                <Baseline points="1797,3173 1858,3177 1919,3181 1980,3185 2041,3188 2103,3192 2164,3196 2225,3199 2286,3203 2347,3207 2409,3210 2470,3214 2531,3218 2592,3221 2653,3225 2715,3229 2776,3232 2837,3236 2898,3240 2959,3244 3021,3248"/>
                <TextEquiv>
                    <Unicode>Auge des Zuschauers sieht den Vorgang, der sich am Abend abspielen</Unicode>
                </TextEquiv>
            </TextLine>
            <TextLine id="r1l81" custom="readingOrder {index:80;}">
                <Coords points="1779,3218 3020,3288 3016,3249 1782,3171"/>
                <Baseline points="1789,3216 1850,3219 1911,3222 1972,3225 2033,3228 2094,3231 2155,3234 2216,3238 2277,3241 2338,3245 2399,3248 2460,3251 2521,3255 2582,3259 2643,3262 2704,3266 2765,3270 2826,3273 2887,3277 2948,3281 3010,3285"/>
                <TextEquiv>
                    <Unicode>wird, vor sich, der grausame Ausblick auf das blutige Ende ist die</Unicode>
                </TextEquiv>
            </TextLine>
            <TextLine id="r1l82" custom="readingOrder {index:81;}">
                <Coords points="1776,3249 3023,3331 3025,3292 2914,3277 1778,3218"/>
                <Baseline points="1786,3251 1847,3254 1908,3257 1969,3260 2031,3264 2092,3267 2153,3271 2215,3275 2276,3278 2337,3281 2399,3285 2460,3289 2521,3293 2582,3297 2644,3301 2705,3305 2766,3308 2828,3313 2889,3317 2950,3321 3012,3325"/>
                <TextEquiv>
                    <Unicode>Pointe des Stückes. „Die letzten Masken“ nennt sich das dritte Stück.</Unicode>
                </TextEquiv>
            </TextLine>
            <TextLine id="r1l83" custom="readingOrder {index:82;}">
                <Coords points="1777,3286 3024,3352 2514,3284 1779,3254"/>
                <Baseline points="1787,3290 1848,3292 1909,3295 1971,3299 2032,3301 2093,3304 2155,3308 2216,3312 2277,3316 2339,3319 2400,3323 2461,3326 2523,3331 2584,3334 2645,3339 2707,3342 2768,3347 2829,3351 2891,3355 2952,3360 3014,3364"/>
                <TextEquiv>
                    <Unicode>Ein mit dem Tode ringender Mensch will den, den er im Leben</Unicode>
                </TextEquiv>
            </TextLine>
            <TextLine id="r1l84" custom="readingOrder {index:83;}">
                <Coords points="1777,3335 3022,3396 3012,3359 2790,3339 1780,3286"/>
                <Baseline points="1788,3327 1849,3330 1910,3333 1971,3335 2032,3338 2094,3341 2155,3345 2216,3349 2277,3352 2338,3356 2400,3359 2461,3363 2522,3367 2583,3371 2644,3375 2706,3379 2767,3383 2828,3387 2889,3392 2950,3396 3012,3400"/>
                <TextEquiv>
                    <Unicode>gehaßt, in der letzten Stunde seines Daseins noch einmal mit seinem</Unicode>
                </TextEquiv>
            </TextLine>
            <TextLine id="r1l85" custom="readingOrder {index:84;}">
                <Coords points="1766,3373 3045,3455 2997,3399 1769,3330"/>
                <Baseline points="1776,3363 1839,3367 1902,3370 1965,3372 2028,3376 2091,3379 2154,3383 2217,3386 2280,3390 2343,3394 2406,3398 2469,3401 2532,3406 2595,3410 2658,3415 2721,3418 2784,3423 2847,3428 2910,3433 2973,3437 3036,3442"/>
                <TextEquiv>
                    <Unicode>Haß überschütten, doch er erkennt, daß der Gegenstand des Hasses zu</Unicode>
                </TextEquiv>
            </TextLine>
            <TextLine id="r1l86" custom="readingOrder {index:85;}">
                <Coords points="1762,3415 3013,3483 2926,3433 1764,3376"/>
                <Baseline points="1772,3402 1833,3404 1895,3407 1956,3410 2018,3413 2080,3416 2141,3420 2203,3424 2264,3427 2326,3431 2388,3435 2449,3439 2511,3443 2572,3447 2634,3451 2696,3455 2757,3459 2819,3463 2880,3467 2942,3471 3004,3475"/>
                <TextEquiv>
                    <Unicode>nichtig und zu gering ist, — er stirbt, innerlich befreit und geläutert.</Unicode>
                </TextEquiv>
            </TextLine>
            <TextLine id="r1l87" custom="readingOrder {index:86;}">
                <Coords points="1776,3442 2941,3522 3009,3483 1778,3405"/>
                <Baseline points="1786,3438 1846,3442 1907,3446 1967,3449 2028,3453 2088,3457 2149,3461 2209,3464 2270,3467 2330,3470 2391,3474 2452,3478 2512,3482 2573,3485 2633,3489 2694,3492 2754,3496 2815,3500 2875,3504 2936,3508 2997,3512"/>
                <TextEquiv>
                    <Unicode>Ein heiteres, übermüthiges und satirisches Bildchen zeigt das letzte</Unicode>
                </TextEquiv>
            </TextLine>
            <TextLine id="r1l88" custom="readingOrder {index:87;}">
                <Coords points="1775,3477 1845,3491 1876,3478 1949,3498 1965,3487 2054,3500 2122,3479 2123,3462 2005,3461 1929,3446 1882,3458 1864,3441 1777,3443"/>
                <Baseline points="1786,3477 1811,3479 1836,3480 1861,3481 1886,3482 1911,3484 1936,3486 1961,3487 1986,3489 2011,3490 2036,3491 2061,3492 2086,3492 2112,3492"/>
                <TextEquiv>
                    <Unicode>Stück „Litteratur“</Unicode>
                </TextEquiv>
            </TextLine>
            <TextLine id="r1l89" custom="readingOrder {index:88;}">
                <Coords points="2130,3479 2290,3514 2966,3557 3011,3553 3014,3511 2131,3463"/>
                <Baseline points="2139,3494 2182,3497 2225,3500 2268,3503 2311,3507 2354,3509 2397,3512 2440,3514 2483,3517 2526,3520 2570,3523 2613,3525 2656,3528 2699,3530 2742,3533 2785,3535 2828,3538 2871,3541 2914,3545 2957,3547 3001,3550"/>
                <TextEquiv>
                    <Unicode>Mit viel Witz und treffendem Humor carikirt</Unicode>
                </TextEquiv>
            </TextLine>
            <TextLine id="r1l90" custom="readingOrder {index:89;}">
                <Coords points="1762,3510 2931,3591 2998,3590 3001,3540 1763,3482"/>
                <Baseline points="1772,3515 1832,3518 1893,3521 1954,3524 2015,3527 2076,3530 2137,3533 2197,3536 2258,3539 2319,3543 2380,3546 2441,3550 2502,3553 2563,3557 2623,3561 2684,3565 2745,3569 2806,3573 2867,3578 2928,3582 2989,3587"/>
                <TextEquiv>
                    <Unicode>Schnitzler das „litterarische“ süddeutsche Kaffeehausleben, seine An¬</Unicode>
                </TextEquiv>
            </TextLine>
            <TextLine id="r1l91" custom="readingOrder {index:90;}">
                <Coords points="1769,3571 3006,3638 3008,3596 2902,3573 1772,3515"/>
                <Baseline points="1780,3552 1840,3554 1901,3557 1962,3560 2023,3563 2084,3566 2145,3570 2205,3573 2266,3576 2327,3580 2388,3584 2449,3588 2510,3592 2571,3595 2631,3599 2692,3604 2753,3608 2814,3612 2875,3616 2936,3621 2997,3625"/>
                <TextEquiv>
                    <Unicode>spielungen wurden vom Publikum verstanden und belacht. Das flotte</Unicode>
                </TextEquiv>
            </TextLine>
            <TextLine id="r1l92" custom="readingOrder {index:91;}">
                <Coords points="1759,3587 2981,3676 2994,3634 1761,3569"/>
                <Baseline points="1770,3585 1830,3588 1891,3592 1951,3596 2012,3600 2073,3603 2133,3607 2194,3610 2254,3614 2315,3617 2376,3621 2436,3625 2497,3629 2557,3632 2618,3636 2679,3640 2739,3644 2800,3648 2860,3653 2921,3657 2982,3662"/>
                <TextEquiv>
                    <Unicode>Stückchen besitzt einen hohen Grad von Lebensfähigkeit. Den vier</Unicode>
                </TextEquiv>
            </TextLine>
            <TextLine id="r1l93" custom="readingOrder {index:92;}">
                <Coords points="1759,3624 2904,3707 3000,3672 1761,3587"/>
                <Baseline points="1769,3624 1833,3628 1897,3631 1961,3635 2025,3638 2089,3642 2153,3646 2218,3649 2282,3653 2346,3657 2410,3660 2474,3664 2538,3668 2603,3671 2667,3675 2731,3679 2795,3682 2859,3686 2923,3690 2988,3693"/>
                <TextEquiv>
                    <Unicode>neuen Stücken war eine außerordentlich freundliche Aufnahme beschie¬</Unicode>
                </TextEquiv>
            </TextLine>
            <TextLine id="r1l94" custom="readingOrder {index:93;}">
                <Coords points="1750,3664 2989,3736 2991,3704 2830,3685 1753,3628"/>
                <Baseline points="1760,3658 1824,3662 1888,3665 1952,3669 2016,3673 2080,3677 2144,3681 2209,3685 2273,3689 2337,3694 2401,3698 2465,3703 2529,3707 2594,3711 2658,3715 2722,3720 2786,3723 2850,3727 2914,3731 2979,3735"/>
                <TextEquiv>
                    <Unicode>den, die Darsteller gaben ihr Bestes, und so war er thatsächlich ein ge¬</Unicode>
                </TextEquiv>
            </TextLine>
            <TextLine id="r1l95" custom="readingOrder {index:94;}">
                <Coords points="1747,3704 3004,3775 3003,3728 1750,3664"/>
                <Baseline points="1758,3698 1819,3701 1881,3704 1943,3707 2005,3711 2067,3714 2129,3718 2190,3722 2252,3726 2314,3730 2376,3734 2438,3738 2500,3743 2562,3747 2623,3750 2685,3755 2747,3759 2809,3762 2871,3766 2933,3770 2995,3773"/>
                <TextEquiv>
                    <Unicode>nußreicher Abend, anregend in seiner Gesammtheit und in einzelnen</Unicode>
                </TextEquiv>
            </TextLine>
            <TextLine id="r1l96" custom="readingOrder {index:95;}">
                <Coords points="1737,3775 1862,3754 2027,3787 2056,3760 2096,3784 2150,3764 2205,3795 2272,3787 2274,3743 2208,3724 1785,3702 1740,3714"/>
                <Baseline points="1749,3752 1774,3751 1800,3749 1825,3749 1851,3748 1877,3748 1902,3749 1928,3749 1954,3750 1979,3751 2005,3752 2031,3754 2056,3755 2082,3757 2108,3759 2133,3761 2159,3763 2185,3765 2210,3766 2236,3767 2262,3769"/>
                <TextEquiv>
                    <Unicode>Zügen von tiefem Lnteresse.</Unicode>
                </TextEquiv>
            </TextLine>
            <TextEquiv>
                <Unicode>box 21/2
16.1. Lebendige Stunden—Zyklus
Telefon 12801.
Alex. Weigl’s Unternehmen für Zeitungs-Ausschnitte
Ausschmitt
„OBSERVER“ Nr. 51
I. österr. behördl. conc. Bureau für Zeitungsberichte u. Personalnachrichten
Wien, IX. Türkenstrasse 17.
— Filiale in Budapest: „Figyelö“ ——
Vertretungen in Berlin. Chicago, Genf, London, Newyork, Paris, Rom, Stockholm.
Ausschnitt aus:
Seeunues Gandkat Anseirer
gar Coldsch,
vom C
*
7/0
+ Bureau für
O7·
11907
Zeitungsausschnitte und Verlag
der Wissenschaftlichen Revue.
BERLIN N., Auguststr. 87 part.
Telephon Amt III. No. 3051.
 
Ausschnitt
Telegramm-Adresse:
GOLD SCHM DT. Augustetr. 87.
aus
 g 
Rostocker Zeilung
Berliner Premièren.
Mehr als vier neue Stücke an einem Abend kann sich wahrhaftig
kein Theater leisten! Das Deutsche Theater hat gestern ins Volle ge¬ ueire
Z 2 JAN. 1902
griffen und seinem Publikum gleich vier Einacter, allerdings vom zrto.
pselben Autor, geboten. Arthur Schnitzler, der hochbegabte Wiener abar
Poet, errang mit seinen 4 Stücken, Einaktern, einen ausgesprochenen voraus.
bedeutenden Erfolg. Die ersten drei Stückchen bilden einen Cyelus,
der, anknüpfend an den Titel des den Abend eröffnenden Einakters jet das
„Lebendige Studenten“ einen eigenartigen, wenn auch nicht meh
neuen psychologischen Gedanken ausdrücken will. An den Tod knüpft“ den
sich das quellende Leben. Der schaffende Künstler schöpft aus dem
Vergehen blühendes Sein, und wenn er Zeuge des Dahinwelkens des
Irdischen ist, erwachsen ihm aus der Beobachtung dieses erschütternden ltend die
Vorganges die Triebe zu kräftigem Schaffen.
Kunst und Wissenschaft.
Un
durch ihre Krankheit sich im Schaffen behindert
den Sohn, der orgen¬
freien, giebt sich eine Mutter den Tod; — dies ist
Berlin, 4.
Jan. [Bei der heutigen
ich zu be= Zeitung“)
lung des ersten Einakters. Das Experiment, die
ie Hande #e Leben
fErstaufführung des Einactercyelus
lich ergreifend zu schildern, ist Schnitzler nur h
ivon Arthur Schnitzler] im Deutschen
mensch= heilungen
Umso
fesselnder aber gestaltete sie das zweite Stück *Die Frau mit dem
Theater fanden ein #utzückender Schwank „Literatur“
Dolche". Eine Frau hat mit ihrem Liebhaber ein Stell¬
und das Schauspiel „Die letzten Masken“ stürmischen
dichein vor dem Bilde
Erfolg; die anderen beiden Schauspiele erweckten
der Frau mit dem Dolche“.
Das Bild regt sie zu Gedanken an, die sich darauf bez
#starken Eindruck. Der Dichter, der von leuem sein
wie wohl der Ausgang ihres gefährlichen Spieles sich wender
großes Talent beweisen konnte, wurde wiederholt
Plötzlich zeigt uns die Scene die Frau um einige Jahrhunder
gepiln
versetzt, in das Zeitalter der Medici, sie ist die Gattin eines
den sie eben mit einem seiner Schüler hintergangen hat.
erscheint, und da er den Jüngling nicht tödten will, erstich
den jungen Maler mit ihrem Dolche. Da — die Scene ve
sich, das Paar steht wieder in der Bildergalerie, und die Fra¬
spricht dem Geliebten, daß sie am Abend zu ihm kommen werde. Das
Auge des Zuschauers sieht den Vorgang, der sich am Abend abspielen
wird, vor sich, der grausame Ausblick auf das blutige Ende ist die
Pointe des Stückes. „Die letzten Masken“ nennt sich das dritte Stück.
Ein mit dem Tode ringender Mensch will den, den er im Leben
gehaßt, in der letzten Stunde seines Daseins noch einmal mit seinem
Haß überschütten, doch er erkennt, daß der Gegenstand des Hasses zu
nichtig und zu gering ist, — er stirbt, innerlich befreit und geläutert.
Ein heiteres, übermüthiges und satirisches Bildchen zeigt das letzte
Stück „Litteratur“
Mit viel Witz und treffendem Humor carikirt
Schnitzler das „litterarische“ süddeutsche Kaffeehausleben, seine An¬
spielungen wurden vom Publikum verstanden und belacht. Das flotte
Stückchen besitzt einen hohen Grad von Lebensfähigkeit. Den vier
neuen Stücken war eine außerordentlich freundliche Aufnahme beschie¬
den, die Darsteller gaben ihr Bestes, und so war er thatsächlich ein ge¬
nußreicher Abend, anregend in seiner Gesammtheit und in einzelnen
Zügen von tiefem Lnteresse.</Unicode>
            </TextEquiv>
        </TextRegion>
    </Page>
</PcGts>
