3392 4224
2151 59 2398 134 aenge
835 81 1826 133 der Weihnachtsnummer beigesügt ist, finden wir unter
838 121 1814 168 anderem aus Lechners Fabrik die bewährte Taschen¬
1961 130 2622 181 Herren- und Knaben-Hüte
848 151 1824 204 und Stella=Camera, die neue Reflex=Camera sowie
2184 166 2380 229 —nur bei
845 196 1809 252 Werners Salon= und Reise=Apparat, ferner ein ver¬
841 236 1812 285 bessertes Skioptikon, während für Gummidrucker ein
1819 240 2793 317 FRANZ DÖSLS
854 285 1808 327 praktischer, neuer Copirapparat von Interesse sein
844 310 1813 368 dürfte. Des Weiteren ersehen wir die handlichen
1974 303 2639 378 - Franziskanergasse -
848 359 1810 407 Kodak=Apparate mit Objectjven von Goerz und Stein¬
1953 363 2648 445 „Zum goldenen Radl“ Nro. 1.
845 402 1818 446 heil, die bekannten Palmys-Cameras und Photo=Jn¬
1916 417 2674 492 Cylinder-Hüte Pariser Mode.
839 434 1817 484 melles von Carpentier. Auch dieses Weihnachtsheft ist
1915 459 2789 522 Fl. 4·50, 5·50, 6·50 und 7·50. 951
854 480 1820 526 reich illustriert und wird auf Wunsch durch die Firma
846 513 1812 569 R. Lechner (Wilh. Müller), Wien, I. Graben 31, an
842 552 1621 620 jeden Interessenten bereitwilligst versandt.
1876 541 2810 686 Pmil Rlöts, Milsen
917 644 1817 698 „Was wir an unserer Puppenküche für
1893 662 2796 740 Paturblumenhandlung, Schulgasse Nr. 8
843 676 1819 748 Freude haben“ so erzählt die kleine Lili einer Freun¬
1831 712 2816 799 empfiehlt sich zur Anfertigung von Bonquets
846 713 1819 781 din, „das glaubst Du gar nicht. Auf dem Herd kann
2647 763 2706 811 11
2156 763 2443 818 und Kränzen.
845 758 1821 823 man ordentlich mit Sprit kochen. Wunderschöne
846 803 1819 864 Bouillon, eine ganze Menge machen wir uns, das
845 854 1806 896 gehr ganz leicht. Mama hat uns eine von den neuen
1910 821 2796 937 rische Natur- und Kunstblumen,
845 882 1819 943 Liebig=Zinutuben gegeben. Man schraubt die Kapsel
841 927 1812 982 ab und drückt, das kommt ganz hübsch das Fleisch¬
1921 920 2800 985 Kränze, Kranzschleifen, Bouquets in modernster
848 941 1826 1009 Extract heraus, das sieht komisch aus; dann wird
1928 973 2814 1024 Ausführung empfiehlt Marie Kräsna
846 1002 1829 1051 wieder zugeschraubt, so kann nichts verderben. Das
1910 1003 2801 1069 vormals E. Horak in Filsen, Stephans¬
850 1034 1865 1092 Extract gleich in das kochende Wasser, reichlich Salz,
2130 1041 2752 1098 = promenade Nr. 6. —
836 1076 1819 1127 ein bischen Butter dazu, Brotbröckelchen hinein; so
858 1110 1829 1169 ist eine kleine Terrine voll Suppe fertig, die wirklich
852 1159 1828 1205 köstlich schmeckt. Solch eine Zinntube musst Du Dir
2065 1126 2545 1238 Gerichtssaal.
859 1195 1815 1268 auch wünschen, ich sage Dir, sie macht viel Spass!“
2322 1220 2781 1305 Pilsen, 5. December.
921 1250 1850 1320 Das von der hohen k. k. Statthalterei aus¬
1883 1269 2813 1351 Einer, der sich leicht zu 20 fl. verhelfen will.
858 1308 1851 1364 schließlich coucessionierte Bureau für militärische
849 1319 2813 1413 Angelegenheiten des k. und k. Hauptmannes Ja= Wenzel Schikal, vulgo Rozum, lediger Krämer in
852 1402 2804 1436 nouschkover wurde im Monate September 1897 Zrutsch, hat schon viele Abstrafungen erlitten. Er
1820 1402 2816 1452 ist mit 13 Monaten, 6 Monaten und 2 Monaten
851 1438 1812 1487 in Prag, II., Elisabethstraße 1080, vis-à-vis dem
1830 1445 2811 1496 Kerker gestraft. Im Sommer hausiert er mit Bildern.
861 1474 1815 1523 k. und k. Platzcommando, eröffnet und besteht das
1835 1483 2804 1541 im Winter mit Strümpfen und hält sich manchmal
859 1508 1823 1556 VI. Jahr. Diese in Oesterreich=Ungarn erste und älteste
1821 1527 2795 1576 bei seiner Mutter Francisca Rozum in Zrutsch auf.
848 1550 1824 1597 Kanzlei befasst sich unter anderen mit der Ausferti¬
1820 1567 2793 1623 Aus dem Polizei=Rayon der Stadt Prag ist er aus¬
853 1582 1812 1636 gung aller Art Gesuche. Eingaben der nicht activen
1823 1607 2811 1657 gewiesen. Wegen Betteln, Vagieren und verbotenem
852 1631 1814 1684 Officiere und Mannschaft, der Wehrpflichtigen, die
1819 1640 2800 1696 Kartenspiel ist er einigemale gestraft. Am 11. März
852 1658 1819 1722 den Anspruch des Einj.=Freiwilligen=Rechtes oder
1825 1685 2798 1731 l. J. war er im Laden des Kaufmannes Kleil in
860 1708 1812 1757 eine andere Begünstigung in der Erfüllung der
1831 1723 2811 1779 Zrutsch, verlangte Brantwein, da er angetrunken war,
855 1747 1809 1794 Dienstpflicht besitzen, mit der Ausfertigung von Re¬
1832 1754 2811 1811 erhielt er nur ein Glas eingeschänkt, setzte sich dort
852 1784 1811 1846 clamationen, Recursen. Alle in der erwähnten Kanzlei
1834 1808 2805 1852 nieder und schlief ein. Einer der Gäste führte ihn
852 1824 1816 1870 zu besorgenden Arbeiten werden immer genau und
1832 1842 2820 1898 dann hinaus, Schikal machte nur einige Schritte und
862 1865 1823 1916 raschestens erledigt. Amtsstunden von 8—12 Uhr vor¬
1835 1868 2804 1931 blieb dann auf der Straße liegen. Als der 15jährige
851 1895 1817 1964 mittags und 2—6 Uhr nachmittags. Sonn= und Feier¬
1828 1919 2811 1972 Lehrling Rudolf Rybarz nach Hause gieng, sah er den
863 1940 1824 1991 tage von 8—12. Der Inhaber ist den ganzen Tag
1833 1965 2836 2014 Schikal zwar =nicht mehr, fand aber an der Stelle,
850 1976 1819 2052 zu sprechen, Sonn= und Feiertag nachmittags aus¬
1808 1995 2831 2065 wo er gelegen war, ein Geldtäschchen mit 21 Kreuzern.
862 2024 1086 2086 genommen.
1807 2035 2805 2085 Am 12. März kam schon um 5 Uhr früh Wenzel
1827 2081 2815 2131 Schikal in die Wohnung des Rudolf Rybarz, fieng
919 2083 1822 2153 Bei den hohen Fleischpreisen ist es für die
1834 2123 2812 2165 an zu lärmen, er wolle sein Geld; die Brieftasche mit
856 2151 1817 2204 sparsame Hausfrau eine besonders dankenswerte Auf¬
1823 2155 2809 2204 21 Kreuzern wurde ihm gezeigt, er behauptete, in der
862 2188 1816 2235 gabe, auf billige Art gute, schmackhafte Gerichte zu
1823 2194 2818 2247 Brieftasche seien 20 Gulden gewesen, die müsse er
859 2222 1827 2275 bereiten. Dies erreicht sie in hervorragendem Maße
1827 2223 2818 2285 wieder bekommen, „wenn ich die 20 Gulden nicht be¬
873 2261 1827 2322 durch Verwendung der altbewährten Maggi=Würze.
1832 2267 2821 2321 komme, erschlag ich Euch!“ schrie er, erhe# einen
858 2296 1783 2355 Diese ist einzig in ihrer Art. Wenige Tropfen
1818 2316 2819 2371 Sessel und drohte mit ihm. In kurzer Zeit kam er
869 2336 2806 2394 man nehme nie zu viel' — beim Aurichten zugefügt,nochmals mit seiner Schwester, gab dem Rudolf Ry¬
866 2372 1825 2428 machen schwache Suppen, Saucen und Gemüse im
1830 2390 2818 2438 barz zwei Ohrfeigen, schlug ihn mit der Faust auf den
856 2421 1829 2474 Geschmack überraschend gut und kräftig. Auch die
1827 2424 2813 2479 Kopf und drohte wieder, er werde ihn erschlagen. Erst als
861 2462 1822 2511 Wohlthat einer guten Trinkbouillon müsste bei der
1825 2469 2818 2520 seine (Schikals) Mutter kam und ihn abholte, hatte
865 2501 1824 2552 jetzigen Fleischnoth mnancher entbehren, hätten wir
1833 2504 2809 2570 die Familie Rybarz Ruhe. Marie Rybarz gieng mit
859 2535 1828 2589 nicht Maggis Bouislonkapseln, die durch einfaches
1836 2546 2808 2594 ihrem Sohn zur Gendarmerie nach Trzemoschna, wie
854 2581 1821 2627 Uebergießen mit kochendem Wasser sofort eine aus¬
1824 2588 2807 2639 sie zurückkamen, wartete Schikal schon bei seiner
854 2614 1823 2676 gezeichnete Bouillon ergeben. Mögen unsere verehr¬
1825 2626 2813 2676 Wohnung in Zrutsch und fieng wieder an dem Ru¬
870 2664 1749 2718 lichen Leserinnen hieraus rechten Nutzen ziehen.
1807 2659 2812 2723 dolf Rybarz zu drohen: „Du Huns, Dich erschlag ich,
1819 2700 2810 2752 der Plitz soll mich erschlagen, Du wirst hin!“ Heute
1824 2742 2819 2799 hattel sich. Wenzel Schikal, der damals nach der Affaire
939 2730 1825 2795 „Kunerol.“ Prof. Dr. Max Gruber, k. k. Ober¬
1830 2778 2813 2831 von Zlutsch verschwand, sich in der Gegend bei
863 2767 1827 2832 sanitätsrath, gibt über das von der Firma Emanuel
1826 2816 2809 2870 Böhmisch= Aicha, dann an der preußischen Grenze
871 2820 1827 2867 Khuner & Sohn, Wien, erzeugte Pflanzenfett folgen¬
1826 2862 2807 2915 herumtrieb und endlich in seiner Heimatsgemeinde
860 2861 1822 2923 des Gutachten ab: „Das untersuchte Speisefett, „Ku¬
1834 2901 2805 2948 Blkawa bei Nimburg ausgeforscht wurde, vor einem
862 2899 1823 2957 nerol“ genannt, ist von weißer Farbe, besitzt ganz
1833 2941 2818 2996 Vierrichtercollegium (Vorsitz LGR. Schauer) wegen
867 2941 1823 2987 schwachen, nicht unangenehmen Geruch und feinen
1836 2987 2805 3028 des Verbrechens der öffentlichen Gewaltthätigkeit zu
866 2984 1825 3035 Geschmack. Der Gehalt an freien Fettsäuren ist sehr
857 3020 2821 3078 gering. Das „Kunérol“ ist, wie aus den Analysen-verantworten. Er bleibt dabei, er habe die 20 Gulden
1832 3046 2811 3105 in dem Geldtäschchen gehabt, habe sich nur um sein
861 3062 1835 3108 zahlen hervorgeht, ein reines Pflanzenfett (gereinig¬
1833 3087 2823 3150 Geld gemeldet, wie er (Schikal) am 11. März aus
863 3100 1832 3166 tes Cocosfett) und fist als Speisefett vollkommen ge¬
1822 3140 2813 3203 einem anderen Brantweinladen in Zrutsch heraus¬
861 3140 1118 3200 eignet...
1827 3174 2815 3231 gegangen sei, habe ihm Rudolf Rybarz das Geld¬
1514 3200 2808 3308 praktische täschchen mit den 20 Gulden aus der Hand gerissen
920 3226 1498 3309 □ Erste Akademische,
1804 3257 2802 3301 und sei damit entflohen. Die Erhebungen ergaben,
1825 3285 2821 3341 dass die Familie Rybarz einen guten Ruf besitzt und
906 3219 1511 3376 Fachschnie für Damen.
1837 3333 2823 3385 dass nicht auzunehmen ist, dass Schikal damals
869 3344 1818 3409 Beste Methode für Schnittzeichnen, Kleidermachen und
1832 3368 2815 3420 20 Gulden überhaupt im Vermögen hatte. Das Ur¬
868 3405 1829 3450 Modisten. Anmeldungen täglich. Prospecte gratis.
1837 3411 2811 3459 theil lautete auf 18 Monate schweren Kerker, ver¬
872 3444 1819 3490 C. Krenek, Fachlehrer der von der k. k. Statt¬
1830 3448 2816 3501 schärft vierteljährig mit einer Faste. Die Anklage ver¬
860 3476 1814 3548 halterei concessioniert. Fachschule für Schnittzeichnen.
1832 3490 2815 3542 trat St.=A.=S. Dr. Wondraczek, die Vertheidi¬
1665 3504 1830 3581 1285
1029 3520 1675 3583 Pilsen, Stephanspromenade 12.
1831 3510 2821 3600 gung Dr. Kozischek. Schriftführer war Auscul=
1817 3568 2090 3627 tant Kral.
2284 3556 2626 3648 O
985 3601 1762 3720 Nrösstes Lager
1852 3669 2801 3759 Theater, kunst u. Literatun.
912 3699 1062 3803 S
2007 3740 2619 3824 Deutsches Theater in Pilsen.
1063 3670 1838 3855 Zudweiser Möbel
791 3796 983 3876 „ 845
1910 3798 2840 3872 („Lebendige Stunden“ von Arthur?
806 3854 863 3908 h
1824 3838 2815 3925 [Schnitzler.) Die „Lebendigen Stunden“ erzählen
939 3853 1789 3944 Adalbert hohout in Filsen.
1064 3894 2807 3986 Palackystraße Nr. 6 und 11 u. 840uns die Geschichte des Todes. Sie sind die Nach¬
1843 3950 2843 4022 klänge, die minderwertigen Fortsetzungen todter"
1095 3971 1605 4040 Filinle: Kolturgasie 4.
