3436 4320
234 184 1890 277 16. 1. Lebendige Stunden Zykjus
135 1278 1346 1366 11 1426481 624 76 768 143093 182 86 I 94 (100) 575 627 43 859 987
839 1373 1967 1452 Zorn und seine Verachtung ins Gesicht zu schleudern. Beide
93 1383 845 1466 in diesem Einacter klingt gemacht; es ist
845 1410 1969 1491 sind Literaten; der Sterbende verkannt und ohne Erfolg, der
93 1441 842 1518 amatik schlimmster Sorte. Keine Spur
845 1469 1978 1527 Lebende, odwohl ein fader Geselle, von rauschendem Triumph
111 1494 833 1571 ,liebevoller Vertiefung in die Charaktere,
844 1509 1978 1592 verwöhnt. Ein Geheimniß ruht in der Brust des Sterbenden.
129 1544 834 1621 mühsam herausgeschnitzelt und mit un¬
858 1554 1980 1628 Die eigene Frau des unverdient Berühmten hat dessen Werth¬
91 1593 189 1677 alt.
853 1598 1982 1685 losigleit erkannt und dem bescheidenen, aber bedeutenderen
96 1632 846 1705 Ervollen Männergestalten folgt die „Frau
850 1650 1981 1721 Freunde zwei Jahre lang angehört. Das soll nun der in Glanz
104 1682 846 1759 sie ist der uralte Typus der Ehebrecherin
857 1701 1979 1772 und Wonne Schwelgende jetzt erfahren, damit ein tiefer und
98 1734 847 1815 uster. In einem Museum, das sie als
853 1740 1981 1828 unzerstörbarer Schatten auf sein Leben falle, und er den
109 1778 844 1866 hiutzt, macht sie der Liebhaber auf die
866 1797 1984 1875 Sterbenden beneide. Aber der Edelmuth und die Größe siegen.
124 1830 840 1896 ihr selbst und einem alten Renaissance¬
848 1851 1982 1920 Als der arme Todescandidat den sogenannten großen Mann
113 1877 845 1961 dem Dolch“ aufmerksam. Sofort schlägt
848 1890 1979 1968 in seiner Erbärmlichkeit vor sich sieht, bleidt er stumm. Er, der
106 1929 850 2002 as und sofort träumt die Dame einen
854 1937 1980 2031 vom Leben Besiegte, fühlt sich Sieger. Auch in diesem Drama,
113 1976 851 2044 welchem sie dem Gatten zu Liebe am
866 1990 1987 2070 welches in der Gestalt des „großen Schriftstellers“ die psycho¬
108 2019 859 2102 bten erdolcht. Während es noch immer
866 2040 1990 2120 logisch wahrste Figur der vier Einacter enthält, stören Incon¬
108 2066 859 2139 acht sie im Museum wieder auf und ver¬
871 2089 1986 2167 sequenzen. Wird der Edelmüthige, innerlich so Großdenkende
84 2114 849 2196 #und Mord im Traume zu Florenz dem
859 2139 1985 2210 jemals, besonders in der Stunde, da alles Vergängliche zum
96 2166 853 2240 gan der Donau ein Stelldichein. Es wäre
863 2188 1994 2255 Gleichniß wird, ein so aufbäumendes Rachegefühl empfinden?
116 2220 850 2282 auch nur im Entferntesten mit den tief¬
858 2245 1996 2313 Theatralisch und unwahr berührt auch ein Auftritt, in welchem
120 2265 862 2333 der Seelenwanderung in Zusammenhang
873 2287 1994 2362 Schnitzler den Sterbenden, damit das Publikum das Geheimniß
96 2328 855 2390 tück, welches mit einem, übrigens schon
862 2334 1998 2415 des alten Herrn erfahre, die ganze Rachescene, um sie nachher
103 2361 855 2451 hweizerischen Dichter Widmann verwendeten
862 2372 2002 2462 ordentlich erecutiren zu können, einem Spitalgenossen vorspielt.
95 2410 854 2498 gel zwischen Moderne und Renaissance
871 2433 1992 2514 Wie kann der feinsinnige Mensch, der so lange geschwiegen und
102 2456 863 2557 einen Requisitenerfolg erzielt, ist vollständig
870 2485 1994 2548 die Ehre der von ihm geliebten Frau des Anderen gehütet hat,
116 2513 862 2592 Die Figuren sind so unlebendig und
876 2530 2000 2593 einem beliebigen Schwätzer diese Ehre preisgeben? Das wirkt
110 2565 864 2629 itel, der ans Panoptikum erinnert. Nicht,
883 2580 1991 2651 direct widerwärtig, und bei dem vornehm geschilderten Naturell
108 2606 862 2681 t und gesündigt hat, ist interessant. Wie
882 2626 1993 2697 des Redenden unglaublich. So wandelt sich selbst in diesem
99 2650 858 2734 pnt, das allein ist für den Dichter und
875 2674 2005 2750 Miniaturdrama, das ergreifend wirken konnte, die innere Wahr¬
101 2719 201 2784 rtb.
872 2730 1993 2803 haftigkeit zum äußerlichen Effect, der Seelenvorgang zur Schau¬
121 2714 872 2821 waren an dem Publikum des Deutschen
882 2792 1071 2855 spielerei.
123 2801 871 2866 vorübergegangen. Im dritten Einacter
953 2806 2000 2897 Kraß und grell ist das Satyrspiel, welches den drei Todes¬
126 2854 866 2917 wirkt Freund Hain auf natürliche Weise
883 2869 2002 2951 dramen angeklebt ist, der Schwank: „Literatur“. Verspottet
101 2894 865 2967 rkeren Erfolg. Die Scene spielt im Spital,
880 2907 2006 2999 werden die Literaten, welche schreiben, wenn sie lieben, welche
92 2945 867 3007 Her Arzt von Beruf ist, genau studirt hat.
880 2969 2001 3042 aus allen ihren feinsten und intimsten Erlebnissen nur Stoff
109 3001 877 3063 en zerbrochener Kerl hat in der Todesstunde
110 3011 2011 3119 Todfeind und ehemaligen Freund seinen für Lyrik, Epos und Drama zu gewinnen trachten. Das Thema
1836 3070 1918 3143 6
2038 165 2491 263 box 21/2
2042 1231 3129 1298 Im Gewinnrade verblieven: 1 Gewinn à 500, 7 à 300 Mk.
1980 1328 3121 1414 der mißbrauchten Liebesbriefe in der berühmten Gottfried Keller¬
1983 1372 3119 1452 schen Novelle, in der der schriftstellernde Ehemann auch Liebesbriefe
1980 1427 3118 1495 an seine Frau zu Novellenzwecken fabricirt, kingt an. Aber bei Keller
1991 1475 3122 1548 sind es Menschen, die geschildert werden. Schnitzler bringt
1990 1535 3116 1594 Karrikaturen, die anwidern. Einige gute Bemerkungen und
1984 1571 3127 1650 geistvolle Bonmots über die modernen Kaffeehaus=Bohémiens
1986 1620 3124 1691 können den als Ganzes unwahren und abstoßenden Charakter
1985 1670 3135 1745 der Posse nicht erträglicher machen. Man kann sich schließlich
1994 1722 3123 1796 über diese herz= und birnlosen Figuren nicht einmal mehr
1997 1771 3128 1845 amüsiren. Von dem befreienden Lachen, welches die Wirkung
2007 1815 2906 1907 jedes rechten Lustspiels sein soll, ist nicht die Rede.
2079 1877 3123 1942 Schnitzlers Grazie, sein wienerischer Humor scheint wie
1997 1916 3119 1996 fortgeweht. Man muß annehmen, daß der Dichter in „Liebelei“.
1998 1964 3129 2043 sein Höchstes und Bestes gegeben hat. Er wirkt gezwungen und
2003 2015 3135 2089 verzerrt im Ernst, clownartig im Scherz. Und dann noch diese
1996 2062 3135 2146 Sphinx des gemeinsamen Titels „Lebendige Stunden!“ Mit
1990 2110 3140 2211 demselben Recht könnte ein Schmierendirector die drei Einaeter:
2290 2163 2848 2240 „Als Verlobte empfehlen sich“.
2288 2223 2733 2288 „Das erste Mittagessen“.
2214 2270 2710 2345 und „Papa hat's erlaudt“.
2012 2322 2498 2410 unter der Gesammtflagge
2288 2334 2717 2454 „Ueberselige Stunden“
2019 2397 2243 2487 vereinigen.
2087 2425 3139 2527 Die beiden letztgespielten Einacter scheinen dem Premisren¬
2015 2502 3142 2573 publikum gefallen zu haben. Es applaudirte lebhaft und sah
2021 2552 3152 2628 den aus Wien herbeigekommenen Dichter mit Vergnügen vor
2016 2608 3149 2679 der Rampe erscheinen. Ob der halbe Erfolg des Einartere
2023 2645 3154 2727 Cyclus anhält, muß abgewartet werden. Von den Schausvielern
2019 2713 3151 2774 sind Bassermann, Reinhardt und Rittner rühmend bervorzuheben.
2011 2747 3145 2814 Irene Triesch, die aus Frankfurt am Main in dieser Saison
2020 2791 3151 2864 ans Deutsche Theater gekommene Künstlerin, war hervorragend
2018 2841 3147 2910 in der Doppelrolle der Pauline=Paola oder der Frau mit dem
2012 2893 3152 2981 Dolche. Dagegen karrikirte sie das Literatur=Weibchen des
2019 2947 3161 3032 letzten Einacters so stark, diß sie noch schnitzlerischer wirkte, als
2882 2985 3119 3071 Dr. M. S.
2015 3008 2238 3084 Schnitzler.
