3484 4320
2053 214 2497 317 box 21/2
238 234 1903 340 16.1. Lebendige Stunden Zyklus
2757 1310 3307 1389 Sein Zimmerkamerad ist
383 1280 2757 1389 Paola's unvollendetes Bild steht auf der Staffelei“ hobenen Rechten haltend. Ueber Remigio aber kommt es,
2754 1354 3301 1429 spieler, der auch hier im
374 1389 2767 1433 Remigio, Paola's Gatte, ist vor einigen Tagen nach wie eine Erleuchtung. Jetzt sieht er auf einmal wie er
374 1389 2753 1491 Florenz geritten, und Paola hat dem jungen Lionardo sein Bild vollenden soll. Und er geht zur Staffelei und
2752 1398 3339 1488 spässe nicht lassen kann, d
1564 1452 2754 1513 malt Paola, wie sie da steht, malt die Frau mit dem Dolch.
2750 1456 3304 1520 wie er ans Krankenbett
383 1456 1573 1518 eine Liebesnacht gewährt. Der Morgen ist angebrochen.
1559 1492 2745 1550 Wieder verwandelt sich die Scene. Leonhard und Pauline
2752 1503 3323 1575 Beti 17, wie er im Tode
376 1507 1573 1585 Doch Lionardo, trunken von dem genossenen Glücke, will
1564 1548 2750 1600 sitzen in der Galerie auf einem Divan vor dem Bilde, das
2755 1552 3319 1617 ein Engagement für den
379 1550 1572 1611 das Haus nicht verlassen. Paola ist ernüchtert. Der
1566 1594 2759 1673 einst Remigio gemalt. Pauline erwacht wie aus einem
2757 1603 3318 1668 wie der Doctor sagt, in ac
372 1599 1576 1672 Rausch ist verflogen. Und nun tritt sie vor ihr Bild, das
1568 1640 2757 1699 Traum, erhebt sich und wendet sich zum Gehen. Leonhard
2748 1649 3312 1718 Karl Rademacher ist nach
374 1632 1578 1718 Remigios Meisterhand begonnen, und sie fühlt, wie groß
1571 1690 2760 1739 faßt bittend ihre Hand. Und Pauline, deren Widerstand
370 1693 1575 1755 er ist und wie klein der Andere, mit dem sie ihn heute
2756 1692 3325 1757 angelangt. Er hat vielc
1562 1733 2497 1821 besiegt ist, sagt: „Ich komme heute Abend.“
374 1730 1574 1806 Nachts betrogen. Gewiß, sie selbst hat sich ihm hinge¬
2755 1751 3326 1817 schrieben — so lange gesch
378 1775 1575 1849 geben; aber es steigt jetzt, am Morgen, vor dessen grauem
2749 1787 3295 1862 Kraft zu Ende war und
1647 1792 2757 1869 Man hat bei der Aufführung nicht recht begriffen,
376 1838 1573 1896 Lichte aller Schein verfliegt, die Erbitterung in ihr auf,
2748 1822 3304 1914 zu sterben. Das ist die
1570 1835 2748 1912 warum Pauline nun doch am Abend zu Leonhard kom¬
386 1884 1575 1959 daß dieser unreife Bursche, dieser Stümper, dieser Farben¬
2756 1886 3317 1958 Carrière: der Tod im K#
1567 1891 2760 1975 men will. Es schien dem Berliner Publicum, daß es für
389 1932 1564 2003 reiber gewagt hat, seine Augen zum Weibe des Meisters
2756 1935 3320 1997 in einem der großen Krank
1573 1940 2763 1994 eine Frau noch kein ausreichender Grund sei, einen jungen
382 1981 1575 2044 zu erbeben. Mag auch Lionardo in den Armen von
2755 1991 3304 2057 kammerl“. Die Presse hat
1560 1987 2761 2054 Mann deßhalb um Liebhaber zu nehmen, weil sie ihn
382 2018 1568 2094 Remigio's Frau geruht haben, darum ist er noch lange
2745 2033 3323 2102 Plätze. Von all den vielen
1562 2021 2759 2096 vor dreihundert Jahren einmal erdolcht hat. Wenn man
386 2068 1572 2138 kein Remigio. Und ein Lionardo hat noch kein Recht auf
2749 2083 3331 2149 Feuilletons (es waren gen
1553 2077 2760 2152 das Drama liest, so findet, man das, was in Paulinens
385 2123 1574 2178 Remigio's Frau, wenn er auch während einer Nacht ihr
2748 2132 3323 2205 Karl Rademacher geschriebe
1566 2131 2759 2206 Seele vorgeht, ausführlicher geschildert. Es heißt in dem
388 2175 1574 2230 Geliebter gewesen ist. Das sagt sie ihm in verächtlichen
2753 2184 3306 2249 der Geist, den er tagaus,
1568 2178 2758 2258 Buche: „Pauline faßt sich. In ihren Zügen drückt sich
390 2219 1565 2280 Worten (der Dialog geht in Versen), und als er doch
1564 2237 2761 2302 allmälig die Ueberzeugung aus, daß ein Schicksal über
2745 2225 3309 2295 hat nur dazu gedient, die
376 2260 1569 2335 nicht von ihr lassen will, droht sie, ihn aus dem Hause
1574 2284 2756 2338 ihr ist, dem sie nicht entrinnen kann. Sie reicht Leonhard
2748 2270 3319 2352 Gang zu erhalten. Und so
374 2312 1568 2400 zu jagen. Da tönt Hufschlag im Hofe. Remigio kommt
1566 2328 2748 2392 die Hand, sieht ihm ernst und fest ins Auge, und sagt,
2739 2314 3321 2387 keinen Nutzen ziehen könn
377 2363 1570 2424 aus Florenz zurück. Lionardo fleht Paola an, sich zu
2748 2372 3323 2433 müssen als Triebkraft für
1566 2345 2755 2442 nicht mit dem Ausdruck der Liebe, sondern der Ent¬
386 2403 1568 2463 retten, ihn allein als den Schuldigen anzuklagen.
1566 2407 2752 2489 schlossenheit: „Ich komme.“ Das ist interessant zu lesen.
2752 2419 3327 2488 so auf sein Leben zurückbl
378 2440 1578 2507 Remigio ist furchtbar in seinem Zorn; er wird sie tödten.
1578 2470 2757 2529 Allein auf der Bühne kommt es nicht zum Ausdruck, da
2754 2460 3318 2537 vergebliche Leben des Jou
384 2501 1569 2569 Aber Paola will lieber von Remigio's Hand sterben, als
1561 2516 2754 2587 die Schauspielerin noch nicht geboren ist, die es fertig
2745 2505 3323 2586 niemals sich selbst gehört hat,
381 2543 1563 2601 ihr Leben Lionardo verdanken. Nie ist ihr der Gatte so
1562 2576 2748 2638 bringt, in ihren Zügen allmälig die Ueberzeugung aus¬
2752 2569 3320 2636 seiner Lebenskraft der Zeit
392 2585 1567 2661 herrlich und liebenswerth erschienen als jetzt, nachdem sie
1560 2606 2753 2695 zudrücken, daß ein Schicksal über ihr ist, dem sie nicht
2751 2600 3308 2678 täglich neu geboren werden
390 2627 1579 2703 ihn mit einem armseligen Wicht betrogen. Und ihr Ver¬
1565 2656 2758 2733 entrinnen kann. Ueberhaupt sind die feinen Fluctuationen
2751 2660 3315 2738 schau hält, muß er immer
389 2682 1575 2749 gehen will sie sühnen, indem sie es bekennt. Remigio tritt
1563 2702 2749 2782 in der Frauenseele, die das Stück behandelt, nicht dra¬
2750 2710 3328 2787 seinen Jugendfreund. Den
382 2728 1575 2793 ein. Paola empfängt ihn mit den Worten: „Gib Acht,
1572 2738 2751 2818 matisch, und wären wol eher in einer Novelle zu be¬
2744 2758 3330 2827 blieben, hat sich im Leben
385 2772 1578 2855 daß du nicht vorschnell mich umarmst. Der hier war mein
1561 2797 2751 2868 handeln gewesen. Andererseits sind die Verse der in das
2750 2798 3310 2881 rander Weihgast hat sich
378 2840 1563 2891 Geliebter heute Nacht.“ Remigio hört es und bleibt ruhig.
1569 2842 2755 2921 moderne Schauspiel eingefügten kleinen, Renaissance=Tra¬
2745 2849 3310 2925 zu ernähren gebraucht; er
383 2872 1576 2946 Geh' Lionardo,“ sagt er. „Tödtet mich, Remigio!“ fleht
1563 2898 2746 2948 gödie anmuthig und gedankenreich — der scenische Ein¬
2747 2899 3318 2971 und hat reiche Zinfen von
385 2910 1513 2975 Lionardo. Remigio antwortet: „Wer haßt, mag tödten -
1565 2946 2744 3013 fall ist wunderhübsch — und es wäre wol möglich, daß
2744 2935 3276 3016 der Lage war, ihn auf
384 2972 1581 3035 lödten mag, wer liebt! Gleichgiltigkeit greift nach der Waffe
1565 2976 2748 3051 die „Frau mit dem Dolch“ auf der Bühne eine stärkere
2744 2987 3283 3082 setzen. Karl Rademacher
377 3022 1567 3082 nicht. Das Glas zersplitter' ich nicht, das ärmlich schlechte,
1574 3024 2745 3118 Wirkung ausüben könnte, als sie im „Deutschen Theater“
2742 3051 3332 3118 und vergessen — Alexan
383 3043 1576 3130 daraus ein Kind verbot'nen Trank genoß.“ Lionardo, von
1569 3090 2759 3162 ausgeübt hat, wo die Inscenirung und Aufführung
2749 3087 3320 3168 Bühnenschriftsteller, lebt in
380 3114 1569 3170 dieser Verachtung zur Verzweiflung getrieben, schwört, er
1567 3149 2269 3222 Manches zu wünschen übrig ließ.
2749 3138 3323 3219 sehen. Und das ganz beson
381 3161 1570 3219 werde Remigio's Schande auf allen Gassen ausschreien.
2743 3194 3314 3267 gekehrt hätte gehen müssen,
1641 3170 2754 3263 In einem „Extrakammerl“ des Wiener allgemeinen
383 3211 1569 3281 „Laßt ihn nicht fort!“ bittet Paola. „Er hält den Schwur.“
2746 3232 3324 3311 gangen wäre. Denn nicht A
1575 3244 2743 3313 Krankenhauses geht die Handlung des dritten Einacters
490 3246 1563 3321 „So wahr ich lebe,“ betheuerte Lionardo. — „So
2740 3291 3304 3355 sondern Karl Rademacher,
1574 3292 2753 3357 vor sich, der betitelt ist: „Die letzten Masken.“ In diesem
396 3298 1571 3369 wahr du lebst!“ rust Paola und stößt ihm ihren Dolch
392 3321 3338 3409 in ou Hals. Dann bleibt sie steben, den Dolch in der er= „Extratammerl“ stirbt Karl Rademacher, ein Journalist. welcher das Erlebte stets leh
