3484 4320
2124 261 2585 356 box 21/4
324 248 1971 372 16.1. Lebendige Stunden zvkIus
1597 763 2539 850 Bühnen wehr es als Premierenluft. Da haspelie
1609 824 2531 865 mau aufregungslos die „Schlager“ der Winter¬
1616 853 2534 916 saison herunter. Im Burgtheater „Monna Vanna“
1607 879 2533 942 im Volkstheater „Duharry“ und „Die beiden Schu¬
1616 924 2536 977 len“, und in der Oper, wo man keine Schlager
1607 969 2531 1030 hafte, erging nan sich in allerlei Neu=Inszenie¬
1611 1000 2535 1043 rungen. Der erste Herr Direktor, der erwachte
1609 1038 2544 1093 und sich den Schlaf aus den Augen rieb, war Di¬
1616 1071 2536 1126 retior Bukovies vom Volkstheater. Er fühlte sich
1616 1109 2532 1168 mit einem Male als Literaturförderer und führte
1613 1153 2541 1197 Arthur Schnitzlers Einakter=Zyklus „Lebendige
1617 1190 2539 1228 Stunden“ auf. Allerdings in Anbetracht des Um¬
1618 1226 2542 1265 stundes, daß Schnitzler ein Wiener, und noch dazu
1618 1261 2538 1328 unser bester Wiener Anior ist, ziemlich spät. Schon
1614 1301 2534 1346 im Vorjahre hatten ja die „Lebendigen Stunden“
1612 1334 2532 1381 dem Berliner Publikum viele angenehme Stunden
1608 1373 2534 1424 bereitet. Aber wir in Wien haben uns nun schon
1601 1411 2533 1462 einmal in die Rolle des Nachtretens gefunden.
1609 1442 2531 1489 Auf unseren Bühnen werden keine Talente mehr
1614 1490 2529 1535 en'deckts Höchstens eines, das eine neue Glanz¬
1611 1520 2543 1582 role für die Odilon oder die Hohenfels schreibt.
1603 1556 2539 1618 Smnst wird bei uns nur aufgeführt, was draußen
1602 1597 2540 1653 im Reiche die Feuerprobe des Kassenerfolges be¬
1610 1632 2524 1679 standen hat. Die „Lebendigen Stunden“ haben es,
1615 1670 2525 1718 folglich wurden sie auch der Ehre würdig erachtet,
1625 1709 2541 1762 inem hochwolllöblichen Wiener Publikum vorge¬
1622 1750 2536 1815 ührt zu werden. Nun, es war ein hübscher Er¬
1608 1781 2302 1845 folg, sogar ein literarisch wertvoller.
1701 1800 2539 1863 Das Volkstheater hatte seine Frühjahrs¬
1601 1852 2537 1907 Première, folglich mußte auch das Burgtheater eine
1607 1897 2541 1962 solche haben. Direktor Schleutyer richtete sich von
1609 1933 2535 1977 den Lorbeeren, die ihm die Kunst der Hohenfels als
1602 1962 2539 2031 „Monna Vanna“ eingetragen, energisch in die
1610 2007 2530 2060 Höbe und tat einen Griff mitten hinein in die hei¬
1607 2045 2535 2092 mische Literatur. Aber er war augenscheinlich noch
1605 2078 2533 2141 nicht recht ausgeschlafen und griff mit gewohnter
903 2119 1382 2212 Wiener Brief.
1615 2162 2531 2209 Schnitzlers „Lebendige Stunden“ viel zu spät auf¬
724 2050 911 2227 0
1615 2201 2533 2247 geführt, Schleuthers Errungenschaft, der Einakter¬
1113 2180 1554 2255 4 Wien, End. März.
1610 2231 2532 2286 zuklus „Zu spät“ von der Wienerin Marie della
750 2214 1607 2276 Wir sind schon mitten im Frühling. Das so
1610 2269 2542 2324 Grazie, lam mit Rücksicht auf seine Minderwertig¬
669 2275 1599 2318 oft besungene „Frühlingslüsteel“ weht durch die
1612 2313 2540 2356 keit noch viel zu früh. Mit diesem Einakterzyklus
675 2313 1595 2356 Straßen und bringt aus dem nahen Wiener Walde
1604 2350 2530 2397 war es — nischt. Die Marlitt und ihr Geist
673 2357 1595 2404 die ganze würzige Frische mit, die da draußen da¬
1609 2380 2526 2433 feiern darin eine selige Auferstehung. Und über
673 2390 1597 2446 heim ist. Da wird der Wiener zum Wandervogel.
1615 2419 2523 2467 die sind wir in Wien denn doch schon hinaus. Der
669 2432 1607 2479 Am Sonntag nachmittag stehen die Kaffeehäuser
1606 2462 2534 2508 süße Backsisch, der zerstreute Herr Professor, der
674 2474 1593 2514 deer, und die, die sonst in zeiner dunstigen, ver¬
1606 2497 2528 2546 entsagende Hauslehrer mit Osterglockenbegleitung
672 2505 1606 2564 räucherten Atmosphäre mit bewunderungswürdiger
1619 2531 2347 2582 haben für uns doch keine Reize mehr.
2341 2536 2534 2588 „In dem
674 2545 1596 2596 Ausdauer vier, fünf Stunden gesessen, die fliegen
1610 2568 2534 2625 einen Stücke, „Donanwellen“, ist zwar so etwas
672 2583 1596 2630 jetzt aus. Sie haben's ja auch so bequem! Man
1609 2611 2539 2662 wie „Wiener Stimmung“ vorhanden. Da steht
673 2625 1595 2681 tritt aus dem Haustor heraus, steigt in die Elek¬
1615 2652 2537 2701 ein regelrechtes Pontenwirtshaus auf der Bühne,
664 2660 1603 2709 trische und fährt für zehn Kreuzer — fortgeschrittene
1619 2684 2535 2731 eine Damenkapelle geigt da herum, ein prähistori¬
668 2697 1606 2761 Staatsbürger sagen mit Emphase zwanzig Heller
1607 2725 2527 2778 scher Fiaker redet da wienerische Töne, aber die
713 2742 1601 2782 — hinaus nach Neuwaldegg, Potzlainsdorf, Grin¬
1604 2754 2530 2811 Heldin des Stückes, eines der beliebten verführten
661 2772 1597 2837 zing. Und wessen Sinn schon ins Weitere gerichtet
1613 2796 2527 2849 und sitzengelassenen süßen Mädeln, verwässert durch
664 2810 1600 2869 ist, der setzt sich auf die Stadtbahn und „reist“ nach
1613 2835 2531 2878 ihre Tränen die ganze Wiener Stimmung und ver¬
675 2855 1600 2909 Preßbaum, nach Greifenstein, und wie sie alle,
1612 2867 2526 2928 wandelt sie in eine höchst trübe und fade. Ein Ein¬
673 2905 1595 2949 die Perlen an der Donan und im Wiener Walde,
1610 2917 2530 2972 akter nach dem anderen wurde mit sanfter Galan¬
670 2936 1592 2987 heißen. Allerdings darf man sich nicht vorstellen,
1606 2944 2526 3004 terie abgelehnt. Nur der vierte, „Die Mutter“
666 2969 1598 3016 daß bei solchem „Fliegen in das Weite“ die Frie¬
1611 2972 2529 3045 nicht. Weil er überhaupt nicht aufgeführt wurde.
660 3017 1602 3060 gerei an sich die Hauptsache ist. Die Hauptsache
1615 3021 2527 3080 Die Sage geht, daß dem Herrn Direktor — aller¬
669 3055 1597 3098 ist, daß man nachher im Gasthaus einen guten
1610 3063 2526 3118 dings „zu späts:— so was wie eine richtige Er¬
666 3096 1599 3145 Platz und ein frisches Vier oder einen guten Wein
1606 3100 2534 3151 kenntnis überkam, und er das Stück ganz absetzte,
660 3132 1606 3175 bekommt. Der Wiener steigt nicht auf seine rei¬
1606 3126 2557 3201 weil — weil Frau Mitterwurzer plötzlich unpäß¬
656 3165 1613 3238 zenden Berge, um von ihrer Höhe aus den alien¬
1606 3174 2529 3239 lich geworden Sagte der Theaterzettel.
656 3203 1608 3251 Steffel zu bewvündern. Das kommt nur in den
668 3242 1606 3293 Liedern idealistisch veranlagter Koltsdichter vor.
663 3269 1613 3337 Der Wiener der Wirtlichkeit ist Sybarit durch und
654 3313 1613 3356 durch. Er schwelgt allerdings nicht Stimmung
659 3355 1616 3410 und Nalur; seine Schwelgerei, so bescheiden sie auch
644 3389 1605 3441 sein mag, beschränkt sich auf einen guten Wein und
668 3439 1615 3490 ein bischen Musit. Aber die beiden Dinge sind un¬
664 3479 1609 3531 erläßlich. damit er in Stimmung komme. Bildet
658 3511 1606 3562 dann auf der Heimfahrt die Drängerei und Schie¬
662 3554 1598 3609 berei in den bis obenan vollgepfropsten Wagen
666 3597 1608 3644 als „Grand=Hetz“ einen würdigen Abschluß, so ist
655 3625 1218 3685 das Vergnügen vollkommen.
743 3668 1608 3720 Natürlich ist so ein Sonntagsnachmittags=Aus¬
651 3711 1597 3758 flug nur das Vergnügen von den sogenannten
668 3737 1602 3798 gunteren Volksschichten", — der literarisch gebildete
665 3783 1602 3841 Kommis sagt „Gevatter Schuster und Schneider“.
654 3812 1600 3878 Das, was besser ist, oder sich besser dünkt, hat
650 3856 1607 3909 andere Frühlingsamusements. Abbazia ist leicht
662 3891 1606 3952 zu erreichen, der Sommering noch leichter. Man
659 3932 1601 3991 fühlt sich unter dem Wohen des Frühlingslüfterls
654 3969 1598 4038 erholungsbedürftig von den Gesellschaftsstrapazen,
664 4017 1603 4066 des Winters und geht südwärts. Das tun die, die
660 4057 1592 4114 besser sind. als die Sonntagsausflügler. Die,
656 4082 1599 4139 die sich besser dünken, gehen — zum Trabfahren.
660 4125 1595 4195 Da ist jetzt großes Frühlingsmeeting und dement¬
671 4171 1591 4210 sprechende Aufregung. In den Bureaus, Sport¬
