3436 4384
775 153 939 219 ben
352 159 2123 254 16.1. L#dige Stunden ZukIus
2164 188 2622 271 box 21/2
993 630 1587 711 „Berliner Lokal-Anzeiger.“
1933 665 3228 736 interessanten Dichtung noch eingehender beschäftigen. Die Darstellung
708 684 1929 745 Im Deutschen Theater hatten die vier Einacter von Arthur
1937 703 2902 774 war den Traditionen des Deutschen Theaters würdig.
634 712 1929 783 Schnitzler mit ihrem Gesammttitel „Lebendige Stunden“ ein etwas
2364 751 2796 822 „Deutsche Warte.“
642 771 1937 838 spätes, aber gutes Ende. Man war erfreut, man war sogar
2005 803 3227 871 Der Wiener Dichter hat mit seinen neuen Einaktern feine und geist¬
632 806 1927 879 entzückt, und der Beifall wollte nimmer aufhören.
1937 831 3228 904 reiche psychologische Skizzen geliefert, Seelengemälde von bedeutender
639 846 1924 924 Es war wirklich ein Vergnügen. Man durfte die weihevolle Miene echt
1932 886 3237 949 Tiefe, Bilder, die dem Leben abgelauscht und wie mit dem Pastellstift
637 889 1925 956 menschlich glätten, man brauchte nicht mehr über tiefverborgene Dinge
1938 925 3229 985 hingehaucht sind, dramatische Dekorationsarbeit, die sich um ein Leitmotin
637 927 1925 989 und höhere Gedanken zu grübeln, man mußte nicht mehr litterarisch
1935 964 3236 1013 schlingt und in immer kunstvolleren Ranken weiterspinnt, aber durch
636 965 1928 1040 sein — man konnte lachen, recht herzlich lachen, wie bei jedem anderen
1942 1006 3227 1054 ihren sinnreichen Zauber das Interesse des Zuhörers nie erschlaffen läßt.
635 1013 1933 1070 Lustspiel, wie bei einem ganz gewöhnlichen Schwank. Ja, Arthur
1942 1049 3228 1108 In dem einleitenden Schauspiel „Lebendige Stunden“ entwieft der
634 1050 1932 1109 Schnitzler hatte sich menschlich herabgelassen, einen Schwank zu schreiben.
1931 1077 3232 1144 Verfassel ein Bild von dem naiven und starken Egoismus einer Künstler¬
639 1081 1925 1147 einen geistreichen, malitiösen, übermüthigen Schwank, der wirklich lustig
629 1121 737 1182 ist.
1927 1125 3222 1185 natur. Noch mehr Beifall fand das romantische dreitheilige Schauspiel
723 1133 1920 1187 Er heißt „Literatur“. Freilich, er heißt nur so, aber er ist ein
2055 1158 3230 1224 Frau mit dem Dolche." Das Schauspiel „Die letzten
631 1170 1926 1233 guter Spaß. Die anderen drei Einacter führen nicht literarische Titel,
1933 1182 3222 1262 Klasken“ spielt in einem Krankenhause. Der Schwank „Literatur“
632 1198 1920 1261 aber sie sind ganz Literatur. So ganz und gar, daß man nur mit er¬
1931 1244 3229 1302 war das lustige Satirspiel, das auf die tragischen und ernsten Verwicke¬
636 1240 1921 1305 gebenem Respekt auf die Worte lauschen und mit heißem Bemühen über
1931 1280 3225 1347 lungen folgte. Der Dichter wurde nach jedem Stück gerufen und mit
633 1285 1925 1353 Wort und Seene nachdenken muß. Denn was man sieht und hört, liegt
1941 1305 2310 1377 Beifall überschüttet.
622 1309 1923 1369 ziemlich jenseits von Einfachheit und echtem Empfinden. Es ist ein Aus¬
626 1352 1924 1426 flug auf das nebelhafte Gebiet der abstrakten Ideen, der subtilen psycho¬
2327 1367 2816 1447 Freißtunige Zeitung.“
634 1394 1929 1469 logischen Spekulationen. Ein Gedanke, eine These, ein psychologisches
2007 1431 3229 1492 „Lebendige Stunden.“ Der Eindruck der einzelnen Akte war
637 1435 1925 1503 Axiom vereinigt die drei ersten Stücke. Es ist der Gedanke, daß die
1932 1469 3230 1520 verschieden, doch der Gesammteindruck stark und tief; dementsprechend
632 1467 1920 1531 Todesstunde des Sterbenden dem Lebenden, und zwar dem schaffenden
1920 1505 3222 1566 waren Wirkung und Erfolg nach Außen groß. Die Stimmung kam zu¬
629 1509 1918 1585 Künstler die lebendigen Stunden schafft. Das quellende Leben sprießt
1935 1544 3224 1611 nächst nicht leicht zu Stande; und doch sind die „Lebendigen Stunden“
627 1566 1925 1624 aus dem Tode, wo das Vergehen einsetzt, beginnt das Werden. Wenn
1933 1587 3228 1638 im Cyllus das tonangebende (oder: das grundtongebende) Stück; es ist
625 1594 1926 1662 der Geist eines Menschen entflieht, der nur eine kurze Episode im Alltags¬
1934 1624 3219 1691 auch psychologisch das feinste und gelungenste, wie denn auf gleicher
613 1620 1914 1700 getriebe war, schafft sein Schmerz, sein Dahinscheiden dem beobachtenden,
1927 1668 3228 1721 künstlerischer Höhe nur der letzte Akt steht durch die Anmuth seines
616 1673 1927 1744 dem mitfühlenden lebenden Künstler das wahre Leben, die kürzere oder
1931 1698 2104 1764 Geistes.
2095 1711 3209 1764 In den mittleren Akten ist das stärker, was man „Theater“
617 1717 1924 1781 längere Unsterblichkeit. „Lebendige Stunden“, der erste Einacter, soll
1929 1747 3228 1806 nennt. Natürlich noch immer Schnitzlerisch, nicht grob von Kunstwegen
624 1753 1916 1817 zeigen, wie ein junger Dichter, dessen Schaffenskraft plötzlich erlahmt ist,
1931 1780 3226 1848 oder unverfroren in der Gesinnung. Im ersten Akt enthüllen sich
619 1790 1921 1856 zu einem echten Dichter wird, als er erfährt, daß seine geliebte Mutter
1919 1819 3227 1884 Charaktere, Gefühle, Menschenschicksale in klug gleitendem Dialoge. Der
620 1835 1921 1900 Selbstmord beging, um den Sohn. den ihre Krankheit im Schaffen
1916 1860 3224 1923 Autor ergreift nicht gerade Partei aber man hört doch heraus, daß
621 1856 1919 1946 hinderte, von sich zu befreien. „Die Frau mit dem Dolche“ der
1921 1899 3232 1966 seine Sympathie mit der naiven menschlichen Empfindung ist Auch das
612 1901 1916 1982 zweite Einacter, schlägt andere Töne an. Eine Frau giebt sich mit ihrem
1930 1943 3225 1992 zweite Stück ist sozusagen eine Literaten= und Künstlerstück, in das der
621 1956 1915 2009 Liebhaber ein Rendezvous im Museum vor dem Bilde der „Frau mit
1933 1975 3215 2040 Gegensatz vom warm gelebten und überlegen gestalteten Leben hinein¬
617 1982 1921 2040 dem Dolche". Dieses Bild ist der jungen Frau sehr ähnlich. Und vor
1927 2015 3225 2067 spielt. Die beiden letzten Akte sind im engeren Sinne Tragikomödien.
619 2028 1914 2092 dem Bilde philosophirt sie, ob sie dem geliebten Gatten untreu oder dem
1927 2059 3228 2110 Das Leben selbst spielt sich Theater vor, im unbewußten Wechsel tragischer
610 2067 1923 2135 ungeliebten Liebhaber ein recht heimliches Stelldichein in dessen Wohnung
1921 2076 3220 2165 und komischer Stimmungen. Von Literatur ist hier nicht minder die
616 2104 1905 2175 geben soll. Plötzlich sieht sie sich einige Jahrhunderte vorher, als
1927 2134 3225 2215 Rede; aber das Leben kommt gewissermaßen der Literatur zuvor. Es
622 2140 1444 2201 Florentinerin und Zeitgenössin der Medici.
1438 2159 1920 2218 Sie sieht sich als Gattin
1929 2179 3230 2246 hängt sich Masken um. Manchmal noch in der lezten Stunde, da die
612 2196 1913 2246 eines Künstlers, am Morgen einer Nacht, die sie mit einem ungeliebten
1920 2216 3215 2265 große Abrechnung mit der Welt stattfinden soll. Der Schlußakt löst die
613 2222 1924 2297 Geliebten verlebt hat. Der Gatte kommt plötzlich an und die treulose
1931 2252 3216 2320 immerhin schwülen Stimmungen in Lachen auf. Es ist ein Capriccio,
609 2267 1910 2340 Frau ersticht vor den Augen ihres Mannes, den sie liebt, den „unge¬
1919 2291 3208 2362 ein flottes und espritvolles und zugleich eine runde satirische Komödie.
618 2305 1910 2367 liebten“ Jüngling, der ihr eben die Schäferstunden verschafft hatte. Und
1919 2325 3218 2398 Kleine Cabotins und Selbstbetrüger der Literatur treten auf. Nicht von
610 2338 1911 2407 den Moment des Sterbens benutzt der Gatte, um seine Frau mit dem
1929 2373 3221 2435 ringenden oder müden Seelen und von rücksichtslosen Gestalten ist die
618 2379 1907 2452 Dolche und den Sterbenden dazu zu malen. Der Vorhang fällt plötz¬
1928 2411 3220 2480 Rede, vielmehr von den unfreiwillig belustigenden Handwerkern der
610 2432 1898 2483 lich, geht wieder auf, die junge Frau und ihr Galan stehen wieder im
1924 2453 3218 2500 Schreiberei oder den Dilettanten, die fnobhaft mit ihren „lebendigen
612 2464 1914 2527 Museum, und sie sagt dem liebegirrenden Jüngling, daß sie am Abend zu
1923 2489 3214 2562 Stunden“ d. h. mit ihrem bischen Liebesabenteuerthum haufiren gehen.
618 2501 1900 2560 ihm kommen werde. „Die lehien Masken“, der dritte Einakter, be¬
1933 2532 3215 2593 Ihnen wird mit guter Laune ein Lebemann, ein Held der Ställe ent¬
613 2545 1905 2609 schließt den Cyclus. Ein Sterbender will einem Menschen, den er haßt,
1927 2575 3213 2633 gegengesetzt, ein Zeitgenosse, der so gar kein Künstler und in so hohem
615 2576 1916 2634 das ganze Maß des Hasses und der Verachtung offenbaren. Aber er
1916 2601 3217 2677 Grade ein Verächter aller Federn ist, daß seine Geliebte die Legitimität
608 2615 1046 2683 kommt nicht dazu —
1031 2619 1913 2688 der Lebende ist zu klein, geistig zu werthlos.
1917 2648 3218 2731 mit der Einstellung des Literaturbetriebs erkaufen muß — was ihr nicht
618 2663 1907 2709 „Litteratur". Ein lustiges Bild aus dem Leben der Münchener und
1920 2682 2169 2750 schwer wird.
618 2695 1913 2778 Wiener Kaffeehaus=Litteraten, voll Witz und Bosheit, mit allerlei guten
2270 2711 2864 2801 „Berliner Börsen-Zeitung.“
616 2728 1374 2803 Anspielungen, ein Einakter, der unterhält.
1994 2774 3207 2841 „Lebendige Stunden.“ Der Dichter hat sich über die Pseudo¬
1030 2776 1494 2853 „Welt am Montag.“
1923 2815 3212 2882 Dichter lustig machen wollen, die sich einreden, der „Gott in ihnen“ stehe
691 2816 1903 2902 Immer wieder klingt an, verweilend oder flüchtig, der Gedanke vom
1913 2853 3204 2922 höher als das natürliche Menschenempfinden, darum setze sich jedes Ge¬
613 2861 1914 2948 Marionettenspiel des Lebens, der in der leicht melancholischen Welt
1912 2901 3213 2966 fühl in Schaffensdrang um. Sie seciren ihre feelischen Regungen und
611 2909 1909 2979 Schnitzlers häufig wiederkehrt, an letzte Fragen des räthselvollen
1903 2946 2716 3000 1 beobachten sich, um sich zu beschreiben.
2703 2939 3211 3007 Wir wissen nicht, was
606 2945 1911 3020 Menschendaseins wird hier und da gerührt. Derlei stimmungsvolle
1915 2974 3210 3038 Schuttzler die Anregung bot, einmal ein Donnerwetter über „Die
608 2989 1903 3054 Spielereien weiß dieser Autor mit einer oft raffinirten, doch nie aufdring¬
1913 3021 3208 3080 Talente des Kaffeehauses“ loszulassen, aber er verkenne nicht, daß auch
607 3025 1908 3096 lichen Technik zu schaffen, säuberliche Erzeugnisse einer vorgeschrittenen
1912 3066 3194 3119 er gleich den Geißelten seine Empfindungen schaffend verwerthete. Frei¬
612 3074 1901 3138 Kunst, die dem Scharfblick und dem Takt ihres mit weicher Grazie und
1915 3098 3204 3158 lich wären es nicht Empfindungen des Schmerzes im gewöhnlichen Sinne,
602 3095 1912 3160 kosender Anmuth, mit koketter Ironie und leiser Lyrik begabten Bildners
1918 3133 3207 3197 war es kein Unglück, das ihn traf, als er die Eingebildeten mit ihrem
615 3148 1907 3222 Ehre machen, die angenehm unterhalten, ohne daß hinterher das ästhetische
1908 3170 3206 3241 harmlosen Größenwahn kennzeichnen und züchtigen wollte, aber ein Weh
606 3176 1901 3257 Gewissen mit Vorwürfen sich einzustellen hätte. In den „Letzten
1905 3204 3188 3277 wars immerhin, und daraus geboren erstanden die vier Theaterstücke —
616 3216 1904 3287 Masken“ sind unentbehrliche Theatermittel virtnos verwendet im Dienste
1909 3246 3204 3321 für Literaturmenschen, die jede geistreiche, wie jede ironische Wendung
602 3263 1909 3327 einer geistreichen Idee, deren Ausführung hinter der Erfindung nicht
1914 3289 3206 3335 verstehen, jede Anspielung freudig auffassen. Nr. 1: „Lebendige
612 3302 1900 3375 zurückbleibt. Es entsteht ein Momentbild von intimer Wahrheit mit
1918 3329 3204 3393 Stunden.“ Das Stückchen wurde von den Herren Reinhard
604 3353 1908 3413 einer Fülle von Imponderabilien, das in seiner Geschlossenheit starken
1923 3370 3199 3414 (Freund der Verstorbenen), Rittner (Sohn), Fischer (Gärtner) sehr
609 3382 1904 3455 Eindruck macht. Den glücklichen Abschluß bildet endlich „Literatur,“
1909 3401 3204 3483 leeenswahr gespielt. Nr. 2: „Die Frau mit dem Dolche.“ Gespielt
606 3404 1894 3482 eine espritfunkelnde feuilletonistische Boshaftigkeit auf einem seinen Wirk¬
1903 3449 2065 3498 wurde
2050 3432 3202 3500 es meisterhaft. Nr. 3: „Die letzten Masken.“ Nr. 4:
611 3465 1900 3529 lichkeitsuntergrund mit allerliebsten Witzen, die nicht dem Zettelkasten
1907 3485 3193 3560 „Literatur.“ Das Stückchen strotzt vor Anspielungen, die ein
614 3503 1715 3572 entnommen sind, sondern zwanglos der Situation entspringen.
1918 3528 3198 3592 Premièren=Publikum goutirt, das mit Literaten und solchen, die es sein
978 3550 1543 3629 „Deutsche Tageszeitung.“
1915 3564 3185 3645 wollen, verkehrt. Herr Dr. Schnitzler wurde zum Schluß stürmisch,
1915 3603 3150 3681 wie auch im Laufe des Abends oft gerufen. Es war also ein Erfolg.
687 3608 1897 3676 Im Deutschen Theater gelangte gestern Arthur Schnitzlers
608 3637 1887 3721 neuer Einakter=Cyklus „Lebendige Stunden“ zur ersten Aufführung.
2201 3655 2921 3736 „Berliner Neueste Nachrichten“.
609 3690 1903 3760 Der Erfolg, den der Abend dem Dichter und der Darstellung brachte,
1973 3688 3202 3768 „Tebendige Stunden“, vier Einakter von Arthur Schnitzler.
607 3723 1899 3788 war ein starker. Der Wiener Poet hat unter dem Gesammttitel des ersten
1970 3743 3192 3820 Ein echter Schnitzler=Abend. Lebensphilosophie, Causerie, Groteske,
603 3778 1898 3837 Stückes vier Einakter von Werth vereint. „Literatur,“ der Name des
1905 3794 3196 3869 Poesie und witzige, wenn nicht blendende Aperaus: jedes in seiner Art
610 3813 1895 3876 Schlußschwankes hätte dem Abend die bezeichnendere Signatur gegeben:
1913 3830 3180 3902 geschickt behandelt und alles wiederum in seiner Summe von einem ge¬
608 3844 1897 3918 es ist wirklich Literatur, was da den Inhalt der ersten beiden Schauspiele
1914 3856 3191 3944 staltungskräftigen Formtalent zu starken Wirkungen und Pointen heraus¬
605 3896 1906 3956 „Lebendige Stunden“ und „Die Frau mit dem Dolche“ bildet.
1902 3910 2147 3962 gearbeitet.
2129 3912 3192 3984 Elegant gearbeitete Sachen, fein ziselirt oder apart
613 3931 1901 3976 Dann kam die Sensation des Abends: nach dem Voraufgegangenen ein
1908 3952 3193 4029 in der Form, mit Liebhaberwerth. Das ist nicht wenig. Die vier
604 3956 1902 4032 überraschender Aufschwung in rein dichterische Höhen: das Schauspiel
1907 3975 2168 4041 verschiedenen
2151 3982 2351 4036 Einakter
2433 3995 3192 4071 sind nicht gleichwerthig." Der erste,
617 4005 1892 4074 „Die letzten Magken,“ eine durch die Feinheit der psychologischen
1915 4026 3171 4098 „Lebendige Stunden“ ein Schauspiel genannt, ist eine knappe pfycho¬
612 4044 1894 4099 Motivirung und die Kraft der poetischen Ausgestaltung gleich verblüffende
1897 4062 2462 4110 logische Skizze in Dialogform.
2491 4055 3179 4143 Das zweite kleine Schauspiel „Die
616 4082 3182 4184 Studie, die es allein wohl verdient, daß wir uns mit der jedenfalls 1 Frau mit dem Dolche“, ein Capriccio. Schnitzller frappirt durch
