3484 4256
1957 200 2427 301 box 21/5
275 205 1965 311 16.1. Lebendige Stunden zpklus
634 492 719 588 S
177 587 1843 686 llt sich heraus,trastwirkung stels im Auge behielt. Aber immerhin ist dies
181 627 578 706 d in der Musik ein
584 649 1430 727 Stück wohl das wertvollste in der Reihe.
229 681 574 742 haben so lange
686 696 1835 787 Herr Bassermann zeigte wieder seine erstannliche
190 725 579 784 fangenden sich von
572 724 1832 830 Wandlungsfähigkeit. Fren Triesch war in dem Traumspiel
187 771 570 833 einer Kunst, die
569 776 1833 871 „Die Frau mit dem Dolche“ von großer und schöner Leiden¬
174 809 573 876 s- und Gedanken¬
576 833 1824 917 schaftlichkeit, Herr Kurt Stieler trat in die Rollen Rudolf
177 860 581 922 chnik ist erloschen;
576 872 1825 956 Rittners ein und zeigte viel schlichte Natürlichkeit. Herr
183 906 572 962 immer an solchen
568 912 1833 1011 Reicher als sterbender Journalist Rademacher blieb seiner
178 955 1824 1049 man mit Recht den Rolle nichts von ihrem Empfindungsgehalte schuldig. Die
198 993 1826 1085 denn wenn sie Regie war nicht immer gewandt geung. Das zweite Stück
180 1033 1327 1129 hien großen Inhalt litt unter einer starken Verzögerung.
195 1077 562 1136 haben: sie hatten
1614 1074 1787 1155 M.=F.
188 1109 579 1192 lich Kunstfertsgkeit.
191 1164 561 1235 auf der technischen
177 1209 570 1272 heistigen Reichtum,
174 1258 567 1312 ern berufen sind.
187 1297 564 1358 erhart Hauptmann
205 1339 573 1399 sein Tiessinn ist
1254 1341 2075 1465 1 (2 0)0 Cheater und Musik.
188 1375 567 1446 een“ zuliebe die
187 1423 560 1487 mit viel größerer
1373 1412 2199 1497 Schnitzlers „Lebendige Stunden“,
187 1468 559 1545 eine Gedanken sind
1247 1472 2331 1553 die vier Einakter, die schon vor ein paar Jahren am
183 1512 565 1579 cht seine Themata
1258 1538 2328 1596 Deutschen Theater gespielt worden sind, wurden
178 1552 553 1622 ln, in die andere
1262 1595 2334 1629 gestern wieder ausgenommen. Das erste Stückchen,
206 1601 555 1670 zen Blick, werfen.
1257 1611 2334 1673 das dem Ganzen den Namen gab, ist durch einen
206 1641 553 1710 aber wenn wir
1263 1652 2335 1730 anderen, allerdings auch schon gespielten Ein¬
182 1684 557 1764 iesen abgelegenen
1814 1694 1862 1747 „
1266 1699 2330 1768 akter „Der Puppenspieler“ ersetzt worden. Ein
180 1733 543 1797 s zurück, in dem
1264 1743 2337 1805 feines Konversier=Stück; es zeigt einen halb genialen,
173 1778 553 1843 en werden zum
1265 1811 2339 1855 halb erhabenen und halb gescheiterten Menschen, der
176 1818 553 1888 nach dem großen
1267 1838 2336 1899 das Schicksal anderer glaubt lenken zu können, aber
189 1857 544 1949 pricht, was in
1267 1882 2342 1938 selbst die Drahtpuppe seiner Pläne, ein Spielball der
1267 1914 2347 1988 Lebenswoge wird. Gleichgültig, wie bei der ersten
173 1926 549 2016 ben“ ist vor sechs
1274 1961 2334 2030 Aufführung, blieb „Die Frau mit dem Dolche“, der
178 1988 550 2072 nischen Theater“
1270 2012 2332 2074 Seelenwanderungs=, der Traum= oder Ahnungsakt.
196 2046 549 2112 das erste Stück,
1271 2063 2347 2117 Es ist ein Trick, ein Taschenspielerstückchen.
222 2083 540 2145 durch die auch
1268 2101 2338 2179 Neben dem nachdenklichen „Die letzten Masken“ wirkt
183 2136 532 2203 penspieler“
1279 2135 2337 2208 ganz frei, ganz lebendig und überströmend
184 2173 546 2237 „Die Frau
1273 2190 2341 2241 das letzte Werk „Literatur“ sicherlich eines der
168 2211 537 2281 nMasken“;
1272 2232 2336 2305 feinsten, behendesten und geistreichsten Lustspiele der
171 2254 530 2336 Literatur“.
1277 2276 2339 2331 neueren Zeit. Es ist schlechthin meisterlich in allen
169 2306 539 2370 lüick, „Die letzten
1271 2320 2333 2389 seinen Teilen; vollendet in der wundervollen, nichts
183 2347 537 2415 Todes ergreifend
1267 2371 2347 2427 übertreibenden Gegenüberstellung von Kunstbohème
176 2395 539 2455 kt allerdings die
1264 2412 2353 2476 und wohleingesetzter, ein wenig bornierter, aber auch
187 2442 545 2503 und mau kann
1278 2457 2098 2518 angenehm „sauberer“ Klassenvertretung.
176 2484 542 2562 eabsichtigte Kon¬
1335 2484 2334 2563 Herr Bassermann ist der eigentliche Träge
1272 2546 2350 2599 des Abends. Was er in den drei sehr verschiedenen
1283 2582 2353 2644 Rollen des Abends leistet, ist schlechthin genial in
1278 2626 2348 2702 der Menge unendlich feiner, schillernder Züge,
1274 2673 2349 2738 mit denen er seine Gestalten umgibt, die wie die
1280 2734 2342 2774 tanzenden, huschenden Lichter des Mittags alles um¬
1287 2768 2355 2832 spielen und umglitzern. Nur das Leben selbst
1282 2805 2357 2865 ist, was den Reichtum der Gestaltung angeht,
1280 2854 2350 2902 mit dem tiefmelancholischen „innerlichen“ Dichter des
1270 2890 2357 2951 ersten Aktes oder der bis in die letzten Fingerspitzen
1286 2936 2348 2998 ausgefeilten „Aristokraten“=Gestalt des letzten Stückes
1276 2981 2351 3051 zu vergleichen. An Disziplin, an zusammenraffender
1279 3024 2361 3096 Kraft steht selbstverständlich die Wirklichkeit hinter den
1278 3067 2354 3130 Leistungen eines großen Künstlers unendlich zurück.
1345 3115 2361 3169 Der zweite, ganz ausgezeichnete Charakteristiker
1279 3154 2357 3226 des Abends ist Herr Forest. Er gibt in den
1282 3207 2358 3271 „Letzten Masken“ komisch und rührend zugleich einen
1280 3243 2354 3313 Komiker im Spital, der noch kurz vor dem Tode,
1294 3285 2358 3356 ohne eine Ahnung seines baldigen Endes, seine
1292 3336 2352 3397 „Wirkungen“ an anderen Todeskandidaten sucht
1863 3376 2350 3438 gab in „Literatur“
1775 3384 1872 3434 Er
1277 3382 1758 3458 und zusammenträgt.
1286 3419 2346 3496 eine ganz neue Spielart des Bohème=Schrift¬
1301 3458 2357 3535 stellers, einen halb verdumpften, tranigen
1297 3510 2363 3585 Müffel, der eine Nur=Literatur =Existenz mit
1303 3549 2363 3619 einer merkwürdigen Unfähigkeit, im Leben selbst
1299 3592 2363 3669 Geschmack zu haben, verbindet, dessen „Poesie“ das
1299 3648 2351 3702 animalisch schmatzende Behagen des Trieb=Menschen
1296 3674 2375 3761 wird. Gegen diese beiden Darsteller verschwanden
1307 3733 2006 3824 die anderen des gestrigen Abends.
1918 3760 2311 3857 Paul Mahn.
