3392 4224
229 223 1872 316 16.1. Lebendige Stundenzuklus
824 1030 1282 1145 Telephon 12801.—
449 1122 1671 1248 Alex. Welgl’s Unternehmen für Zeitungs-Ausschnitte
701 1184 1607 1345 „UBSERNEP“
1463 1242 1719 1338 Nr. 2
342 1333 1766 1443 " I. österr. behördl. oonc. Buréau für Zeitungsberichte u. Personalnachrichte
615 1388 1546 1481 Wien, I., Concordiaplatz 4.
367 1444 1783 1545 Vertretungen in Berlin, Budapest, Chicago, Genf, London, Newyork, Paris, Ror
717 1510 1441 1584 Stockholm, Kristiania, St. Petersburg.
933 1584 1708 1709 Tossische Zeitung, Berlin
865 1652 917 1713 00
351 1660 859 1752 Ausschnitt aus:
359 1771 974 1914 vom:
530 1989 1050 2055 Dese Auffahlung nicheesint..
552 2018 1702 2096 Wien, 15. März. (Eig. Mitth.) Bernhard Shaws „Teufels¬
523 2079 1694 2140 kerl“ eine magyarische Bauernkomödie, „Wein“, eine Satire auf
525 2120 1677 2173 die Aristokratie von Fuchs=Talebs Edelfäule“ 'und ein Viertel¬
535 2153 1693 2212 dutzend anderer Neuigkeiten der letzten Wochen haben so rasch in
529 2194 1693 2249 der Gunst der Theaterjünger abgewirthschaftet, daß Ihr Chronist
526 2230 1690 2287 sich jedes Wort des Nachrufs sparen kann. Arthur Schnitzler
524 2277 1700 2322 hat mit seinen Gesellschafts=Stücken „Liebelei“ und den „Leben¬
533 2323 1695 2370 digen Stunden“ in Berlin beinahe mehr Glück gehabt als in
531 2355 1700 2405 Wien, jedenfalls ist er dort früher zur Geltung gelangt als da¬
1265 2393 1699 2444 nicht zum Segen des
535 2397 1210 2456 heim. Das Burgtheater hat kürzlich
1250 2423 1698 2496 „Liebelei“ dem Rai¬
525 2433 1201 2486 Antors und des eigenen Spielplans
528 2465 1690 2522 mund=Theater und Frau Niese zur Aufführung überlassen.
523 2513 1692 2568 Die „Lebendigen Stunden“, im Vorjahr mit Hejermanns
536 2543 1698 2601 „Hoffnung“ die Haupteinnahmequelle beim Gastspiel des Deut¬
1248 2585 1769 2640 haben leider niemals elns
516 2590 1254 2650 schen Theaters in der Leopoldstadt,
402 2605 508 2684 Für
521 2630 1764 2679 eine Heimath in der Burg gefunden. Ein Jahr nach dem ort
518 2664 1763 2717 starken Kassenerfolg der Berliner versuchte das Deutsche Volks= Jhld
440 2674 510 2735 „
512 2710 1759 2768 theater noch einmal, ob und wieviel mit dem Zyklus zu holen sei. Ve
443 2720 507 2775 „
516 2750 1699 2805 Künstlerisch blieb Hr. Kramer erheblich hinter Hrn. Bassermann
440 2766 491 2809 „
520 2769 1764 2832 Hr. Weiße hinter Hrn. Reinhart zurück und nur Frl. Sandrock ist
445 2800 497 2861 „
517 2819 1772 2869 wetteiferte siegreich mit Frl. Triesch. Wie weit die Zugkraft der it e
429 2859 1738 2918 Abor Leute vom Volkstheater mit den — wie Laube sagte — Reizungen“n.
420 2885 1702 2963 Abol der Gastspieler vom Berliner Deutschen Theater sich wird messen
521 2937 1760 2992 können, wird die Zukunft lehren. Jedenfalls wäre das Burg=ten
517 2986 1758 3027 theater besser in der Lage gewesen, „die letzten Masken“ und or
437 3015 1768 3080 Inha „Literatur“ zu besetzen. Wie lange Schnitzler und unsere erste Zeil
440 3046 1758 3130 b13 Bühne noch mit einander schmollen werden, wissen wir nicht. Zu ehn
433 3086 1822 3164 woc Schaden kommen dabei gleicherweise Schauspieler und Theater=diese Mi
439 3139 1702 3195 Lebe gäste, Kasse und Direktor. Es wird also allgemach unvermeidlicher
439 3180 1697 3233 thei Weise zum Frieden kommen. Einstweilen scheinen die Streittheile
527 3217 1352 3274 freilich noch nicht „des langen Haders müde“.
559 3318 1697 3377 Wien, 16. März. (Eig. Drahtber.) Heute gelangte der
517 3368 1705 3423 Bauernfeld=Preis zur Entscheidung. Arthur Schnitzler er¬
523 3407 1699 3467 hielt ihn für seinen Einakterzyklus „Lebendige Stunden“ („Lebendige
528 3456 1700 3527 Stunden“ „Die Frau mit dem Dolch“, „Die letzten Masken,
522 3482 1378 3572 „Literatur"). Der Preis beträgt 4000 Kronen.
2036 214 2483 307 box 21/4
2334 702 2793 790 Telephon 12801.
1963 804 3179 878 Alex. Weigl’s Unternehmen für Zeitungs-Ausschnitte
2205 862 3115 1011 „OBSERWEP“
2869 919 3243 1015 Nr. 47
1841 974 3271 1080 I. östreshdhüre#pbnc. Bureau für Zeitungsberichte u. Personalnachrichten
2121 1064 3020 1145 Wien, I., Concordiaplatz 4.
1856 1119 3278 1191 Vertretungen in Berlin, Budapest, Chicago, Genf, London, Newyork, Paris, Rom,
2218 1179 2921 1242 Stockholm, Kristiania, St. Petersburg.
1760 1290 2369 1383 Ausschnitt aus:
2460 1348 3223 1490 Reichspost, Wien
1845 1433 2486 1552 vorsr (U## (yo
1943 1787 2828 1960 Theater. Kunst und Musik.
1932 1914 2902 2022 — Deutsches Volkstheater. Artur Schnitzler
1858 1966 2896 2075 brachte Samstag unter dem Titel „Lebendige
1871 2026 2895 2106 Stunden“ einen Einakterzyklus zur Aufführung,
1855 2061 2893 2143 dessen inneren Zusammenhang niemand ergründen kann;
1860 2110 2898 2197 denn wo nichts ist, da kommt auch nichts hin. In dem
1852 2162 2893 2240 ersten Einakter, der den Namen des ganzen Zyklus
1859 2197 1993 2253 trägt,
2006 2206 2889 2281 erzählt ein pensionierter Beamter (Herr Mar¬
1861 2247 2888 2336 tinelli) einem jungen Dichter (Herr Greisendörfer),
3055 2262 3263 2323 inclusive
2901 2289 3036 2347 28.—
1851 2291 2881 2371 daß dessen kranke Mutter, zu der er auch in in¬
3060 2313 3226 2359 Porto.
2900 2329 3031 2383 50.—
1855 2335 2874 2402 timeren Beziehungen stand, sich vergiftet habe, damit
3054 2348 3239 2401 Zahlbar
2884 2359 3038 2417 110.—
1861 2372 2876 2450 der Sohn in seinem Dichten nicht gehindert werde.
2890 2386 3266 2468 200. — im Voraus.
1852 2414 3273 2516 Der Dichter seufzt anfangs bei dieser Entdeckung, sausschnitte ist das
1854 2468 2882 2533 schließlich aber scheint ihm die Ursache des Todes
2904 2495 3267 2548 auch steht es den
1850 2516 3161 2607 seiner Mutter gleichgiltig geworden zu sein. Un=der zu ändern.
1845 2560 2876 2632 natürlich! Herrn Martinellis Leistung war vortrefflich.
1849 2591 3273 2679 Was das zweite Schauspiel „Die Frau mit demliszug enthaltend die
1845 2632 3265 2722 Dolche“ besagen will, hat das Publikum nicht iener Morgen¬
1848 2685 3259 2759 verstanden; man wollte aber „nix ungebildet“ er=Iid „Wiener Zeitung“)
2873 2738 3271 2792 und wirchschaftliche
1857 2723 2856 2795 scheinen und klatschte Beifall, den wohl die Dar¬
2849 2778 3264 2843 Iten wird. Diese Mit¬
1855 2767 2868 2850 stellung, nicht aber das Stück mit dem blutigen Titel
1844 2813 2880 2891 verdiente. Der folgende Einakter, „Die letzten
1833 2858 2868 2945 [Masken“, bot ein getreues Bild aus dem Leben
1831 2896 2247 2965 des Krankenhauses.
2852 2878 2944 2978 10.
2246 2913 2861 2976 Ein talentierter aber armer
1844 2941 2075 3005 Journalist
2090 2948 2858 3022 (Herr Weiße) liegt im Allge¬
1840 2983 2315 3052 meinen Krankenhause,
2361 3000 2477 3056 das
2627 3004 2869 3065 lebend
1850 3023 2877 3111 nicht mehr verlassen wird. Vor seinem Tode will er
1847 3079 2868 3163 noch seinen Jugendfreund Weihgast (Herr Kramer) einen
1837 3118 2863 3201 berühmt gewordenen Dichter sprechen, um an letzteren
1826 3150 2864 3238 durch die Mitteilung, daß dessen Frau einstens seine
1831 3210 2851 3282 Geliebte gewesen, Rache zu nehmen. Doch als Weih¬
1838 3244 2865 3336 gast ihn besucht, sagt er ihm nichts. Mit diesem Stücke
1839 3296 2864 3387 konnte man sich noch befreunden, da die Personen
1833 3334 2855 3413 dem Leben entnommen sind und die Darsteller ihre
1830 3382 2859 3462 Aufgabe sehr gut gelöst hatten. Nach all diesen
1828 3423 2863 3507 Schauspielen, die uns Furcht vor einer weiteren
1831 3471 2854 3537 Tätigkeit des Herrn Schnitzler auf diesem Gebiete
1828 3519 2861 3588 eingeflößt hatten, kam als vierter Einakter das Lust¬
1819 3550 2854 3632 spiel „Literatur“ wo in derber Form das Schaffen
1823 3590 2854 3690 gewisser Kaffeehausliteraten geschildert wird. Und
1821 3645 2851 3711 das Fazit? Der Beifall der „Freunde“ rief den Ver¬
1829 3691 2866 3781 fasser wohl vor die Rampe, doch dies beweist noch
1814 3731 2334 3800 lange nicht einen Erfolg.
