3484 4320
2011 184 2476 271 box 21/5
311 178 2017 289 16. 1. Lebendige Stunden ZykIus
1652 1073 1738 1157 67
1145 1179 2237 1270 war er zurückgekehrt, sie gestand und wählte zwischen dem
1149 1257 2236 1317 Leben ihres Geliebten und dem ihres Mannes durch den
1152 1300 2228 1358 Dolch. Und die junge, sensible, moderne Frau, die tief
1144 1345 2222 1420 versonnen vor jenem Bilde steht, kündigt plötzlich dem Ge¬
1157 1391 2229 1453 liebten die verhängnisvolle Schäferstunde an, — die mutige
1148 1451 2224 1509 Entschlossenheit der „Frau mit dem Dolche“ ist über sie ge¬
1157 1485 2222 1554 kommen ... Sie wird sich dem Geliebten ergeben, heute
1148 1533 2222 1604 Nacht, sie kann nicht anders, sie handelt unter einem un¬
1145 1595 2227 1655 widerstehlichen Drange, — aber sie weiß: nach dieser Schä¬
1160 1640 2149 1705 ferstunde korimt das Schicksal, die Sintflut, der Dolch .
1154 1692 2219 1750 Und doch geht sie zu ihm. Sie muß. Es ist ihr beschieden,
1142 1747 2216 1824 wie jener dort in dem goldenen Bilderrahmen des Mu¬
1153 1791 1414 1865 seums.
1234 1816 2217 1902 „Die letzten Masken“ hat Arthur Schnitzler in
1147 1901 2225 1974 Teplitz=Schönau vor dem Publikum des „Teplitz=Schönauer
1146 1949 2218 2011 Leseklubs“ selbst vorgelesen. Erinnern wir uns noch ein¬
1146 1988 2222 2057 mal an diese tief ergreifende Szene, in der uns der ideale
1151 2040 2208 2101 Realist in ein Gemach des Wiener allgemeinen Kranken¬
1142 2099 2224 2169 hauses führt. Ein Journalistenleben will dort gerade zu
1141 2154 2223 2213 Ende gehen. Der Journalist Rademacher hat viele Jahre
1149 2197 2213 2258 anderen Leuten gedient, den Ruhm anderer Leute verkün¬
1140 2242 2218 2309 digt, die Ueberzeugung anderer Leute verfochten. Journali¬
1152 2285 2213 2346 stenlos. Nun liegt er sterbend im Spitale, wie — Christus
1146 2341 2207 2404 am Kreuze, dem die schadenfrohe Menge cynisch zurief:
1143 2391 2214 2447 „Anderen hat er geholfen, sich selber kann er nicht hel¬
1147 2434 2217 2495 fen . . .“ Da packt ihn der durch Jahre niedergehaltene
1137 2477 2228 2549 Grimm, der Eckel vor einem Berufe, der ihn zwang, Dinge
1134 2534 2212 2593 zu vertreten, an die er selbst nicht glaubte. Kümmerlich
1136 2586 2203 2645 und seines ganzen Wesens unwürdig war sein ganzes Le¬
1138 2632 2201 2695 ben gewesen. Andere stiegen auf, — Glückskinder, Stre¬
1132 2669 2210 2740 ber, Glaubens= und Ueberzeugungslose. Er wanderte im¬
1134 2728 2203 2778 mer in den Niederungen des Lebens. Die ganze Verbit¬
1146 2774 2213 2840 terung der Jahre bäumt sich in ihm auf, morgen ist er
1145 2818 2208 2893 tot, er weiß es, heute will er sich rächen wegen seines ver¬
1130 2869 1853 2928 lorenen Lebens. Morgen ist er tot,
1845 2876 2208 2941 — es graut keine
1143 2923 2206 3000 Stunde mehr, in der er sich dieses Racheaktes zu schämen
1129 2981 2216 3038 brauchte. Dem Schriftsteller Weihgast, seinem Freunde,
1129 3024 2216 3087 will er den Vorwurf eines mühseligen, zeriretenen Lebens
1141 3064 2210 3129 ins Gesicht schleudern. Er will ihm sagen, wie nichtig der
1132 3126 2157 3190 Ruhm ist, den sich jener erstrebt und erschlichen hat, —
