3484 4320
456 172 1673 254 NeIOWien, IX/1, Türkenstrasse 12.
820 242 1490 315 — Filiale in Budapest: „Figyelö“ —
446 306 1870 368 Vertretungen in Berlin, Chicago, Genf, London, Newyork, Paris, Rom, Stockholm.
433 433 944 524 Ausschnitt aus:
1693 467 1802 544 3
1096 423 1379 563 Salalunr
1536 469 1716 565 7
443 573 881 663 von: 4/  003
663 745 1279 846 Theater und Kunst.
512 811 1523 888 Schnitzlers „Lebendige Stunden“ standen
452 867 1520 941 ins=noch vom Sommer her in bester Erinnerung.
460 915 1525 982 de drei Einakter wurden damals von dem hier
461 953 1523 1022 jastierenden Burgtheater=Ensemble, das, nebenbei
460 1011 1507 1049 emerkt, keineswegs aus Sternen erster Größe be¬
449 1037 1525 1094 tand, ganz vortrefflich aufgeführt. Nicht, daß uns
452 1092 1513 1164 lußerordentliche Leistungen geboten worden wären,
457 1130 1519 1198 iber die kleine Künstlerschar war wie ein Akkord
452 1175 1512 1233 usammengestimmt und ergänzte sich gegenseitig
462 1220 1513 1284 o wunderbar, daß das Ensemble durch seine Kon¬
456 1269 1525 1332 ormität allein schon eine ausgezeichnete Wirkung
445 1315 1528 1374 irzielte. Das zeigte sich ganz besonders bei dem
424 1341 1607 1396 britten der drei kleinen Stücke: „Literatur“ 15.—)
1634 1370 1835 1435 inclusive
441 1367 1617 1460 dem inhaltlich gewagtesten, das nur durch eine dis¬ 28.—
1650 1414 1816 1463 Porto.
1481 1429 1601 1478 50.—
447 1441 1597 1501 trete Darstellung mundgerecht gemacht werden 10.—
1625 1447 1829 1503 Zahlbar
445 1491 1860 1561 kann. Unsere heimischen Kräfte bestanden da die 00.—] im Voraus.
433 1521 1871 1602 Probe nicht; sie schlugen einen Ton an, der nichts ausschnitte ist das
435 1585 1879 1649 veniger als fein war und wurden zu trivial. Da- auch steht es den
427 1618 1749 1685 gegen imponierten uns in „Die letzten Mas¬er zu ändern.
439 1661 1507 1704 ken“ Herr Gerhard in der Rolle des schwind¬
440 1687 1874 1769 süchtigen Schauspielers Weihgast. Er gab sie mit szug enthaltend die
426 1743 1867 1803 einem dem Leben abgelauschten, ja geradezu un= ener Morgen¬
436 1783 1861 1837 heimlichen Realismus. Auffassung und Durchfüh= „Wiener Zeitung")
427 1828 1874 1875 rung verrieten den denkenden Darsteller, der sich ind wirthschaftliche
424 1863 1869 1931 nicht mit einer oberflächlichen Zeichnung des von ## wird. Diese Mit¬
427 1904 1501 1981 ihm wiederzugebenden Charakters begnügt; was
441 1957 1508 2021 uns Herr Gerhard bot, war eine fein ausgearbeitete
443 2023 1511 2111 psychologische Studie, oie durch ihre Lebenswahr¬
440 2079 1500 2145 heit erschütternd wirkte. Weniger glücklich war
435 2115 1504 2200 Herr Kneidinger mit dem Journalisten „Rade¬
439 2163 1499 2226 macher“. Wir erkannten diese Rolle, die im Som¬
433 2190 1493 2285 mer von dem Hofburgschauspieler Löwe meister¬
433 2241 1502 2329 haft gegeben wurde, nicht wieder. Bei Kneidinger
431 2299 1484 2364 war Alles Oberflächlichkeit, flüchtige Provinzschau¬
428 2333 1486 2413 spielermache, auch nicht Ein Zug ins Große. Vor¬
425 2386 1499 2441 züglich war Frau Hoppé in der kleinen Episode
427 2425 1487 2502 der Wärterin Paschanda. „Die Frau mit dem
426 2454 1496 2542 Dolche“ haben wir leider versäumt. Doch wurde
430 2502 1490 2576 uns allseitig versichert, daß Fräulein Hahn als
426 2551 1488 2628 „Pauline“ ganz ausgezeichnet gewesen und in Herrn
430 2601 1495 2688 Gerhard einen ebenso vortrefflichen Partner ge¬
413 2635 834 2699 funden haben soll.
485 2688 1498 2770 Am Montag wurde wieder einmal nach langer
416 2728 1484 2806 Zeit E. Henles Preislustspiel „Durch die In¬
407 2771 1486 2856 tendanz“ gegeben. Das Stück ist heute zweifel¬
410 2827 1488 2897 los schon stark antiquiert, immerhin kann es bei
404 2860 1477 2946 guter Darstellung noch auf einen Achtungserfolg
409 2908 1477 2967 rechnen. Daß ihm dieser versagt blieb, daran trägt
401 2946 1473 3026 wohl nur die Aufführung schuld, die mit wenigen
412 2989 1479 3073 Ausnahmen Alles zu wünschen übrig ließ. Zu
394 3041 1477 3117 diesen Wenigen zählen Herr Gerhard (Hans
393 3094 1469 3150 Waldau), Frl. Laval, welche den Backfisch „Hed¬
404 3124 1474 3189 wig“ allerliebst gab, und Herr Kneidinger als
403 3175 1469 3234 „Journalist Strohberger“. Frl. Laval sollte wirk¬
394 3209 1470 3295 lich besser beschäftigt werden; sie eignet sich für das
402 3254 1475 3339 Fach der Hypernaiven sehr gut und besticht zudem
399 3309 1455 3376 auch durch die Jugendfrische ihrer Erscheinung.
391 3347 1469 3409 Daß Frl. Wunsch als Anstandsdame und Mutter
399 3394 1464 3452 nicht ausreicht, wissen wir längst. Weshalb hat
396 3432 1455 3516 man die „Freifrau v. Kuhn“ nicht Frau Seyfferth
388 3485 1465 3567 zugeteilt, die doch um vieles besser am Platze ge¬
391 3525 1451 3584 wesen wäre. An sogenannten Kunstpausen gab es
391 3568 1463 3639 an diesem Abende die schwere Menge. Die meisten
393 3608 1456 3685 Darsteller schienen an chronischerGedächtnisschwäche
392 3658 1452 3734 zu leiden. Es war mitunter ein rechter Jammer,
387 3694 1461 3778 unter welchem das Publikum wohl am meisten zu
378 3729 678 3803 leiden hatte.
965 3787 1059 3851 —
520 3846 1461 3923 Aus Innsbruck wird uns geschrieben: Am 15.,
376 3877 1448 3952 16., 17. u. 18. d. wird hier die kgl. bayr. Hofschauspielerin
380 3913 1452 3993 Emma Berndt aus München in Schillers „Maria
375 3968 1434 4024 Stuart“. Shakespeares „Komeo und Julia“ und Mocter¬
371 3996 1440 4067 lincks „Monna Vanna“ gastieren. — Das hiesige Theater
370 4038 1444 4111 soll zwecks Unterbringung des Fundus einen Zubau er¬
366 4063 1448 4153 halten und zwar soll selber gegen die Stadtsäle hin zu
374 4105 681 4163 stehen kommen.
2234 175 2457 228 retungen in
2471 184 3403 250 erlin, Chicago, Genf, London, Newyork, Paris, Rom, St
2137 296 2634 385 Ausschnitt aus:
2797 331 3404 455 Linzer Tagespost
2122 437 2579 537 von% 3
2803 618 3246 701 Salzburg, 9. Jänner.
2196 670 3272 733 Das neue Jahr begann mit einer ziemlich gelungenen Auf¬
2096 718 3280 784 führung der Millöckerschen Operette „Das verwunschene Schloß“.
2090 765 3283 820 Die Hauptursache des Vergnügens bildete Herr Resni als „dalkoda
2098 805 3278 860 Andredl“ welcher in seiner übermütigen Stimmung so heitere Einfälle
2093 840 3269 895 hatte, daß nicht nur die Galerie sondern auch die Besucher des Par¬
2102 886 3272 932 quetes lachen mußten. Neben ihm nahm der Sepp des Herrn Willian
2102 922 3274 977 durch seine Steifheit, Humorlosigkeit und hochdeutich klingende Aussprache
2094 954 3282 1014 keine komische Stellung ein. Einen günstigen Eindruck machte Frau
2103 996 3286 1056 May als Regerl und Fräulein Hannak in der Partie der Coralie, da¬
2097 1033 3271 1089 gegen bestärkte Fräulein Czako die gerechte Abneigung, welche man
2092 1072 3279 1131 gegen sie empfinden muß als Mirzl nur neuerdings. Die Vorstellung
2093 1113 3274 1158 war nicht genügend einstudiert, es kamen recht unglückliche Schwankungen
2105 1152 3276 1200 und Dissonanzen vor, die wir bei dem sonst sehr tüchtigen Kapell¬
2097 1189 3270 1244 meister Herrn Stolz nicht gewöhnt sind. Im Sommer machte uns
2092 1225 3279 1272 ein Burgtheater=Ensemble unter Leitung des Herrn Heine mit dem
2099 1276 3280 1315 Einakterzyllus Schnitzlers „Lebendige Stunden“ in einer tadel¬
2097 1307 3279 1359 losen Weise bekannt. Die „Lebendigen Stunden“ sind uns jetzt wieder
3301 1326 3399 1380 Zahl
2091 1342 3270 1391 geboten worden, aber sie waren teilweise nicht wieder zu erkennen.
3267 1362 3405 1425 im Vo
2095 1383 3274 1440 Schnitzler verlangt eine innige gegenseitige Fühlungnahme; und gerade
2100 1422 3413 1481 dieses Hauptmoment hat der letzten Aufführung gefehlt. Das erste nitte i
2106 1458 3401 1515 Schauspiel „Die Frau mit dem Dolche“ wird bei uns, solange man steht
2098 1502 3398 1557 die dekorativen Forderungen so primitiv befriedigt, selbst bei brillanten jndern.
2103 1539 3274 1592 schauspielerischen Leistungen nie das richtige Verständnis und den ge¬
2107 1569 3411 1644 bührenden Beifall finden. Fräulein Hahn war als Pauline mit dem nthalten
2111 1615 3407 1679 Wesen des Werkes nicht schlecht vertraut, und auch die Herren Gerhard Mor
2103 1656 3407 1718 (Leonhardt) — von einigen Temperamentspurzelbäumen abgesehen — ger Zeit
2099 1689 3410 1762 und Varndal als Remigio kamen mit Geschick der romantischen Stim- rthschaf
2102 1731 3404 1804 mung des Schauspieles nahe. Die total verpfuschte Szenerie jedoch schadete j. Dies
2090 1771 3271 1822 der Darstellung empfindlich. Bei den „Letzten Masken“ wäre aller¬
2089 1811 3278 1874 dings eine Störung des Stimmungszaubers nicht zu befürchten, dafür
2088 1871 3276 1913 hat Herr Kneidinger aus dem scharfsatirischen und weltverbitterten,
2086 1888 3282 1958 doch energischen Rademacher einen jammernden Einleger. So
2086 1927 3283 1977 gut der Realismus des Herrn Gerhard als Florian Jackwert
2100 1963 3297 2013 war, allein konnte er das Stück nicht halten. Auch Herr¬
2099 1999 3279 2050 Hoppé schilderte das weibische Wohlwollen des Weihgast viel zu
2097 2039 3282 2097 hart und trocken. Das Lustspiel „Literatur“ ödete einen in diesem
2102 2083 3283 2134 schleppenden Tempo, wie es gebracht wurde, direkt an. „Alt Heidel¬
2103 2118 3295 2182 berg“ gab der großen Menge wieder Gelegenheit, ihren sentimen¬
2101 2167 3273 2218 talen Bedürfnissen zu frönen. Diese verlogene Jammerkom###scheint
2092 2200 3278 2258 unter einem direkten Schutze jener geschmackvollen Menschon zu stehen,
2090 2261 3255 2329 welche die Marlit noch immek für einen kleinen Klafikr hälte“
2097 2327 3264 2386 Sogar Rezensenten gibt es bei uns, welche in Aufregung geraten
2095 2363 3256 2407 wenn man in das Alt Heidelberger=Beifallsgejohle nicht mit einstimmt.
2095 2396 3264 2442 Herr Digruber ist mir durch seinen drastischen Lutz noch um vieles
2097 2434 3262 2494 sympathischer geworden. Bei dem beinahe vollkommenen Mangel an¬
2085 2476 3255 2519 Humor tut wirklicher Spaß wirklich wohl. Herr Gerbard gab den Erb¬
2092 2509 3256 2556 prinzen mit Vornehmheit, burschiloser Laune und Rührseligkeit.
2087 2553 3261 2610 Frl. Martinelli ist als Käthi ganz temperamentvoll. Herr Hoppé
2087 2592 3093 2645 hat die Komödie gut inszeniert und mit den schwachen Mitteln
2092 2631 3041 2690 wertes geleistet. Dies gilt besonders von den Ensemble¬
2084 2669 3031 2723 kann mir den Grund nicht erklären, warum das ulte P
3260 2679 3298 2728 152
2095 2709 3030 2764 der Henle „Durch die Intendauz“ an das Rampa
2103 2740 3029 2803 wekin muß.. In naiveren Jeit###mag wohl der Die
2085 2759 3056 2841 mit seinem unfeligen Geschicke seiner Komödie Verehrer
2080 2810 3101 2880 haben, aber heute dürfte doch den meisten diese
3205 2829 3256 2882 1e
2081 2833 3249 2917 Schriftstellerkomödie zu langweilig sein und die Aufführung
2085 2872 3256 2969 dieses Lustspiels wirklich keinem inneren Bedürfnisse entsprechen. Den
2078 2910 3245 3001 Dichter Waldau spielte Herr Gerhord mit einer Süßigkeit, womi man
2079 2960 3252 3038 Backfische füttert. Fräulein Mahaleth gab der Rolle der Marie nicht
2070 2995 3245 3074 die geringste Persönlichkeit. Fräulein Wunsch war als Kommerzien¬
2072 3031 3256 3119 rätin alles eher als ein gefürchteter komischer Drache und Herr Skoda
2062 3050 3247 3156 fühlte sich sichtbar in der Rolle des Baron Rotteck unwohl. Nür
2063 3107 3244 3188 Fräulein Baval war als naseweise Hedwig ganz allerliebst und launig.
2059 3139 3236 3217 Die Begeisterung des Publikums war keineswegs groß, die Anstren¬
2074 3183 3247 3270 gungen der Darsteller achtend, konnte sich der Vorhang nach jedem
2071 3225 3248 3303 Akte einmal heben. Zum Benefiz des Komikers und Charakter¬
2068 3262 3242 3346 darstellers Herr Digruber ging das mit großem Tamtam angekündigte
2065 3298 3240 3370 Charaktergemälde „Vier Tage aus dem Leben Ferdinand
2057 3330 3244 3423 Raimunds“ von Heinrich Jautsch in Szene. Der Kenner weiß
2052 3370 3230 3449 was er von solchen Charaktergemälden und speziell von Jantsch zu
2053 3422 3225 3499 halten hat. Den Laien jedoch wird man doch nicht überzeugen können,
2058 3455 3234 3538 daß das Ganze ein großer Schmarn ist, der mit allem möglichen
2048 3492 3229 3554 Theaterflimmer aufgeputzt ist und dem ahnungslosen Publikum regel¬
2047 3531 3239 3615 recht die Augen einschlägt. Leider hat man sich für die „Vier Tage
2053 3572 3234 3654 aus dem Leben Raimunds“ nicht so intensiv interessiert, wie dies der
2049 3617 3226 3693 tüchtige Künstler Digruber um seinetwillen verdient hätte. An Beifall
2039 3637 3234 3744 und äußeren Ehren hat es dem Benefizianten allerdings nicht gefehlt,
2046 3678 3220 3772 es gab Applaus, Hervorrufe und Kranzspenden in Hülle und Fülle.
2045 3723 3230 3808 Herr Digruber spielte den Raimund mit scharfer Charakteristik und in
2045 3759 3219 3832 einer bereits preisgekrönten Maske. Eine andere Rolle gibt es in dem
2046 3800 3226 3888 Stücke nicht zu spielen, den alles andere dient nur als Staffage. Der
2036 3838 3231 3913 Besuch im allgemeinen hat sich etwas gebessert, doch hat es den An¬
2033 3871 3232 3978 schein, als wäre das Theaterinteresse für heuer bereits tief gesunken,
2040 3923 3223 4002 als habe man das Vertrauen zu den Leistungen unseres Ensembles
2035 3957 3221 4032 beinahe verloren. Hoffentlich ist dies nur eine Täuschung, denn dieses
2024 3990 3219 4073 Resultat müßte man als eine Ungerechtigkeit bezeichnen. Unsere
2026 4024 3223 4116 heurige Saison hat eine große Reihe gelungener Abende aufzuweisen,
2029 4068 3033 4167 welche man über die Zahl der Nieten nicht vergessen darf.
2990 4138 3131 4211 H. S.
3122 4174 3274 4214 Gn Mr
