3392 4224
2054 189 2516 296 box 21/4
249 193 1914 309 16.1. Lebendige Stundenzyklus
2269 412 2714 514 Telephon 12801.
1884 512 3104 598 Alex. Weigl’s Unternehmen für Zeitungs-Ausschnitte
2741 563 3043 669 Dee Ausschnitt
2154 619 3153 718 „OBSENVEN Nr. 30
1759 608 2030 750 Netd
1788 697 3218 814 I. österr. behördl. conc. Bureau für Zeitungsberichte u. Personalnachrichten
2076 760 2967 856 Wien, I., Co.icondiaplarz 4.
1805 812 3226 915 Vertretungen in Berlin, Budapest, Chicago, Genf, London, Newyork, Paris, Rom,
2163 887 2866 965 Stockholm, Kristiania, St. Petersburg.
1801 1017 3143 1143 Ausschnitt aus: Kontagspresse, W
819 1138 970 1233 Tel
1811 1112 2486 1284 vore. 16s3.— 905
451 1215 1654 1315 Alex. Weigl’s Unterner ur Zeitungs-Ausschnitte
1372 1292 1594 1372 Ausschnitt
364 1356 1727 1442 NOIAS „OBSERVER“ Nr. 32
324 1414 1748 1517 L. österr. behördl. conc. Bureau für Zeitungsberichte u. Personalnachrichte
2321 1448 2640 1551 Theater.
1864 1457 1980 1541 S
586 1514 1505 1575 Wien, I., Concondiaplatz 4.
1960 1509 3075 1593 (Denisches Volkstheater.) (Zum ersten Mal „Le¬
340 1571 1741 1646 Vertretungen in Berlin, Budapest, Chicago, Genf, London, Newyork, Paris, Ron
1851 1584 3086 1658 hendige Stunden von Arthur Schnitzler.) Wir
690 1617 1401 1686 Stockholm, Kristiania, St. Petersburg.
1854 1635 3085 1695 schrieben im vorigen Jahre gelegentlich des Gastspiels des
1853 1682 3086 1756 Deutschen Theaters über dies Stück: „In Eckermann's
808 1673 1498 1782 Mantass-Revua (Wien
1857 1737 3078 1797 Gespräthen findet man eine Stelle, die noch immer zum
331 1727 862 1825 Ausschnitt aus:
1862 1785 3081 1837 Beweise des bekannten Goethe'schen „Egoismus“ heran¬
1866 1831 3097 1893 gezogen wird. Die Nachricht vom blötzlichen Tode des
1852 1896 3079 1952 geliebten Sohnes in Italien ist eben nach Weimzar ge¬
335 1861 902 1977 vom: 70/1 (4%7
1858 1934 3069 1998 langt. Eckermann, von dem Schrecken noch ganz ver¬
3061 1953 3246 2024 inclusive
1859 1981 3069 2068 wirrt, wagt es kaum, an diesem Tage zu Goethe zu gehen,
3054 2013 3219 2059 Porto.
1852 2047 3223 2128 aber er findet den Meister wie immer; im Lehnstuhl, Zahlbar
1859 2088 3267 2174 neue Revnen durchblätternd, mit dichterischen Plänen be¬ im Vorags.
482 2053 1504 2212 Theater, Kynst und Literatur.
1864 2146 3278 2219 schäftigt. „So lange wir leben, wollen wir nicht rasten“ e ist das
1867 2195 3281 2273 dieses, das Goethe'sche Wesen ausdrückende Wort gibt zu= eht es den
541 2180 1528 2275 [Deutsches Volkstheater.) Gelegentlich des Gast¬
3054 2239 3157 2302 ern.
448 2238 1548 2312 spieles des Berliner Deutschen Theaters wurde Schnitzlers
1867 2266 3073 2322 gleich die immer giltige Formel des Künstler=Menschen,
1857 2285 3279 2356 zumal des apollinischen Künstlers, dem jedes Erlebnis, altend die
458 2309 1560 2367 Einakter-Cyllus „Lebendige Stunden“ an dieser Stelle
3058 2355 3271 2427 Norgen¬
1861 2354 3063 2411 auch der Tod, sogleich zur gestaltenden Betrachtung wird.
459 2354 1559 2426 eingehend gewürdigt. Der gestrigen Vorführung durch das
1870 2398 3247 2466 Der Drang zum Leben, der sich beim Künstler an jedem Zeitung“
463 2399 1548 2453 Ensemble des Deutschen Volkstheater ist nur gutes nachzur
3076 2437 3283 2487 schaftliche
461 2443 1543 2513 sagen. Frl. Sandrock liet in dem Schauspiele „Die Man
1860 2454 3285 2524 neuen Werke immer wieder leidenschaftlich entfacht, so daß Diese Mit¬
449 2491 1549 2559 mit dem Dolche“ und dem Scherze „Literatur“ ihr reiches
1864 2504 3075 2555 er immerwährender Jugend teilhaftig wird, wie die Frau,
459 2544 1556 2598 Talent frei walten. Erschütterte sie dort durch echte Tragik.
1862 2551 3068 2614 sobald sie sich von neuer Empfindung beglückt fühlt: dieser
453 2592 1534 2654 soerfreute sie hier durch einen sein parodistischen Ton. Ihr
1860 2606 3062 2665 Trieb zur unerschöpflichen Lebensbejahung scheint den
454 2633 1516 2705 sekundierten Direktor Weisse und die Herren Kramer¬
1852 2644 3069 2725 jungen Dichter in dem Dramolet, das dem Schnitzler'schen
446 2688 1520 2750 Kutschera, Martinelli und Brandt in würdiger
1854 2695 3065 2751 Cyklus den Namen gibt, zu erfüllen. Man denkt an ge¬
321 2694 439 2777 Für
1540 2686 1740 2765 inclusive
436 2732 1499 2816 Weise. Arthur Schnitzler war Gegenstand verdienter
1559 2750 1718 2798 Porto.
1863 2741 3067 2804 wisse Briefe des jugendlichen Kleist, in denen sonst ver¬
1553 2769 1726 2835 Zahlbar
438 2780 701 2840 1 5böfdnon.
1859 2797 3074 2865 schwiegenste Dinge laut werden. „... Mein Werk, ich
1378 2789 1536 2859 110.—
434 2826 526 2867 500
1376 2827 1771 2903 200.— im Voraus.
1889 2839 2954 2918 üt' es heimlich wie ein Kind beim Schein der Lampe
413 2859 538 2920 1000
1075 2865 1141 2911 9
1870 2901 3066 2967 „Ich will sterben, wenn mir dies gelungen ist: ein Ge¬
447 2858 1781 2949 Im Gegensatze zu anderen Bureanx für Zeitungsausschnitte ist das
1405 2929 1790 2996 auch steht es den
337 2939 1367 3001 Abonnement durch keine bestimmte Zeitdauer begrenzt;
1860 2942 2567 2995 dicht und eine große Tat ...“.
2583 2941 3073 3007 So furchtbar wirkt
343 2970 1659 3051 Abonnenten frei die aufgegebenen Theinen zu ergänzen oder zu ändern.
1877 2992 3072 3060 dieser Trieb in Jedem fort, der einmal davon befessen
1872 3044 3073 3112 wurde! Stärker noch als jene beiden elementaren Lei¬
449 3029 1775 3114 Der „OBSERVER“ veranstaltet täglich einen Auszug enthaltend die
1874 3089 3070 3140 denschaften, Hunger und Liebe, treibt die Kraft, zu ge¬
340 3096 1769 3156 Inhaltsangabe aller wichtigen Mittheilungen der Wiener Morgen¬
1868 3136 3077 3210 stalten! Es gibt für die lebendigsten, die Künstler=Men¬
345 3143 1769 3205 blätter (Tagesjournale ausser „Neue Freie Presse“ und „Wiener Zeitung“)
341 3163 1791 3239 wodurch eine Uebersicht über das gesammte politische und wirthschaftliche
1876 3182 3080 3238 schen, nur ein Glück: ihr Werk zu beenden, nur eine
338 3215 1785 3290 Leben des In- und Auslandes in drastischer Kürze geboten wird. Diese Mit¬
1857 3239 3059 3305 Qual: daran behindert zu sein. Bis zum Tode und
343 3277 1381 3327 theilungen werden in Wien um 9 Uhr Früh verschiekt.
1863 3279 3067 3354 darüber hinaus wächst diese Sehnsucht. Wer die einzige
1859 3335 3062 3403 Bedingung seines Daseins, die Lebendigkeit der geheimnis¬
682 3328 1439 3407 Prospecte graris und fnanco.
1851 3375 3066 3453 vollen „Dämonen“ seiner inneren Welt gehemmt fühlt,
1856 3434 3058 3499 wird jedes Opfer der Liebe, das diese Kräfte, diese allein,
1860 3483 3071 3549 erwecken will, bis zur Grausamkeit als selbstverständlich
1863 3525 3066 3602 empfangen („Lebendige Stunden“). Jedes persönliche Ge¬
1856 3573 3067 3649 fühl wird in dem von einer künstlerischen Sorge Be¬
1854 3630 3050 3685 wegten nur ein Motiv („Die Frau mit dem Dolche").
1854 3680 3067 3745 Selbst im Tode regt sich die Sorge um das durch die
1862 3714 3058 3784 Widrigkeit der äußeren Existenz nicht vollendete Werk („Die
1854 3773 3059 3832 letzten Masken“). Bis zur Karikatur vermag sich dieser
1855 3827 3053 3879 ursprünglich reinste Wille in der trüben Atmosphäre un¬
1855 3873 3051 3932 serer literarischen Wirklichkeit zu verzerren („Literatur").
1862 3924 3060 3991 Das also scheint mir beiläufig das Gemeinsame dieser
1854 3952 3075 4039 kleinen Dichtungen: sie wollen die fast grauenhafte Ge¬
1850 4019 3057 4068 walt des Kunstinstinkts, des mächtigsten Impulses an vier
1848 4068 3073 4134 Exempeln zeigen. Daneben soll deutlich werden, daß der
1856 4115 3073 4169 „Taten=Mensch“, als Widerspiel des Künstlers, diesen nie
