3436 4224
1270 134 1352 195 II1
302 120 1979 224 16.1. Lebendige Stunden Zyklus
879 982 1305 1063 Telefon 12801.
407 1069 1757 1184 Alex. Weigl’s Unternehmen für Zeitungs-Ausschnitte
1417 1163 1617 1221 Ausschnitt
743 1165 1384 1314 „OBSERVER“
1461 1209 1704 1317 Nr. 5
339 1298 1816 1391 I. österr. behördl. conc. Bureau für Zeitungsberichte u. Personalnachrichten
522 1362 1651 1467 Wien, IX, Türkenstrasse 17.
751 1463 1413 1547 Filiale in Budapest: „Figyelé“-
353 1497 1807 1630 Vertretungen in Berlin, Chicago, Genf, London, Newyork, Paris, Rom, Stockhol.
344 1647 888 1742 Ausschnitt aus:
1008 1706 1728 1909 Musir. Miener Esrabhst
343 1767 631 1867 vom 4
684 1809 922 1927 1201.
702 2259 1611 2414 * Aus Berkin wird uns telegrapbirt.
581 2321 1602 2450 Arthur Schnitzler's Einactercyklus „Lebendige
593 2376 1607 2495 Stunden“ „Die Frau mit dem Dolche" „Letzte
585 2423 1602 2536 Maskenliteratur“ hatte bei der heutigen Erst¬
583 2477 1599 2583 aufführung im Deutschen Theater einen von
584 2516 1569 2621 Stück zu Stück steigenden, nach di# beiden letzt ge¬
572 2546 1589 2664 nannten einen durchschlagenden Erfolg. Die ebenso
360 2586 580 2680 Für 50 2
575 2596 1757 2706 geistreiche als witzige Satire auf die literarische Bohème, inclusive
454 2656 552 2706 100
569 2632 1720 2731 mit welcher der Abend schloß, erweckte stürmische Porto.
449 2691 554 2739 200
555 2679 1745 2804 Heiterkeit. Schnitzler wurde nach jedem Stücke lebhaft Zahlbar
438 2731 548 2777 500
547 2722 1076 2810 und miederholt gerufen.
387 2770 554 2835 „ 1000
1311 2762 1751 2849 200.— ,  Voraus.
1051 2769 1119 2843 „
455 2796 1718 2882 Im Gegensatze zu anderen Bureaux für Zeitungsausschnitte ist
1736 2844 1777 2895 18
331 2876 1793 2954 Abonnement durch keine bestimmte Zeitdauer begrenzt; — auch steht es den
325 2903 1639 2990 Abonnenten frei die aufgegebenen Themen zu ergänzen oder zu ändern.
441 2973 1791 3036 Der „OBSERTER“ veranstaltet täglich einen Auszug enthaltend die
330 3043 1779 3098 Inhaltsangabe aller wichtigen Mittheilungen der Wiener Morgen¬
330 3075 1777 3138 blätter (Tagesjournale ausser „Neue Freie Presse“ und „Wiener Zeitung“)
329 3121 1772 3179 wodurch eine Uebersicht über das gesammte politische und wirthschaftliche Leben
335 3150 1775 3227 des In- und Auslandes in drastischer Kürze geboten wird. Diese Mittheilungen
337 3194 1148 3266 werden in Wien um 9 Uhr Früh verschickt.
638 3264 1476 3349 Prospecte gatis und franco.
2129 118 2546 209 box 21/2
2407 1059 2816 1122 Telefon 12801.
1933 1153 3313 1231 Alex. Weigl’s Unternehmen für Zeitungs-Ausschnitte
2930 1216 3154 1282 Ausschnitt
2279 1262 3285 1381 „OBSERVEK Nr. 23
1873 1366 3349 1441 I. österr. behördl. conc. Bureau für Zeitungsberichte u. Personalnachrichten
2062 1443 3173 1517 Wien, IX, Türkenstrasse 17.
2274 1511 2953 1606 Filiale in Budapest: „Figyelö“ —
1879 1575 3336 1664 Vertretungen in Berlin, Chicago, Genf, London, Newyork, Paris, Rom, Stockholm.
1872 1706 2407 1803 Ausschnitt aus:
1883 1844 2393 1973 vom 5/  /102.
2481 1875 3146 2052 Prager Taeblatt
2153 2285 3058 2402 2 Schnitzler=Abend im Berliner
2066 2353 3061 2449 „Deutschen Theater.“ Aus Berlin wird uns
2057 2396 3061 2488 unterm Gestrigen telegraphirt: Im „Deutschen Theater“.
2071 2445 3067 2540 ging heute Abend Arthur Schnitzlers neuer Einacter¬
2071 2497 3063 2577 Cyclus, der unter dem Gesammttitel „Lebendige
2081 2561 3072 2639 Stunden“ die vier Einacter: „Lebendige Stun¬
2074 2608 3073 2683 den", „Die Frau mit dem Dolche“, „Die
2081 2653 3074 2734 letzten Masken" und „Literatur" vereinigt
1897 2675 2078 2750 Für 50
3090 2678 3293 2756 inclusive
2097 2688 3066 2784 zum erstenmale in Scene. Es war einer der besten
1999 2721 2087 2767 100
3105 2745 3258 2797 Porto.
1985 2758 2078 2816 200
2093 2748 3075 2826 Abende der neueren Berliner Theatergeschichte. Der
3097 2773 3269 2835 Zahlbar
1992 2800 2087 2846 500
1947 2801 2002 2861 „
1935 2791 3073 2899 „ 1000 Erfolg war ein überaus lebhafter und Schnitzler wurde
3082 2808 3302 2887 im Vorau¬
1994 2846 3079 2940 Im „nach jedem Stücke mehrmals gerufen. Den stärksten)
1870 2893 3327 2970 Abonnemen Eindruck machte das dritte Stück „Die letzten Masken“,mitte ist das
1873 2932 3338 3036 Abonnenten das in einem Krankenhause spielt und einen ster= stcht es den
2086 2988 3177 3068 benden armen Journalisten mit seinem Jugendfreunde,dern.
1991 3043 3333 3113 Der einem hohlen Modedichter zusammenführt. Auchs#thaltend die
1875 3063 2131 3151 Inhaltsang
1879 3082 3337 3180 blütter das vierte Stück „Literatur“ wirkte durch seine über Morgen¬
1873 3144 3330 3210 wodlurch ein müthig geistreiche Verspottung des hypermodernen Lite=zner Zeitung“!
1871 3184 3325 3261 des In- un xatur=Gigerlthums besonders kräftig. Die Darstellung,aftliche Leben
1883 3224 3325 3313 werden in V in der sich insbesondere Irene Triesch, Albert Mlittheilungen
2111 3279 3092 3370 Bassermanu, Rudolph Rittner und Max Rein¬
2103 3336 2787 3440 hardthervorthaten, war meistethaft.
