3484 4256
1824 175 3045 237 Konflikt zwischen erotischer Leidenschaft und der großen Liebe
1827 218 3060 273 hat ihn gelockt: Paula, die Gattin eines Dichters, den sie anbetet,
1829 261 3063 324 wie man das Göttliche anbetet, hat in ihrer Brust noch Raums
1829 302 3044 359 für eine flüchtige, aber starke erotische Leidenschaft zu einem
1812 340 3067 432 hübschen Jüngling, mit dem sie innerlich nichts verbindet, zus
1831 391 3058 466 dem sie nur ein heißes sinnliches Verlangen zieht. Das ist
1828 435 3055 499 der psychologische, besser pathologische Fall, den Schnitzler
1830 474 2114 547 „demonstrirt“.
2147 482 3051 552 Und zwar mit raffinirt theatralischen
1824 530 3036 578 Mitteln. Vor einem anonymen Renaissancegemälde in
1826 564 3038 625 der Gemäldegallerie, „Die Frau mit dem Dolche“, treffen sich
1822 613 3047 667 Paula und ihr Geliebter Leonard. Er hat ihr die seltsame
1827 649 3051 700 Aehnlichkeit zwischen ihr und dem rothhaarigen Räthselweibe
1823 695 3053 774 des Gemäldes zeigen wollen, und er hofft heute endlich von
1812 735 3052 801 ihr Erhörung Aber Paula sieht nicht nur die Aehnlichkeit,
1882 781 3054 848 nein sie fühlt plötzlich, daß sie selbst diese Frau mit dem
1807 812 3050 892 Dolche ist, und es erwacht in ihr, während Leonard ihr mit
1817 872 3051 938 wilden Worten seine Leidenschaft gesteht, etwas wie eine Er¬
1817 914 3059 981 innerung aus einem früheren Leben und plötzlich werden ihre
1810 945 3050 1023 Phantasiegestalten Wirklichkeit: die Bühne verdunkelt sich, und,
1815 1001 3052 1065 als es wieder hell wird, sind wir in ein Schloßgemach der
1820 1037 3047 1101 Renaissancezeit versetzt und erleben die Geschichte der Frau
1813 1090 3043 1161 mit dem Dolche“ Paola, des großen Malers Remigio schönes
1811 1135 3057 1191 Weib, hat sich in der Abwesenheit ihres vergötterien Gatten,
1814 1182 3047 1227 in einem Augenblicke des sinnlichen Rausches dem jungen Maler
1812 1223 3052 1287 Lionardo ergeben. Nun der Rausch vorüber, ist er ihr nicht
1819 1261 3052 1311 mehr als ein zerbrochenes Spielzeug, und ihre Seele jauchzt
1808 1310 3045 1359 dem endlich heimkehrenden Gatten zu. Vergeblich alles Flehen
1818 1354 3051 1410 und heiße Dränge. Lionardos, vergeblich sein Drohen, als sie
1815 1402 3058 1462 ihn verächtlich bei Seite stößt, sich zu tödten. Es ist Tag ge¬
1809 1446 3052 1494 worden, die Nacht ist dahin, und sie weist ihm, der letzten Er¬
1809 1486 2627 1538 innerung an die Nacht, die Thüre.
2666 1490 3051 1549 Er aber, dessen
1811 1523 3057 1590 ganzes Leben damit zerstort ist, bleibt und wünscht sich nur
1809 1576 3055 1634 den Tod von Remigios Hand. Diesen jedoch läßt das Ge¬
1812 1619 3048 1671 ständniß, das ihm Lionardo entgegenschleudert, kalt. Er lebt
1807 1658 3040 1723 in einem andere Leben, zu dem Lionardo keinen Zutritt hat,
1809 1707 3037 1770 und hochmüthig heißt er ihn gehen. Lionardo tobt und rast,
1815 1753 3049 1817 aber nichts reizt den Künstler Remigio; auch als Lionardo
1812 1793 3048 1862 nun jäh seine Stimmung wechselt und in glühendem Haß
1809 1844 3052 1893 ihn zu tödten schwört, bleibt Remigio unbewegt. Paola
1812 1889 3054 1947 aber bebt in tödlicher Angst vor Lionardos That, und in dem
1806 1924 3045 1990 Aufruhr ihrer Gefühle ergreift sie den Dolch und stößt ihm
1810 1966 3061 2052 Lionardo, der sich eben zum Gehen gewendet, mit wilder
1797 2021 3052 2070 Kraft ins Herz. Und Remigio? Für ihn bedeutet dieser
1806 2066 3064 2119 Moment die endliche Inspiration fur Paolas Bild, das er
1813 2107 3067 2178 begonnen, aber bis dahin nicht hat vollenden können. Hier
1810 2147 3059 2202 liegen seine „lebendigen Stunden“ ... Das ist die Geschichte
1813 2190 3053 2260 von Paola und Lionardo, die vor Jahrhunderten sich zu¬
1818 2235 3057 2316 getragen, und das wird auch die Geschichte von Paula und
1815 2277 3064 2344 Leonard werden; denn als Paula aus ihrem weltentrückten
1808 2328 3057 2384 Sinnen wieder ermacht und sich wieder in der Bildergallerie
971 2273 1668 2506 ger Goldschene,
1806 2362 3052 2429 und Leonards heißem Drängen gegenüber findet, da gewährt
1820 2414 3051 2473 sie ihm, dem sie noch eben aufs Nimmerwiedersehen hat Lebe¬
813 2380 987 2497 O7.
1024 2406 1456 2495 + Bureau für 4
1805 2460 3048 2525 wohl sagen wollen, mit einem räthselhaften Blick seine heiße
887 2471 1581 2581 Zeitungsausschnitte und Verlag
1817 2503 3041 2551 Bitte. Sie wird in der Nacht zu ihm kommen, es soll die
867 2530 1576 2625 der Wissenschaftlichen Revue.
1816 2545 3050 2619 letzte Nacht sein, bevor sie mit dem Gatten die Stadt
2099 2594 2178 2648 es
1805 2580 1985 2647 verläßt,
2161 2590 3046 2657 wird Leonards letzte Nacht werden.
804 2589 1675 2690 BERLIN M., Auguststr. 87 part.
1810 2630 3062 2698 Paulas Gatten lernen wir nur in der Traumgestalt
937 2659 1518 2734 Telephon Amt III, No. 3051.
1809 2671 3052 2753 des Remigio und aus der Schilderung Leonards
1807 2717 3047 2774 kennen: er ist ein Künstler wie Remigio dem die
1059 2761 1405 2847 Ausschnitt
1804 2760 3043 2837 Gabe geworden ist, seine Seelenerlebnisse im Kunstwerk zu
705 2752 1054 2831 Telenranm-Heireset
688 2797 1056 2887 G0LOSCHMIDT. Auguststr.87.
1795 2792 3047 2870 objektiviren. Doch tritt, wie gesagt, dieses Motiv mehr in den
1171 2826 1294 2891 aus
1798 2854 2100 2921 Hintergrund.
1885 2891 3058 2981 Menschlich am einfachsten und deshalb am meisten un¬
651 2884 820 3014 J4
1806 2950 3049 3020 mittelbar packend ist das dritte Stück „Die letzten
1797 2990 3043 3057 Masken“. Die Szene ist in einem Spital. Ein Sterben¬
703 2998 1755 3118 Norddouteche Allgemeine Zchung, Berlin
1792 3043 3050 3109 der äußert den dringenden Wunsch, noch ein Mal einen früheren
1810 3090 3050 3137 Freund, dem berühmten Dichter Weihgast, zu sehen. Der Arzt
1806 3128 3045 3178 willfahrt schließlich dem Flehen des Kranken und holt den
1162 3126 1424 3250 7 1.02
1805 3177 3041 3252 Dichter. Inzwischen aber erfahren wir den Grund, warum
1801 3215 3040 3280 der Sterbende diese letzte Begegnung ersehnt hat. Nicht um
1806 3265 3043 3334 ihm noch einmal die Hand zu drücken, sondern um ein einziges
1801 3314 3050 3366 Mal all den Haß ihm ins Gesicht zu schreien, mit dem ihn
1800 3366 3043 3429 sein Leben, das Leben eines stets Erfolgverlassenen, gegen den
841 3277 1548 3434 Theater und Musik.
1799 3399 3035 3453 erfolgreichen einstigen Freund erfüllt hat und vor Allem,
647 3416 1792 3502 G. Z. Von ArthurSchnitler kamenam Sonnabend im
1802 3446 3030 3501 um ihm zu sagen, daß der Verachtete und von ihm
559 3458 1799 3544 Deutschen Theater vier neue Einakter zur ersten Auf¬
1791 3483 3037 3551 in den Hintergrund Gedrängte, zwei Jahre die Gattin
567 3527 1794 3580 führung, über deren äußeren Erfolg ich bereits in der zweiten
1789 3518 3029 3596 des eitlen Mannes zur Geliebten gehabt hat; um ihm
561 3561 1801 3627 Sonntagsausgabe berichtet habe. „Lebendige Stunden“ be¬
1793 3587 3036 3642 zu sagen, wie nichtig in Wahrheit das Leven des berühmten
560 3615 1785 3676 titelt Schnitzier die vier Stucke mit einem gemeinsamen Namen.
1793 3618 3032 3665 Mannes gewesen. Die Art, wie wir diese Geschichte erfahren,
557 3660 1797 3721 Da das erste Stück der Reihe selbst den Namen „Lebendige
1806 3663 3036 3715 ist wiederum rein theatralisch: ein Leidensgenosse im Spital,
569 3699 1802 3766 Stunden“ führt, so könnte man glauben, Schnitzler folge der
1788 3701 3024 3767 der Schauspieler ist, fordert den Sterbenden auf, vor ihm
571 3734 1796 3811 Sitte mancher Novellisten, die ihre Sammlung ganz
1802 3751 3039 3821 quasi eine Generalprobe der großen Abrechnung abzuhalten,
557 3798 1800 3868 äußerlich nach der ersten Novelle betiteln. Aber Schnitzler
1803 3789 3036 3840 und der Sterbende geht auf den Vorschlag ein, denn er
556 3836 1789 3891 will mehr: er will auf einen gemeinsamen Inhalts¬
1797 3830 3036 3905 fürchtet, daß vielleicht seine Kräfte nicht ausreichen könnten.
563 3871 1785 3941 kern der im Uebrigen ganz verschiedenen Stücke hinweisen.
1804 3884 3028 3930 Als nun der Langerwartete eintritt und sich in all seiner
562 3926 1786 3985 Ein wenig künstlich erscheint ja freilich diese Subsumirung
1788 3928 3021 3994 inneren Nichtigkeit zeigt, mit leerem, konventionellem, heuchle¬
565 3957 1786 4030 unter einen Begriff, wie auch der gemeinsame Titel an sich
1798 3973 3035 4046 rischem Geschwätz die Zeit hinbringt, da geht mit dem
561 3999 3031 4097 etwas gekünstelt klingt; aber ein gemeinsames Problem schaut Sterbenden eine große Wandlung vor: was hat er
3247 4119 3320 4198 S
