3484 4256
388 135 2352 202 en eeen eeneen  ens eracht sie iene aebente A 1 Snecle
371 204 1355 256 leiten, gleichsam im Leben das Sterben,
1340 203 1450 251 im
1462 204 2532 266 modern. Man fragt sich vergeblich: Was hat das
387 232 1460 302 Sterben das Leben aufweisen. Ihm muß hier
1457 243 2529 308 Hineinziehen der dumpfen Ahnungen, die uns
384 281 1457 335 und da Ahnliches vorgeschwebt haben, wie Hauptmann
1463 288 2533 348 zuweilen vorspiegeln, wir hätten schon einmal gelebt,
384 331 1457 375 im „Michael Kramer“, als er den alten Maler an
1465 326 2532 391 die uns häusig in früheren Menschen, in früheren
374 366 1444 420 der Leiche seines Sohnes über Werden und Ver¬
1463 373 2527 436 Geschehnissen uns selbst erblicken lassen, hier für
373 419 1448 459 gehen philosophieren läßt. Es scheint mir nicht aus¬
1453 419 2531 472 einen Sinn? Soll es uns bewegen, die moderne
371 461 1446 507 geschlossen, daß Schnitzler eine erste Auregung aus
1465 455 2532 517 Geschichte, in welche das florentinische Abenteuer
375 507 1443 561 dem erwähnten Hauptmannschen Akte empfing.
1460 501 2536 579 eingerahmt ist, nach Analogie von diesem fortzusetzen,
373 549 1456 608 „Der Tod ist die mildeste Form des Lebens“, drückt
1460 549 2538 606 uns zu ergänzen? So, daß auch hier ein blutiger
369 593 1450 645 Hauptmann sich ungelenk und ein wenig billig¬
1456 594 2534 641 Konflikt aus dem geplanten Rendezvous sich er¬
367 627 812 686 antithesenhaft aus.
809 629 1452 697 Er meint in der Hauptsache
1461 631 2534 697 gäbe? Soll beides nur einen Kontrast herstellen
376 679 1449 738 dasselbe wie wenn man sonst von dem ewigen
1462 681 2524 730 etwa: „Einst und jetzt“ oder „So liebte man gestern,
378 715 1451 777 Unverlorensein alles Lebens, von der Undenkbarkeit
1948 723 2527 777 Sollte lediglich die einfache
1454 710 1946 784 so liebt man heute"?
377 754 1453 820 einer Allvernichtung, von der großen Erhaltung der
1455 761 2533 818 Thatsache, das Vorhandensein von zeitentbundenen
369 812 1450 868 physischen wie der psychischen Kräfte, vom uferlosen Fort¬
1453 812 2534 867 Spiegelungen des Gehirnes des Vorstellungs¬
375 844 1453 918 wirken der Vergangenheit in alle Zukunft wie vom
1454 844 2538 909 vermögens, bühnenplastisch vorgeführt werden? Aus
366 882 1303 946 unbewußten Besitze fernster Ewigkeiten redet.
1456 892 2532 957 dem Stücke heraus ist nichts Bestimmtes zu
436 927 1452 994 Was gilt der Tod des Individuums? scheint der
1449 934 2544 990 ermitteln. Nur Herr Schnitzler selber könnte uns
375 988 1442 1034 erste Einakter „Lebendige Stunden“ zu fragen.
1460 976 2486 1042 dies und jenes versichern, was er gewollt habe —
380 1026 1445 1082 Baut sich nicht über dem ärmlichen Einzelschicksal das
1453 1022 2529 1098 das aber hätte wiederum keinen Wert. Die
381 1075 1446 1132 Leben der Gesamtheit auf? Schreitet nicht über den
1453 1068 2528 1125 einzige Sprache von Belang, welche ein Kunstwerk
1457 1109 2538 1163 reden kann, ist die, welche aus ihm selbst hervor¬
380 1114 1455 1163 Gräbern der vergangenen Menschheit die gegenwärtige,
378 1165 1453 1211 und wird nicht über der Asche dieser die Zukunft wandeln?
1462 1159 2535 1215 schallt. Wie dieses Stück heute vorliegt, ist es eine
1463 1202 2528 1263 Spielerei mit einer an sich tiefen, unter der Schwelle
381 1204 1457 1268 Giebt das Friedenmachen einer einzelnen Persönlich¬
371 1246 1444 1296 keit den anderen ein Recht, nicht mehr mitzuthun,
1452 1248 2538 1305 unseres Bewußtseins liegenden Vorstellung, die in¬
375 1292 1458 1349 sich auszuschwelgen in selbstgenügsamer Trauer?
1464 1299 2537 1348 dessen nicht dazu gelangt, sich zu einer sinnvollen
1470 1337 2537 1409 Berührung mit unserem Gegenwärtigkeitsbewußtsein
369 1332 1461 1389 Ob Reiche stürzen und Kronen rollen, deshalb sieht
368 1378 1456 1449 sich der heimliche Geist der Weltentwicklung
1454 1381 1781 1445 durchzuringen.
376 1404 1452 1482 auch nicht ein einziges Mal um, deshalb geht der
1529 1430 2523 1487 Ein Motiv, das schon in diesem Stücke an¬
374 1466 1401 1523 ruhige Genius der Geschichte unhemmbar weiter. —
1452 1479 2530 1538 geschlagen wurde, klingt auch in dem folgenden
372 1507 1450 1573 Hier trauert ein Sohn, ein Dichter, mit dem Herzens¬
1460 1520 2529 1571 dritten Stücke mit an. In der „Frau mit dem
373 1545 1451 1604 freunde seiner Mutter um deren Tod. Aus dem
1463 1566 2533 1620 Dolche“ ist der Gatte und Maler im Augenblick des
373 1596 1457 1661 Munde des Freundes erfährt jener in der Form des
1464 1610 2525 1664 schrecklichen Geschehens nur Künstler: Er denkt lediglich
373 1634 1459 1712 Vorwurfs, daß sich die Mutter um des Sohnes
1466 1656 2530 1700 daran, die Pose der Frau festzuhalten, gleich als ob
364 1680 1450 1742 willen mit Morphiumpulvern den Tod gegeben,
1466 1692 2531 1762 ihm bloß ein Schauspiel vorgeführt würde, an dem
369 1726 1458 1781 da sie es nicht mit ansehen konnte, daß er im
1457 1741 2535 1806 er selbst unbeteiligt wäre. In „Die letzten
366 1768 1452 1818 steten Anblick ihres langwierigen Leidens sich vor
1457 1774 2537 1842 Masken“ tritt ein Schauspieler in einem
370 1820 1445 1875 Leid verzehrte, de er aus der Stimmung des
1452 1821 2535 1894 Krankenhause auf, der, selbst ein Sterbender,
371 1866 1448 1917 Schmerzes heraus nicht mehr zu arbeiten, nicht mehr
1456 1869 2532 1930 aus den schmerzlichen Zügen, den Verzerrungen der
368 1901 1454 1953 zu schaffen vermochte. Der väterliche Freund vergeht
1470 1919 2539 1970 Verendenden ein Studium für seine Komik macht.
367 1945 1445 2002 in Klagen um das vorzeitige Ende der Verblichenen,
1464 1964 2540 2017 Er behauptet, aus ihnen das schätzbarste Material
376 1997 1453 2044 sie hätte ja noch zwei bis drei Jahre ihm Freundin
1462 2000 2537 2062 für seine „Wirkungen“ zusammentragen zu können.
383 2037 1458 2105 sein können. Er wünscht in Trauer auszuruhen, er
1464 2051 2531 2111 Im übrigen geht freilich das Stück, das unzweifel¬
379 2081 1446 2132 sieht in allem, was den Sohn noch über sein Weh
1457 2098 2529 2149 haft von den drei ersten das wertvollste ist, auf
384 2127 1449 2189 hinaus beschäftigt, Gemütsroheit, Mangel an Pietät,
1462 2135 2537 2194 ganz anderes hinaus. Jemanden, der in seinem
378 2166 1453 2222 Herzlosigkeit. Der Sohn vertritt dem gegenüber den
1461 2181 2534 2241 ganzen Leben ein ehrlicher, mit leidenschaftlichem Ernst
379 2216 1448 2269 Standpunkt des wirkenden, Werte schaffenden Daseins.
1458 2224 2542 2274 strebender Schriftsteller gewesen ist, der es aber zu
366 2259 1450 2321 Er sieht in dem gänzlichen Sichverlieren im Scheidungs¬
1455 2275 2530 2327 nichts gebracht hat, packt in seinen letzten Stunden
368 2294 1448 2359 weh ein billiges Zurückweichen vor den Wirklich¬
1470 2317 2531 2371 im Krankenhause ein unlöschbarer Haß gegen einen
370 2341 1458 2395 keiten des Lebens, ein fast kokettes Sichselbstgenießen
1455 2362 2528 2402 befreundeten Kollegen, der zu Geld und Ehren ge¬
362 2393 1454 2435 des Schmerzes, der sich immer aufs neue im Spiegel
1466 2407 2528 2452 kommen ist, dessen ganze Hohlheit er indessen durch¬
366 2425 1446 2485 zu besehen wünscht, um sich desto bedauernswerter
1463 2442 2533 2505 schaut. Er läßt ihn zu sich bitten, um einmal an ihm
364 2484 1450 2542 vorzukommen. Er leidet um die Hingegangene so
1460 2492 2533 2557 den Rächer zu spielen, ihn tödlich zu verwunden.
380 2526 1461 2587 gut wie einer; aber er glaubt in ihrem Sinne zu
1452 2534 2530 2583 Nicht nur, für wie nichtig und niedrig er ihn all
377 2572 1446 2618 handeln, er glaubt ihr Opser erst ganz zu ehren,
1463 2579 2532 2633 sein Lebtag gehalten, will er ihm sagen — das ist
363 2610 1455 2675 wenn er es nicht umsonst geschehen sein läßt, wenn
1466 2629 2528 2680 zu wenig, zu sanft — nein, daß er auch da, wo er
368 2653 1460 2701 er gerade aus seinem völligen Verständnis heraus
1467 2669 2531 2731 rein menschlich am glücklichsten zu sein glaubte, ein
372 2701 1456 2774 danach strebt, wieder ein schaffender, ein thätiger
1467 2706 2537 2779 eingebildeter Fant, ein Nichts war, daß sein „bester
373 2747 1446 2809 Mensch zu sein. Diese Gegenüberstellung beider
1465 2756 2524 2812 Kamerad“, seine Frau, ihn betrogen hat mit ihm,
371 2793 1452 2856 Standpunkte macht in Wahrheit das Stückchen
1456 2802 2534 2857 dem Kranken und nichtgeachteten Kollegen, das
1465 2845 2532 2899 ihm entgegenzuschleudern, soll ihm die letzte
369 2872 1450 2934 Apereu, als eine dramatisch anspruchslose, dem In¬
1467 2892 2010 2955 Genugthuung verschaffen.
1999 2880 2531 2953 Er erzählt alles dem
379 2919 1362 2978 halte nach nicht wertlose Plauderei kennzeichnet.
1464 2930 2523 2998 erwähnten Schauspieler; der verachtete „Freund“
430 2978 1454 3037 Das zweite Stück, „Die Frau mit
1466 2964 1745 3032 erscheint und
1778 2966 2532 3031 plötzlich ist alles Rachegefühl, alle
368 2999 818 3074 dem Dolche,"
828 3018 1455 3073 wirkt unklar, nicht be¬
1464 3024 2531 3072 schäumende Wut verschwunden. Der Kranke sitzt
831 3061 1458 3132 in seinen wechselnden Er¬
371 3042 839 3123 ziehungsreich genug
1452 3064 2530 3135 nur da und starrt und staunt und läßt
380 3109 1455 3158 scheinungen. Es ist kein Mysterium, höchstens ein
1463 3106 2533 3179 den anderen ungekränkt ziehen. Er sieht,
374 3152 1449 3218 Vexierrätsel zu nennen. Eine junge Frau trifft mit
1465 3144 2524 3207 wie wenig auch jenem all sein äußerliches,
374 3194 1457 3242 einem jungen Menschen in der Gemäldegalerie vor
1463 3199 2531 3261 sich selbst wegwerfendes Jagen und Erraffenwollen
380 3240 1447 3294 dem Porträt eines alten Meisters zusammen, das
1462 3227 2524 3301 geholfen hat, wie er vor ihm dasitzt als ein elender,
370 3284 1445 3338 der Dame überaus ähnlich sieht. Sie gestehen sich
1454 3288 2521 3351 verächtlicher Gauch, elender als er, der Kranke
380 3318 1455 3388 ihre Liebe; doch die Frau denkt am nächsten Tage
1461 3321 2531 3384 selber, und zugleich mischt sich ihm das Gefühl hinein,
368 3371 1457 3430 weit weg zu reisen, gleichsam vor sich selbst zu fliehen.
1459 3372 2535 3443 was er, der abgeschlossen hat mit allem, der eigent¬
383 3420 1445 3475 Da — während einer fast hypnotischen Versunken¬
1461 3416 2528 3478 lich durchgedrungen ist zu der großen Klarheit, der
554 3460 1457 3526 ändert sich plötzlich die Scene. Wir sehen
1471 3461 2527 3524 erhabenen Stille in sich selber, denn noch zu thun
374 3462 507 3524 heit
1465 3507 2530 3572 habe mit dem erbärmlichen Hasten der anderen da
1346 3509 1447 3563 die
378 3490 1315 3568 als Traum, durch Gazeschleier hindurch,
377 3543 1457 3614 Frau als die Dame des genannten Bildes
1462 3547 2521 3598 im Leben, mit dem trostlosen Gewimmel klein¬
382 3586 718 3654 im Florenz
705 3586 1457 3664 der Renaissance, den jungen
1461 3595 2531 3660 licher, bedürftiger Menschenkinder. Er läßt jenen
381 3642 1445 3694 Menschen aber als den Maler Lionardo, der
1455 3637 2528 3702 gehen; es verlöschen die Lichter; er stirbt.
379 3684 1446 3732 soeben mit ihr die Treue gebrochen. Die Frau hat
1455 3676 2522 3734 Das Stück ist in seiner Stimmung, inner¬
1458 3730 2525 3784 halb der psychologischen Begrenztheit des Einakters,
379 3715 1463 3804 bereits der Überdruß gepackt, sie will dem soeben
379 3762 1451 3823 heimkehrenden Gatten, auch einem Maler, alles
1455 3775 2530 3829 vortrefflich gearbeitet. Lediglich die Unmöglichkeit
382 3812 1457 3877 beichten, um sich so gewissermaßen zu entsühnen.
1461 3814 2517 3871 stört, daß der Kranke, dieser wilde, innerliche
387 3868 1441 3924 „Das Geständnis ist der Mut der Schuldigen.“
1463 3851 2530 3927 Hasser, einem eitlen Mimen die Scene mit
374 3892 1458 3957 Der Geliebte will das Bekenntnis der Schuld ver¬
1469 3891 2380 3972 dem erwarteten Freunde zuerst vorspielt.
2415 3908 2529 3969 So
385 3942 1461 4001 hindern; da es ihm nicht gelingt, stellt er sich dem
1459 3933 2521 4009 sehr das aus seiner ganzen Erregung be¬
384 3991 1451 4046 Dolche des Gatten, damit kein lebender Zeuge
1462 3990 2397 4044 greiflich zu machen versucht wird, es ist
2399 3992 2523 4049 eine
366 4020 2554 4111 bleibe. Dieser will ihn ruhig seines Weges psychologische Ungeheuerlichkeit, die der Dichter nur
2541 198 3327 258 er sich damit begründen, daß die
2538 234 3337 298 schaften, die am heftigsten beweg
2547 283 3331 339 sich unzweifelhaft oft genug in lauten
2540 317 3351 379 machen. C’est une erreur de er
2535 372 3338 436 mnchologue n’est pas dans la nature.
2540 418 3326 490 agitations parlent souvent à haute
2537 457 2737 519 Hugo).
2606 478 3352 557 Das letzte Stück „Litteratur
2541 515 3346 611 künstlerisch am höchsten. Es ist eine
2539 581 3352 633 abgeschlossene kleine Satire, die nicht a
2541 630 3352 689 logischen Lücken, an der Stoffvergend
2543 677 3351 743 Stoffprotzerei der Einakter im allgen
2546 711 3352 776 Nach bewegtem Wandel als Frau un
2547 754 3358 824 Margarete in den Armen eines sicher
2535 811 3324 863 landet. Er ist von altem Adel,
2544 830 3352 908 bekannten, noch älteren, mesopotan
2545 893 3340 944 wenigstens zu fünfzig Prozent. Das
2535 933 3348 998 nicht erwähnenswert — denn für das
2540 979 3348 1042 gänzlich unwesentlich — wenn es nicht
2544 1020 3352 1080 besonders betont würde, und da Frl.
2547 1071 3353 1125 eine unverfälschte Mesopotamierin, die Ma
2543 1110 3357 1178 das Wort von den „antisemitischen Tei
2541 1162 3340 1217 außerordentlich komische Wirkung er
2545 1200 3353 1267 hat einen unbezwinglichen Hang zu ##
2545 1237 3299 1303 Leben, er — nur zum Leben. Sie
2535 1284 3316 1353 mit Hingebung in den Kreisen
2541 1332 3344 1395 verkehrt, er findet nur seltsame, ei
2785 1378 3339 1430 motivierende Existenzen
2549 1372 2792 1437 recht zu
2552 1424 3357 1473 Er hält Ehe und Heiraten für die uner
2535 1460 3319 1517 bedingung zur „wahren" Liebe. si
2543 1503 3354 1573 bedingungen entbehren. Dennoch erstreh
2540 1540 3356 1618 liegenden Falle die Ehe mit aller
2533 1594 3346 1657 zweifelt, und weiß nicht recht, woher,
2541 1638 3349 1693 Zwischen beide, die sich schon einigerma
2541 1687 3349 1745 wähnten, tritt auf einmal von neuem die L
2540 1728 3350 1776 hat einen Roman geschrieben, dessen Ve
2549 1774 3343 1817 sie brennend wünscht; es kämen zwar
2549 1812 3351 1866 darin vor, aber es sei alles nur „erdichtet
2546 1856 3351 1917 Er findet im Gegenteil: So etwas thu
2548 1905 3359 1955 aber man sagt es nicht und bestehtn
2538 1940 3338 2002 drückung des Werkes, falls aus der
2540 1988 3348 2044 werden solle. Im kritischen Zeitpunkt tritt
2536 2032 3355 2082 ehrer aus der „hingebungs“ vollen Münch
2541 2076 3362 2143 Auch er hat den Roman seines Lebens
2546 2127 3351 2176 mit ungefähr denselben Thatsachen, je
2552 2174 3347 2222 genau denselben, der Wirklichkeit
2550 2210 3355 2263 Briefen, die diese Frau auch in ihren
2538 2253 3357 2312 wendet hat. Es ist wie mit Georg
2548 2299 3355 2367 Paul de Musset. Schrieb sie Lui
3271 2349 3345 2397 d
2549 2337 3287 2394 schrieb Elle et Imi Lui. Was
2535 2396 3359 2450 des Barons nicht vermochten, vermag
2550 2434 3342 2491 sache. Einen Augenblick denkt sie dar
2539 2477 3352 2542 früheren Verehrer durchzugehen; dan
2542 2521 2961 2589 wenig Lust zu
2963 2527 3317 2584 romantischen F
2544 2562 3336 2615 stimmt sie der Einstampfung des
2536 2612 3360 2677 Die Reputation ist für den Ba#
2532 2665 3356 2720 weiter nichts. Innere Gründe best
2541 2691 3349 2755 in seinem Handeln nicht; nur die A
2541 2742 3316 2799 Form. Was er verhindern wollte,
2537 2781 3348 2840 lichung des Romans seiner Künftigen,
2537 2835 3351 2889 Wahrheit doch, nämlich durch das Werk
2544 2883 3349 2932 Verehrers. Er empfängt nur obend
2529 2906 3340 2990 rein äußerliches Verdammen, das sich
2540 2960 3350 3017 Balken, der verborgen bleibt, niema
2539 2999 3363 3072 wider einen Splitter, der sichtbar wir#
2540 3059 3312 3125 größerer sittlicher Emphase wendet,
2536 3095 3344 3164 Er muß heiraten, was er zu ve
2768 3137 3362 3206 s liegt eine freie, präch
2539 3136 2726 3201 giebt.
2539 3183 3357 3240 in dem Ganzen, die, ohne den gebührlich
2537 3230 3350 3277 dekadenten Bohemezuständen das Wor
2539 3274 3353 3330 dennoch dem Pharisäertum scharf zu O
2545 3324 3223 3379 kostbar an der Nase herumführt.
2588 3346 3340 3432 Anregend sind Schnitzlers Einakter in
2544 3384 3355 3471 Indessen nur der letzte, der ganz in si
2530 3429 2634 3507 ist,
2645 3455 3356 3507 dessen Problemn völlig zum
2646 3501 3170 3566 Auseinandersetzung der
2541 3493 2658 3550 zur
3158 3490 3356 3551 in ihn
2540 3530 3351 3596 Gegensätze kommt, gelangt durchaus
2541 3588 3354 3638 Roh=Stoffliche hinaus, das gewöhnli
2538 3635 3343 3691 anhaftet. Die übrigen sind bei allen
2531 3668 3350 3731 gewissermaßen nur unterhaltsame Er
2542 3719 3355 3773 für den Verfasser, bei denen er verweilt
2538 3768 3354 3817 alles, was lockt, mit leichter Hand absch
2538 3796 3357 3856 von denen er sich indessen lächelnd vera
2526 3843 3355 3907 bald aus dem Spiel eine Arbeit werden
2528 3897 3352 3954 bald lästige Frager zu kommen drohen,
2535 3939 3348 3996 fangen möchten, wo der Dichter aufhört
3165 3980 3340 4051 Paul
