3484 4384
2118 166 2591 262 box 21/3
326 125 1995 273 16. 1. Lebendige Stunden zuklus
972 1195 1429 1288 Telephon 12801.
581 1277 1812 1369 Alex. Weigl's Unternehmen für Zeitungs-Ausschnitte
1588 1354 1797 1423 Ausschnitt
634 1276 855 1452 105
1715 1392 3395 1458 erbarmungslos vernichteten: das Schiaksal der Doppelscene wäre 1 „La Robe Rouge“, „Blan
821 1395 1392 1494 „OBSERVF
1360 1432 1478 1497 11
1631 1415 2795 1494 NI' das gleiche geblieben. Es waltet zuviel hohle Theatralik in dieser
2793 1455 3370 1513 çantes“, „L’Enigme“ „Le
1711 1482 2783 1538 phantasievollen Mischung des Realen mit dem Stilisirten, das
2789 1481 3377 1548 einige sehr interessante Einakter.
463 1501 2795 1547 I. österr. behördl. conc. Bureau für Zeitungsberichte u. Personalna Symbolische bleibt im Bilde stecken und übersetzt sich nur schwer
2802 1523 3384 1579 liche und klassische Repertoire zu vol
1712 1547 2793 1618 und unklar ins Begriffliche. Künstlerisch am werthvollsten sind
696 1543 1705 1610 Wien, IX/1, Türkenstrasse 17.
2784 1572 3383 1624 Menge Lustspiele und einige Volks
1707 1591 2787 1655 Akt 1 und 3, der ins Neuwienerische übersetzte Fall Charlotte
2788 1603 3385 1668 will uns der rührige Direktor noch
867 1617 1507 1701 Filiale in Budapest: „Figyelö“-
1703 1631 2793 1699 Stieglitz und die lebendige Todesstunde im „Extrakammerl“ des
2795 1651 3386 1701 den er von Genf übernimmt. Und
1713 1676 2786 1735 Allgemeinen Krankenhauses. Diese beiden psychologisch ebenso
2793 1690 3381 1746 drei wöchentlichen Spielabenden!
465 1683 1707 1756 Vertretungen in Berlin, Chicago, Genf, London, Newyork, Paris, Rom,
1703 1708 2790 1773 fein wie dialektisch besonnen und klar ausgeführten Arbeiten ver¬
2786 1730 3380 1788 jedes Jahr abwechselnd die Opern
1706 1745 2781 1812 einen alle Vorzüge des Dichters und des Bühnenpraktikers
2790 1770 3384 1827 ungefähr zwei Monate dauert un
1704 1789 2780 1851 Schnitzler. Sie wurden meisterhaft gespielt, namentlich unser
2788 1794 3382 1854 geschickten, kunstverständigen Con
1706 1827 2793 1891 trefflicher Charakterdarsteller Carl Häußer schuf mit dem
468 1810 1005 1899 Ausschnitt aus:
2789 1841 3380 1907 Letztes Jahr gab man als Neuheite
1710 1871 2780 1936 Journalisten Karl Rademacher, der sich angesichts des Todes zum
2791 1887 3385 1937 „Thais“, „Phryné“ „Vie de Bo
1716 1907 2780 1982 großen Verstehen, Schweigen und Verzeihen durchkämpft, eine ex¬
2787 1907 3381 1967 Jahr vor Genf. Dieses Jahr ist wil
1712 1936 2078 1995 greisend echte Gestalt.
2788 1959 3378 2014 vor 2 Jahren war, was Kräfte un
1162 1900 1713 2066 Frankhurter Tostun
457 1951 1054 2062 von 41 72
1807 1979 2791 2054 [Vom Theater in Genf und Lausanne.] Aus
2784 1991 3392 2055 prächtig. — Man leistet also hier u
1710 1995 2788 2092 Lausanne wird uns geschrieben: Eine Vergleichung des
2786 2032 3383 2089 viel als in Genf, was bei der gr
1708 2062 2784 2119 Genfer mit dem Lausanner Theater ist zur Zeit sehr
2777 2081 3388 2141 Subsidien und der Theater an und
1704 2098 2782 2160 interessant. Bekannt dürfte sein, unter welchem Unstern das
2790 2113 3384 2164 werth erscheint. Leider nur ließ da
1712 2138 2788 2195 Genfer Theater besonders im letzten Jahre stand. Die Verhält¬
2774 2156 3367 2213 1 niß des Publikums wahrend
1700 2178 2787 2242 nisse sind unter der neuen Direktion bessere geworden, auf der
2778 2190 3283 2259 Manches zu wünschen übrig.
1700 2217 2775 2277 Höhe berechtigter Ansprüche steht aber das Institut noch keinen¬
600 2218 1053 2297 Hatter auch eimm. .
1699 2257 2780 2319 falls. Die Stadt gibt monatlich etwa 25,000 Franken Subsidien;
650 2267 1697 2341 m [Münchener Theater.] Man berichtet uns aus
1707 2291 2794 2357 dafür sollte man schon etwas erwarten können. Das ließen auch
612 2288 1687 2375 München vom 7. ds.: Aus Anlaß ihres 40jährigen Bühnen¬
1703 2330 2795 2404 die Ankündigungen am Anfang der Saison hoffen; aber die Hoff¬
607 2363 1702 2423 jubiläums betrat unsere Tragödin Clara Ziegler als Isabella
1704 2369 2785 2433 nung erfüllte sich nicht. Von sechs angekündigten Neuheiten der
601 2389 1699 2454 in der „Braut von Messina“ die Bretter des Hoftheaters
1697 2407 2781 2467 Oper war bis Ende Januar eine einzige herausgekommen, die
601 2426 1696 2494 und setzte uns von Neuem in Bewunderung ob ihres immer noch
1700 2462 2778 2510 „Vie de Bohème“ von Puccini, von der man allerdings, was
606 2465 1698 2536 ausdauernden Organs, ihrer Frische und ihrer bei aller gemessenen
1694 2484 2786 2548 Cinstudirung und Dekoration betrifft, Lobenswerthes melden kann.
596 2491 1692 2575 priesterlichen Hoheit doch nicht erstarrten Geberdensprache. Unge¬
1701 2523 2785 2595 Unter den wiederaufgenommenen Opern, die aus dem gewöhn¬
603 2531 1698 2614 zählte Hervorruse, Blumenkörbe und Lorbeer dankten der Jubilarin.
1695 2560 2773 2618 lichen Repertoire hervorragen, sind die wichtigsten „Sapho“ und
606 2589 1699 2654 Am Tage darauf zog Arthur Schnitzler mis seinem neuen
1710 2605 2788 2669 „Hérodiade“ Häufig hörte man „Faust“, Voyage en Chine“.
600 2630 1696 2689 [Einakter=Cyklus im Residenztheater ein, ohne es
1697 2636 2786 2719 und „Le pelit Poucet“, letzteren allein 17 Mal im Monat Ja¬
593 2663 1692 2725 als unbestrittener Sieger wieder zu verlassen. Sei es, daß das
1693 2684 2786 2751 nuar! An Schauspielen waren neu: „Hernani“, „Ruy Blas“,
593 2708 1700 2771 „Stammpublikum unserer Rokokobühne noch den Schnitzler des
1702 2724 2783 2776 „Phédre“, „Les Plaideurs“. Der Februar brachte dann als
441 2704 567 2784 Für
560 2757 1693 2809 5„ Grünen Kakadu“ im Kopfe hatte, sei es, daß es sich von den
1701 2758 2776 2823 besondere Neuheit die sehr gute Aufführung des „Freischütz“.
620 2770 1692 2842 „Lebendigen Stunden“ einen lebendigen Abend
1744 2794 2779 2868 Das Lausanner Theater erhält von der Stadt die Gas¬
559 2807 1687 2885 20 versprach: man war nicht auf den schattenhaften Zug stiller Leiden
1686 2831 2786 2901 I beleuchtung und monatlich etwa 2000 Franken mit der Verpflicht¬
550 2849 1697 2923 50und Schicksale, man war auf laute Abenteuer und buntes Leben
1692 2877 2784 2923 ung, dafür ein Dutzend Volksvorstellungen zu geben, bei welchen
470 2894 560 2952 „
543 2885 1694 2957 100 gefaßt. So verbarg man in den ersten drei Stücken seine Ent¬
1692 2920 2770 2974 alle Plätze 1 Franken oder 50 Cent. kosten. Trotz dieser wirklich
559 2930 1695 2999 Utäuschung, so gut und schlecht es ging, um sich desto mehr über das
1684 2951 2782 2991 geringen Beihilfe leistet dieses Theater besonders in den letzten
447 2982 1678 3037 Abonner brillante Feuerwerk literarischer Bosheiten und die glänzende Ab¬
1688 2991 2778 3052 Jahren ganz Bedeutendes, dank dem äußerst tüchtigen und litera¬
451 3008 1688 3081 Abonnen fertigung des weiblichen Gefühlsfnobismus in der bissigen Parodie
1696 3041 2771 3090 risch hochgebildeten Direktor Darcourt und zum Theil vor¬
597 3051 1680 3121 Literatur" zu freuen. Für das Schicksal des zweiten Aktes: „Die
1687 3076 2777 3139 züglicher Kräfte. Unter diesen letzteren nenne ich besonders Frau
583 3077 1691 3156 [(Fraumit dem Dolche“ kann ein Fehler der Regie nur
1687 3099 2785 3154 Sybel=Bardet, eine durch vorzügliches Spiel und aus¬
435 3122 1686 3200 Inhalts zum Theil mit verantwortlich gemacht werden. Aber ich glaube,
1695 3145 2776 3202 gezeichnete Aussprache ganz hervorragende Schauspielerin. Schon
442 3172 1687 3240 blätt selbst wenn man nicht die knarrende, die Illusion unbedingt zer¬
1693 3185 2774 3250 voriges Jahr hatten wir eine ganze Reihe Neuheiten, darunter
441 3218 1690 3270 wodurelreißende Drehbühne zur Erfüllung der Forderung des
1685 3221 2777 3279 wie dieses Jahr auch wieder solche, die kurz zuvor als Premièren
453 3249 1683 3306 Leben Dichters: „sehr rasche Verwandlung“ herangezogen und nicht bei
1685 3266 2775 3330 in Paris herausgekommen waren und hier ihre erste Auf¬
608 3280 1683 3346 der Rückdrehung in die Bildergalerie Statisten in Gestalt Paulines
440 3287 630 3353 theilung
1690 3299 2773 3355 führung außerhalb Paris fanden. Diesen Winter sahen
598 3332 1691 3400 und Leonhards verwendet hätte, die die seine Pvinte des Schlusses
1679 3344 2792 3409 wir als Besonderheiten „La nouvelle Idole“, „Cathérine“,
771 3373 1558 3465 Prospecte gratis und fanco.
