3484 4256
1203 184 1285 245 In
2055 177 2511 265 box 21/2
243 191 1903 259 16.1. Lebendige Stunden „vKiuS
268 1096 604 1179 Ausschnitt
144 1205 623 1303 ah.urter Zeitung
165 1358 544 1513 6 : JAl 1902
997 1682 3219 1781 dert, der Dialog sagt die Empfindungen direkt heraus, als spräche; seinem Jugendfreunde und glücklichen Rivalen, dem berühmten k#
1008 1728 3205 1811 man das, was man denkt, als bestände keine Scheu vor der Em¬Tichter, noch einmal all seinen Haß ins Gesicht schreien, will ihm
2108 1770 3192 1833 lagen, daß er seine Frau verführt, daß sie nur ihn geliebt habe.
1007 1807 1513 1876 pfindungswelt des Anderen.
157 1709 793 1877 Feuilleton.
1071 1850 3200 1893 In „Die Frau mit dem Dolche“ ist das Problem] Und der Andere kommt wirklich und — die Maske fällt nicht,
2102 1832 3205 1917 sie sprechen lieben ördig über „leichgiltige Dinge, und der
1020 1872 2112 1931 wiederholt, aber schon ist es tiefer angegriffen, etwas lebendiger
2107 1882 3199 1956 gefeierte Port sit in seiner kleinen Ichsucht behaglich lächelnd
1014 1906 2109 1973 gestaltet. Doch bleibt auch diesem Rahmenspiel ein theoretischer
2107 1923 3213 1993 neben dem Bett des sterbenden Mannes. Mit ganz einsachen
1024 1948 2106 2006 Beigeschmack. In einer Museumsgalerie gibt sich die Frau eines
122 1943 889 2036 Berliner Theater.
2113 1960 3211 2029 Mitteln ist das gestaltet, aber es ist auch alles in dramatische
1029 1989 2108 2048 Dichters mit ihrem Liebhaber ein Stelldichein; das Stück ihres
2111 1999 3211 2067 Entwicklung umgesetzt, jedes Geschehniß trägt zur Charakter¬
577 1998 978 2080 Berlin, 5. Januar.
1029 2025 2105 2086 Mannes, das gestern aufgeführt wurde, hat die Geheimnisse ihres
2115 2040 3213 2102 Offenbarung bei. Und hatte Schnitzler sich in „Lebendige Stun¬
1011 2067 2101 2120 Miteinanderlebens schonungslos enthüllt. Nun erkennt sie in dem
127 2058 957 2132 Schnitzler: „Lebendige Stunden (Deutsches Theater).
2113 2082 3211 2143 den“ und die „Frau mit dem Dolche“ als die seine, nachdenkliche
1023 2103 2101 2160 Bilde einer „Frau mit dem Dolche“ ihr eigenes Selbst wieder,
731 2109 957 2179 WEintehmmen n
2110 2127 3178 2191 Natur erwiesen, die erlesenen Stimmungen klüglich nachspürt, —
1018 2142 2106 2203 dunkle Erinnerungen an früher selbst Erlebtes werden wach. Die
123 2163 1009 2223 und Abenteuer anderer Leute. sehe ich, wie sie ihre
2101 2159 2914 2225 so hier als einer unserer kraftvollsten Gestalter.
1027 2188 2116 2238 Scene wandelt sich —, der Zuschauer sieht das vor Augen, was
2159 2186 3221 2261 Die Aufführung des Deutschen Theaters war fast“
128 2199 1023 2259 n.“ In diesem Wort Burtons, das Washington
1020 2209 2116 2280 jene Frau in dunklem Ahnen erschant. Das Atelier des Meisters
135 2245 1008 2300 einem Skizzenbuch als Motto vorangesetzt hat, liegt
2114 2240 3209 2303 durchgängig gut. Es versagte nur Herr Hahn gänzlich, der
1024 2258 2109 2319 Remigio aus dem Venedig des 16. Jahrhunderts thut sich auf.
144 2280 1014 2336 dElend des Künstlerthums beschlossen. Er steht
2105 2275 3214 2340 wohl nicht in dies Ensemble gehört. Gute Leistungen boten Herr
1028 2297 2112 2358 Meister Remigio ist verreist, und seine Frau, eben jene Frau mit
2109 2312 3207 2376 Rittner als Caféhauslitterat, Herr Reinhardt, Herr
125 2316 1012 2383 nd das Leben hat keine Gewalt über ihn, denn seine
1023 2335 2116 2409 dem Dolche, hat ihrem Liebhaber, demselben Manne, der noch eben
131 2357 1023 2421 in Herz gehören den Gebilben seiner Kunst. Er bleibt
2109 2358 3204 2426 Fischer. Herr Bassermann gab zwei außerordentlich
1020 2374 2116 2437 um sie warb, ihre Gunst gewährt. Aber ihr Herz weiß nichts von
123 2394 1034 2470 ng, der ein volles Menschenloos nie auskostet, niemals
2122 2393 3214 2459 feine Charakteristilen, Frl. Triesch offenbarte ihr großes Können
1028 2417 2110 2478 dem, wonach ihre Sinne verlangten, und da Remigio heimkehrt,
2117 2435 3217 2493 in einer tragischen wie in einer komischen Rolle. Das Berliner
139 2434 1020 2495 rf. Das Schicksal webt seine Netze auch um ihn und
1034 2454 2108 2517 sagt sie ihm, was sie gethan, und stößt den Buhlen mit ihrem
127 2466 1025 2542 estehenden, aber das Leid, das er erfährt, wandelt sich
2111 2493 3179 2532 Publikum fängt an zu begreisen, was es an ihr besitzt. E. H.
1021 2490 2114 2555 Dolche nieder. Da Remigio sie so sieht, mit dem blutenden Dolch
136 2513 1023 2575 off“ für seine Kunst. Man mag an Goethe denken,
1021 2529 2113 2607 in der Hand, tritt er an ihr halbvollendetes Porträt und malt und
134 2558 1028 2621 Tod Derer, die seinem Herzen am nächsten stehen,
1027 2573 2100 2630 malt. Wieder wandelt sich die Scene, wieder stehen die beiden i
138 2600 1024 2641 gewinnt ... Und wenn nun das Kunstwerk die Er¬
1036 2611 2093 2676 der Bildergalerie, und nun, unter dem Einbruck, daß sie ihrem
122 2626 1025 2690 Künstlers ganz objektivirt widersviegelt, — was hat
1023 2639 2102 2710 Schicksal nicht entgehen kann, verspricht die Frau, dem Liebhabe
141 2665 1024 2731 Schaffende dabei empfunden! Wie verhält sich die
1020 2691 2107 2766 zu Willen zu sein. Tiefer, ich sagte es schon, ist das Proble#
142 2709 1020 2770 t, die er lebt, zu der Welt seiner Kunst, wie er selbst zu
1033 2733 2110 2795 erfaßt: etwas Bampyrhaftes ist in diesem Remigio, der aus der
127 2753 1025 2835 Wie werden aus den großen Schmerzen die kleinen
1039 2765 2120 2828 Aufopferung seines Weibes und ihrer Schreckensthat nur eben
1028 2808 2127 2876 den Stoff saugt für seine Kunst. Wiederum aber läuft alle
136 2816 1025 2885 Schnitzler's neue Einakter „Lebendige
1027 2847 2133 2904 Charakteristik und alle Phantastik auf ein kühles „fabula docet“)
162 2869 1015 2919 “ geben Antwart auf diese Fragen. Neben die ge¬
1027 2888 2132 2951 hinaus, und über Jahrhunderte hinwea illustrirt die Schicksals¬
123 2902 1024 2955 usammengehörigkeit tritt außerdem noch stoffliche Ver¬
1026 2941 2058 2992 fügung ohne feinere Psychologie ein psychologisches Theorem.
200 2946 1024 3003 „Lebendige Stunden“ hat Schnitzler seine
1074 2964 2144 3024 In „Literatur“ hat Schnitzler selbst die Vorstellungswelt
119 2985 1040 3042 er benannt, es ist dies gleichzeitig der Untertitel, den
1036 3002 2143 3065 des ersten Einakter kecklich parodirt, und was ihm im Ernst miß¬
128 3014 1037 3079 ieser Stücke führt. „Lebendige Stunden? Sie leben
1029 3033 2132 3099 lang, vermochte er durchaus im heitren Spiele: da ist Leben und
129 3056 1030 3123 änger als der Letzte, der sich ihrer erinnert. Es ist nicht
1033 3076 2128 3138 Laune und treffende Chatakteristik. Von den Dichtern und
137 3109 1029 3159 este Beruf, solchen Stunden Dauer zu verleihen, über
1027 3116 2130 3180 Künstlern steigt man zu Caféhaus=Literaten hinab. Männlein
130 3132 1023 3197 inaus.“ so spricht der Sohn, der seine Mutter verloren
1035 3156 2130 3228 und Fräulein hatten ein Verhältniß miteinander: die Liebesbriefe,
123 3178 1032 3239 eser Sohn ist ein Dichter. Er hat die Krankheit der
1034 3201 2143 3264 die sie einander schrieben, haben beide zu je einem Roman ausge¬
137 3214 1041 3282 enden mit ansehen müssen, und darüber die Fähigkeit,
1035 3235 2135 3311 schlachtet. Sie ist inzwischen ein anderes Verhältniß eingegangen,
136 3242 1048 3316 verloren. Ihr Tod trägt etwas wie Erlösung für ihn
1035 3267 2143 3326 und das ergibt eine Verwicklung, die sich lustig abspinnt. Mußie
139 3297 1034 3357 r weiß, nun wird er sich zu seiner Kunst zurückfinden
1041 3308 2142 3373 man den wahren Künstlern ihr Künstlerthum auf Schnitzler's
134 3331 1043 3392 tritt er dem Mann gegenüber, der seine Mutter geliebt
1038 3339 2139 3409 Wort hin glauben: diese Caséhaus=Literaten überzeugen in sich.
134 3372 1040 3433 it ihr lebendige Stunden lebendigen Glücks genoß. Und
1048 3394 2143 3452 Künstlerisch am belangvollsten aber ist „Die letzten Masken“.
127 3408 1036 3475 em Leide empört es, wie der Sohn das Andenken seiner
1047 3428 2145 3497 Ursprüngliche Tragik ist mit überlegenem Humor gesehen, ein¬
127 3449 1044 3510 ner Kunst zu opfern im Begriff steht, und er theilt ihm
1052 3471 2137 3537 fache, schlichte Charakteristik wächst sich eigenartig aus, in die
132 3489 1037 3546 inetwegen, um dir deine Ruhe wiederzugeben, ist deie
1044 3499 2154 3586 Tiefe armer, menschlicher Herzen fällt ein Schein. An den
137 3545 1045 3587 iwillig aus dem Leben geschieden.“ Aber auch das ver¬
1048 3543 2151 3607 „Grünen Kakadu“ fühlt man sich erinnert: das Spiel will Wirk¬
129 3567 1044 3628 junge Dichter. — Nicht ganz ohne Stimmung ist dieser
1040 3585 2157 3640 lichkeit werden, und Wirklichkeit bringt es dennoch nur zu einem
134 3613 1045 3661 organg gegeben. Aber so theoretisch, wie es hier stizzirt
1046 3619 2158 3686 Spiel. Im Allgemeinen Krankenhaus ist die Szene. Ein ver¬
133 3649 1055 3714 sich die Scene auf der Bühne ab. Die Charaktere sind
147 3648 2166 3760 oweit angedeutet, als es ihre theoretische Mission erfor¬ kommener Literat fühlt seine letzte Stunde nahe und da will er
