3484 4384
-6 2403 83 2469 Jah
-11 2455 79 2511 eiste
9 2840 74 2930 rch
382 74 630 150 16. 1
609 95 2031 224 Lebendige Stunden zyklus
2173 122 2627 233 box 21/2
1227 1230 1777 1328 ## vergilole Pergamente.
574 1265 1234 1363 Zia, einen einmal für unsere
2595 1278 3189 1374 ischer. degierung bei Er¬
1274 1309 3194 1406 Die Anlage würde vielleicht etwa einen ähn¬ teilung der Konzession für die Eisenbahnanschlüsse
241 1329 2208 1462 Unabhängigkeit zu führenden Kampf möglichst lichen Aufwand erfordern, wie er für die
2186 1377 3194 1470 in Buchs und St. Margrethen in Art. 28
239 1373 3190 1528 lange fortsetzen zu können. Umgekehrt werden Sperrfestung von St. Maurice gemacht wurde, des betreffenden Vertrages ein Mittelanschluß
232 1409 3196 1510 Befestigungen bei Basel ihren nächsten Zweck Durch die Geschütze jener Anlage würde das mit dem Vorarlberg garantiert wurde. Eine
233 1470 2202 1595 darin haben, daß sie uns einen Krieg ganze Thalbecken Basels vom Fuße des Blauen
2178 1519 3196 1637 Tramverbindung mit genannten Ortschaften
238 1576 1216 1651 „Lebendige Stunden"*) waren das einzige
1219 1604 2197 1682 Mitleiden verkümmerten Fähigkeiten zurückgeben. Noch
232 1624 1212 1689 Theaterereignis des Monats. Wir brauchen diesen Rück¬
2192 1628 3192 1718 große Beichte erleichtern möchte. Was gilt dem Künst¬
1207 1631 2203 1734 ahnt er nicht, daß reine Mutterliebe den Opfertod für
238 1669 1216 1751 fall nicht als Beginn einer neuen Krise aufzufassen;
2186 1672 3192 1770 ler der Inhalt dieser Beichte? Er will aus den Schmer¬
1211 1687 2192 1773 ihn gestorben, indem sie freiwillig die Qual des Lebens
232 1712 1217 1781 doch ist es lehrreich, das Drama einen Augenblick mit
2181 1727 3185 1805 zen des andern für sich Kapital schlagen, will das
1215 1726 2200 1836 verkürzte. Um ihn zu demütigen, macht ihm der Freund
233 1752 1217 1831 dem Roman zu vergleichen. Auf der Bühne herrscht
2179 1763 3176 1868 Mienenspiel und die Haltung studieren. So wird die
1210 1771 2184 1852 seiner Mutter, ein pensionierter Beamter, diese Ent¬
228 1785 1216 1877 noch immer die tolle Jagd nach dem Erfolg; alle mög¬
2187 1810 3191 1900 Scene, die nur eine Probe sein soll, zur Wirklichkeit,
1204 1816 2178 1907 hüllung. Ihm scheinen die Künstler insgesamt ein hoch¬
225 1833 1217 1923 lichen Richtungen laufen kreuz und quer durcheinander;
2185 1845 3181 1926 und die Wirklichkeit bleibt nur Spiel. Denn als nach¬
1206 1865 2180 1951 mütig Volk: während die andern Menschen für den
223 1880 1215 1964 die Hast des Schaffens führt zur Unrast; eine Samm¬
2176 1901 3180 1984 her der Jugendfreund kommt, den der Todeskandidat
1203 1907 2181 1993 Tod nur Thränen haben, wird er für sie zum frucht¬
223 1927 1208 1998 lung der Kräfte scheint vorderhand ausgeschlossen. Da¬
2184 1941 3184 2026 durch das Geständnis von der Untreue seiner Frau zu
1198 1954 2183 2039 baren Moment. Man denke: ein Musiker komponiert
226 1974 1204 2053 gegen leuchtet dem Roman zur Zeit eine freundlich
2183 1992 3172 2075 zermalmen gedenkt, weil er ihn alle die Jahre, den vom
1203 1999 2181 2084 am Sarge seines einzigen Kindes; die Philistermoral
223 2026 1207 2097 gleichmäßige Sonne; er hat die Ruhe wiedergewonnen
2173 2030 3170 2122 Glück Begünstigten, gehaßt hat, da reden sie über gleich¬
1198 2059 2175 2118 Verblickt darin den Gipfel der Frivolität. Und so wird
219 2056 1200 2144 und Werke hervorgebracht, denen dies schon äußerlich
2178 2074 3174 2160 gültige Dinge, und der berühmte Poet verrät wohl die
1202 2087 2177 2171 hier im ersten Stück, das für die drei folgenden der
210 2106 1214 2171 anzumerken ist an der Zahl der Bände; die Skizze ist
2172 2122 3179 2206 Hohlheit seiner Seele, aber der verkommene Journalist
1199 2128 2179 2213 Taufpate war, das Thema angeschlagen: die Künstler
220 2147 1201 2230 überwunden; der Umfang nötigt zur Verliefung, wie wir
2171 2169 3175 2244 verrät nicht sein Geheimnis. Die letzten Masken fallen
1186 2175 2174 2245 und der Tod. War es hier noch etwas von des Ge¬
216 2185 1197 2286 dies letzthin an Georg v. Omptedas „Cäcilie von Sarryn“
2159 2204 3164 2297 nicht. Wie sich Spiel und Wirklichkeit vermengen, ver¬
1186 2217 2167 2304 dankens Blässe angekränkelt, so gewinnt es in „Die
213 2239 1202 2324 und Thomas Manns „'uddenbrooks“ sahen. Wer
2167 2251 3170 2334 wischt sich die Grenzlinie zwischen Humor wih Tragik.
1185 2247 2174 2332 ]Frau mit dem Dolche“ schon dlühendere Gestalt.
205 2282 1197 2364 hätte sich vor fünf Jahren getraut, einen Noman von
2163 2308 3167 2380 Das niederschmetternde Geständnis geien an die
1193 2308 2171 2388 Der Renaissancemaler Remigio greift in dem Augen¬
214 2319 1202 2408 mehr als tausend Seiten zu schreiben? Man ist in¬
2173 2341 3159 2429 falsche Adresse, die Begegnung der ##. #inde klingt
1186 2344 2168 2423 blick zum Pinsel, ## seine ungetreue Frau ihren unbe¬
207 2360 1199 2457 zwischen auf epischem Gediez zuversichtlicher geworden,
2158 2387 3153 2462 ganz harmonisch aus. Mit wenigen Strichen ist dies
1191 2396 2173 2482 quemen Liebhaber erdolcht. Angesichts des Mordes
199 2411 1199 2498 hat Vertrauen zu sich seibst und dem Publikum gefun¬
2152 2436 3162 2496 meisterhaft gezeichnet. Der armselige Litterat, der auf¬
1192 2432 2158 2524 denkt er an ein unvollendetes Porträt und malt. Das
197 2444 1190 2539 den. Das großzügige Drama will jedoch noch immer
2157 2476 3150 2556 geblasene Dichter der selbstsüchtig=gutmütige Schau¬
1186 2476 2164 2562 ist in einen sehr aparten, lyrischen Rahmen hinein¬
204 2495 1193 2597 kein Lebenszeichen von sich geben. Einstweilen müssen
2164 2527 3157 2610 spieler stehen scharf umrissen vor uns. Ohne Bedenken
1178 2523 2168 2612 komponiert und führt auf der Brücke der Traumwelt
201 2543 1007 2624 wir uns bei der Diminutivkunst bescheiden.
2152 2566 3164 2649 würden wir diesem Einakter die Palme reichen, nicht
1183 2573 2169 2644 aus der Gegenwart in das Venedig des 16. Jahrhun¬
259 2596 1194 2677 „Lebendige Stunden? Sie leben doch nicht länger
2153 2607 3148 2693 nur unter denen, die Schnitzlers Namen tragen. — Auf
1190 2618 2146 2691 derts, aus einer modernen Bildergalerie in Meister Re¬
201 2613 1189 2715 als der letzte, der sich ihrer erinnert. Es ist nicht der
2154 2660 3146 2739 das ernste Trio folgt zum Schluß ein heiteres, ja über¬
1178 2648 2159 2737 migios Atelier. Fesselte „die Frau mit dem Dolche“
200 2689 1185 2762 schlechteste Beruf, solchen Stunden Dauer zu verleihen,
2146 2686 3137 2776 mütiges Satyrspiel, das das Thema ein wenig ver¬
1184 2701 2151 2788 durch den Reiz der Einkleidung, ohne psychologische
201 2726 1193 2813 über ihre Zeit hinaus“ so spricht ein junger Dichter,
2150 2740 3154 2816 schiebt. Nicht nur aus den Schmerzen der andern
1184 2748 2158 2834 Tiefen zu erschließen, so vereinigt der dritte Einakter
197 2763 1189 2845 der eben seine geliebte Mutter verloren. Die Leidende
2158 2786 3147 2868 schlagen die Künstler Kapital, sondern auch aus den
1179 2802 2146 2876 „Die letzten Masken“ stoffliche und inhaltliche
200 2807 1191 2890 hat ihn in seiner Schaffenskraft gehemmt; ihr Tod
2141 2834 3156 2916 eigenen. Das lehrt „Litteratur". Damit verlassen
1187 2834 2146 2919 Vorzüge. Das Thema selbst ist diesmal in eine Epi¬
203 2838 1181 2960 kommt thm als Erlösung, wird ihm seine durch das
2146 2868 3144 2959 wir die Sphäre der Dichter und steigen zu den Dichter¬
1183 2885 2153 2968 sode verlegt. Im allgemeinen Krankenhaus lauscht ein
2142 2911 3143 3022 lingen, den Kaffeehausgötzen hinab. Aus ihren kleinen
1171 2922 2149 3011 schwindsüchtiger Schauspieler, dem der Tod nur noch
238 2915 1172 3053 *) Erschienen im Verlag von S. Fischer in Berlin.
2138 2950 3130 3049 Liebesaffären machen sie ihre großen Romane. Un¬
1175 2972 2138 3055 eine kurze Frist gönnt, einem armen Teufel von Jour¬
186 2967 514 3055 Preis 2 Mark.
2140 3011 3141 3096 glücklicherweise benutzen sie dazu die gleichen documents
1150 3014 3136 3156 nalisten, der in seiner Sterbestunde sein Herz durch eine amoureax. Fräulein Margarete, die nach etwas wilder
