<?xml version="1.0" encoding="UTF-8" standalone="yes"?>
<PcGts xmlns="http://schema.primaresearch.org/PAGE/gts/pagecontent/2013-07-15" xmlns:xsi="http://www.w3.org/2001/XMLSchema-instance" xsi:schemaLocation="http://schema.primaresearch.org/PAGE/gts/pagecontent/2013-07-15 http://schema.primaresearch.org/PAGE/gts/pagecontent/2013-07-15/pagecontent.xsd">
    <Metadata>
        <Creator>prov=University of Rostock/Institute of Mathematics/CITlab/Gundram Leifert/gundram.leifert@uni-rostock.de:name=ONB_Newseye_GT_M1+(htr_id=10810)::::v=2.4.2
prov=University of Rostock/Institute of Mathematics/CITlab/Tobias Gruening/tobias.gruening@uni-rostock.de:name=de.uros.citlab.module.baseline2polygon.B2PSeamMultiOriented:v=2.4.2
prov=University of Rostock/Institute of Mathematics/CITlab/Tobias Gruening/tobias.gruening@uni-rostock.de:name=/mnt/transkribus/LA/DEA/URO/LA_news_onb_att.pb:de.uros.citlab.segmentation.CITlab_LA_ML:v=2.4.2
Transkribus</Creator>
        <Created>2019-10-07T11:33:18.439+02:00</Created>
        <LastChange>2019-10-08T11:43:44.275+02:00</LastChange>
        <TranskribusMetadata docId="223975" pageId="9500168" pageNr="7" tsid="16551704" status="IN_PROGRESS" userId="40391" imgUrl="https://files.transkribus.eu/Get?id=MZDFUFCSVZEEDWLHRYLSNBFD&amp;fileType=view" xmlUrl="https://files.transkribus.eu/Get?id=DPSBIWLPBNHHCQCUNJPTSETO" imageId="6190390"/>
    </Metadata>
    <Page imageFilename="223975_0007.jpeg" imageWidth="3484" imageHeight="4224">
        <ReadingOrder>
            <OrderedGroup id="ro_1711449659151" caption="Regions reading order">
                <RegionRefIndexed index="0" regionRef="r1"/>
            </OrderedGroup>
        </ReadingOrder>
        <TextRegion orientation="0.0" id="r1" custom="readingOrder {index:0;}">
            <Coords points="154,169 154,4033 3350,4033 3350,169"/>
            <TextLine id="r1l1" custom="readingOrder {index:0;}">
                <Coords points="2084,205 2148,219 2182,201 2256,217 2286,202 2335,206 2357,221 2369,209 2424,207 2425,137 2085,132"/>
                <Baseline points="2100,189 2125,189 2151,189 2177,190 2202,190 2228,190 2254,191 2279,191 2305,192 2331,192 2356,192 2382,192 2408,193"/>
                <TextEquiv>
                    <Unicode>box 21</Unicode>
                </TextEquiv>
            </TextLine>
            <TextLine id="r1l2" custom="readingOrder {index:1;}">
                <Coords points="242,220 1802,245 1906,227 1906,144 1585,141 1505,193 1374,141 242,165"/>
                <Baseline points="257,202 338,207 420,211 501,213 583,215 665,217 746,218 828,218 910,218 991,218 1073,217 1155,216 1236,215 1318,214 1400,213 1481,212 1563,212 1645,212 1726,212 1808,212 1890,213"/>
                <TextEquiv>
                    <Unicode>16.1. Lebendige Stunden Zuklus</Unicode>
                </TextEquiv>
            </TextLine>
            <TextLine id="r1l3" custom="readingOrder {index:2;}">
                <Coords points="179,647 306,693 353,675 446,684 511,753 618,801 664,652 635,653 616,631 564,634 522,593 426,592 399,567 368,584 262,574 212,539"/>
                <Baseline points="195,645 221,643 247,642 273,643 299,644 325,647 351,652 377,658 403,665 429,674 455,684 481,695 507,708 533,722 559,738 585,755 611,773"/>
                <TextEquiv>
                    <Unicode>Goldlschon</Unicode>
                </TextEquiv>
            </TextLine>
            <TextLine id="r1l4" custom="readingOrder {index:3;}">
                <Coords points="148,758 191,756 218,775 243,757 298,778 418,757 488,759 490,704 456,703 438,687 420,696 408,686 313,689 272,716 151,678"/>
                <Baseline points="164,746 189,746 215,746 241,746 266,746 292,746 318,746 343,747 369,748 395,750 420,752 446,754 472,757"/>
                <TextEquiv>
                    <Unicode>Bureau für 4</Unicode>
                </TextEquiv>
            </TextLine>
            <TextLine id="r1l5" custom="readingOrder {index:4;}">
                <Coords points="611,805 641,810 660,796 688,798 693,728 677,727 662,732 647,719 617,717"/>
                <Baseline points="628,781 674,784"/>
                <TextEquiv>
                    <Unicode>8</Unicode>
                </TextEquiv>
            </TextLine>
            <TextLine id="r1l6" custom="readingOrder {index:5;}">
                <Coords points="138,840 233,833 266,848 361,828 401,843 459,827 612,844 611,789 559,768 379,785 354,764 260,790 180,769 137,788"/>
                <Baseline points="154,828 180,828 206,828 232,827 258,827 284,826 310,825 336,825 362,823 389,823 415,822 441,822 467,822 493,822 519,823 545,824 571,825 598,828"/>
                <TextEquiv>
                    <Unicode>sschnitte und Verlag</Unicode>
                </TextEquiv>
            </TextLine>
            <TextLine id="r1l7" custom="readingOrder {index:6;}">
                <Coords points="148,898 277,888 320,906 359,884 613,898 613,843 573,837 350,829 264,849 230,833 148,837"/>
                <Baseline points="163,877 188,878 214,879 239,879 265,879 290,879 316,879 341,879 367,879 392,879 418,878 443,878 469,877 494,877 520,876 545,876 571,875 597,875"/>
                <TextEquiv>
                    <Unicode>nschaftlichen Revue.</Unicode>
                </TextEquiv>
            </TextLine>
            <TextLine id="r1l8" custom="readingOrder {index:7;}">
                <Coords points="168,966 340,946 435,970 477,943 719,956 719,880 658,899 615,877 584,902 339,888 269,910 211,892 168,911"/>
                <Baseline points="183,943 209,943 235,942 261,941 287,941 313,940 339,939 365,939 391,939 417,939 444,939 470,939 496,939 522,939 548,939 574,939 600,939 626,939 652,939 678,939 705,939"/>
                <TextEquiv>
                    <Unicode>Auguststr. 87 part.</Unicode>
                </TextEquiv>
            </TextLine>
            <TextLine id="r1l9" custom="readingOrder {index:8;}">
                <Coords points="168,1008 265,998 290,1014 345,1007 360,1019 391,1003 507,1009 581,990 580,938 513,960 482,945 446,960 424,948 268,965 167,956"/>
                <Baseline points="182,992 207,994 232,994 258,994 283,994 309,994 334,994 360,993 385,992 411,992 436,991 462,991 487,991 513,991 538,992 564,993"/>
                <TextEquiv>
                    <Unicode>n Amt III. No. 3051.</Unicode>
                </TextEquiv>
            </TextLine>
            <TextLine id="r1l10" custom="readingOrder {index:9;}">
                <Coords points="201,1058 424,1048 519,1069 684,1043 730,1058 767,1052 767,982 598,1007 201,1003"/>
                <Baseline points="216,1044 242,1043 269,1042 296,1041 323,1041 349,1040 376,1040 403,1040 430,1040 456,1040 483,1040 510,1040 537,1041 563,1041 590,1041 617,1040 644,1040 670,1040 697,1040 724,1039 751,1038"/>
                <TextEquiv>
                    <Unicode>B</Unicode>
                </TextEquiv>
            </TextLine>
            <TextLine id="r1l11" custom="readingOrder {index:10;}">
                <Coords points="177,1120 257,1123 269,1114 340,1123 382,1105 416,1120 434,1102 459,1099 459,1047 386,1056 303,1047 272,1065 211,1050 177,1062"/>
                <Baseline points="193,1099 218,1098 243,1097 268,1097 293,1097 318,1097 343,1097 368,1098 393,1098 418,1098 443,1097"/>
                <TextEquiv>
                    <Unicode>usschnitt</Unicode>
                </TextEquiv>
            </TextLine>
            <TextLine id="r1l12" custom="readingOrder {index:11;}">
                <Coords points="2084,1705 3234,1700 3338,1692 3337,1624 2083,1671"/>
                <Baseline points="2099,1705 2160,1704 2221,1704 2282,1702 2344,1701 2405,1700 2466,1699 2527,1698 2589,1697 2650,1696 2711,1695 2772,1693 2834,1692 2895,1691 2956,1690 3017,1689 3079,1688 3140,1687 3201,1686 3262,1685 3324,1685"/>
                <TextEquiv>
                    <Unicode>rächt ihr ganzes Geschlecht, indem sie dem Liebhaber das zuerst ver¬</Unicode>
                </TextEquiv>
            </TextLine>
            <TextLine id="r1l13" custom="readingOrder {index:12;}">
                <Coords points="852,1733 2100,1706 2099,1645 2026,1677 851,1669"/>
                <Baseline points="868,1728 928,1727 989,1726 1050,1725 1111,1724 1172,1723 1233,1722 1294,1721 1355,1720 1416,1718 1477,1717 1537,1716 1598,1715 1659,1714 1720,1713 1781,1712 1842,1711 1903,1710 1964,1710 2025,1710 2086,1710"/>
                <TextEquiv>
                    <Unicode>muß. Im letzten Moment wird ihm ein Schnippchen geschlagen.</Unicode>
                </TextEquiv>
            </TextLine>
            <TextLine id="r1l14" custom="readingOrder {index:13;}">
                <Coords points="2091,1753 3337,1754 3336,1689 3235,1685 2091,1708"/>
                <Baseline points="2108,1748 2168,1747 2229,1746 2290,1745 2350,1744 2411,1743 2472,1742 2532,1741 2593,1740 2654,1739 2715,1738 2775,1737 2836,1735 2897,1735 2957,1734 3018,1733 3079,1733 3139,1732 3200,1732 3261,1732 3322,1732"/>
                <TextEquiv>
                    <Unicode>weigerte Stelldichein bewilligt. Schnitzler hat hier keinen Klang zum</Unicode>
                </TextEquiv>
            </TextLine>
            <TextLine id="r1l15" custom="readingOrder {index:14;}">
                <Coords points="152,1763 204,1742 289,1770 409,1749 837,1769 837,1699 782,1680 152,1690"/>
                <Baseline points="167,1731 199,1736 232,1740 265,1744 297,1747 330,1749 363,1750 395,1751 428,1751 461,1751 494,1751 526,1750 559,1749 592,1748 624,1747 657,1746 690,1745 722,1744 755,1743 788,1743 821,1743"/>
                <TextEquiv>
                    <Unicode>“ von Arthur Schnitzler.</Unicode>
                </TextEquiv>
            </TextLine>
            <TextLine id="r1l16" custom="readingOrder {index:15;}">
                <Coords points="847,1777 2093,1749 2092,1712 2015,1701 847,1731"/>
                <Baseline points="863,1772 923,1772 984,1771 1045,1770 1106,1769 1166,1769 1227,1768 1288,1767 1349,1766 1409,1766 1470,1765 1531,1764 1592,1763 1652,1762 1713,1761 1774,1760 1835,1758 1895,1758 1956,1756 2017,1754 2078,1753"/>
                <TextEquiv>
                    <Unicode>Fester noch als bisher wird er an Margarethens Treue glauben, ein</Unicode>
                </TextEquiv>
            </TextLine>
            <TextLine id="r1l17" custom="readingOrder {index:16;}">
                <Coords points="2090,1802 3330,1805 3329,1747 3262,1733 2090,1750"/>
                <Baseline points="2105,1791 2165,1790 2225,1789 2286,1788 2346,1787 2407,1786 2467,1785 2528,1784 2588,1784 2649,1783 2709,1782 2769,1781 2830,1781 2890,1780 2951,1780 3011,1779 3072,1778 3132,1778 3193,1777 3253,1777 3314,1776"/>
                <TextEquiv>
                    <Unicode>reinen Tönen gebracht. Er quält sich viel, um wenig zu sagen. Nur</Unicode>
                </TextEquiv>
            </TextLine>
            <TextLine id="r1l18" custom="readingOrder {index:17;}">
                <Coords points="157,1816 200,1831 218,1813 252,1825 273,1812 488,1826 616,1806 615,1754 573,1776 410,1747 362,1769 337,1754 236,1764 205,1742 156,1761"/>
                <Baseline points="171,1807 196,1807 221,1807 246,1807 272,1807 297,1807 322,1808 348,1808 373,1808 398,1808 423,1808 449,1808 474,1807 499,1807 525,1806 550,1804 575,1802 601,1800"/>
                <TextEquiv>
                    <Unicode>im Deutschen, Thegter.</Unicode>
                </TextEquiv>
            </TextLine>
            <TextLine id="r1l19" custom="readingOrder {index:18;}">
                <Coords points="840,1814 1568,1824 1739,1790 1795,1823 2058,1807 2084,1757 839,1792"/>
                <Baseline points="855,1816 915,1815 976,1815 1037,1814 1098,1813 1159,1813 1219,1812 1280,1811 1341,1810 1402,1809 1463,1808 1523,1807 1584,1806 1645,1805 1706,1804 1767,1803 1827,1802 1888,1801 1949,1799 2010,1798 2071,1797"/>
                <TextEquiv>
                    <Unicode>##armer und doch in seiner Ahnungslosigkeit glücklicher Tropf.</Unicode>
                </TextEquiv>
            </TextLine>
            <TextLine id="r1l20" custom="readingOrder {index:19;}">
                <Coords points="2091,1852 2752,1821 2751,1782 2690,1777 2090,1794"/>
                <Baseline points="2105,1832 2136,1831 2168,1830 2199,1830 2231,1829 2263,1829 2294,1829 2326,1828 2357,1828 2389,1828 2421,1828 2452,1827 2484,1827 2515,1826 2547,1825 2579,1824 2610,1823 2642,1822 2673,1821 2705,1819 2737,1817"/>
                <TextEquiv>
                    <Unicode>Hintergrund, ohne echte Menschen.</Unicode>
                </TextEquiv>
            </TextLine>
            <TextLine id="r1l21" custom="readingOrder {index:20;}">
                <Coords points="840,1882 2091,1841 2090,1798 839,1827"/>
                <Baseline points="855,1855 916,1856 977,1857 1038,1857 1099,1857 1160,1856 1221,1856 1282,1855 1343,1854 1404,1852 1465,1851 1526,1850 1587,1848 1648,1847 1709,1845 1770,1843 1831,1842 1892,1840 1953,1839 2014,1838 2075,1837"/>
                <TextEquiv>
                    <Unicode>Schnitzler hat die Figuren brillant abgehoben, den Edelmann</Unicode>
                </TextEquiv>
            </TextLine>
            <TextLine id="r1l22" custom="readingOrder {index:21;}">
                <Coords points="159,1867 798,1866 853,1853 853,1822 705,1791 617,1793 571,1824 158,1815"/>
                <Baseline points="175,1862 208,1863 241,1863 274,1863 307,1863 340,1863 373,1862 406,1862 439,1862 472,1861 506,1860 539,1860 572,1859 605,1858 638,1857 671,1857 704,1856 737,1855 770,1855 803,1854 837,1853"/>
                <TextEquiv>
                    <Unicode>ein recht beträchtlicher, beinahe ein</Unicode>
                </TextEquiv>
            </TextLine>
            <TextLine id="r1l23" custom="readingOrder {index:22;}">
                <Coords points="2151,1881 3336,1870 3301,1809 3129,1797 2151,1832"/>
                <Baseline points="2166,1868 2223,1870 2281,1870 2339,1871 2396,1871 2454,1871 2512,1870 2569,1870 2627,1869 2685,1868 2743,1867 2800,1866 2858,1864 2916,1863 2973,1861 3031,1860 3089,1859 3146,1858 3204,1857 3262,1857 3320,1857"/>
                <TextEquiv>
                    <Unicode>Auch in dem Titelstück „Lebendige Stunden“ bleibt er aka¬</Unicode>
                </TextEquiv>
            </TextLine>
            <TextLine id="r1l24" custom="readingOrder {index:23;}">
                <Coords points="853,1903 2067,1893 2094,1837 852,1860"/>
                <Baseline points="869,1899 929,1898 990,1898 1050,1897 1111,1896 1171,1895 1232,1894 1292,1893 1353,1892 1413,1890 1474,1889 1534,1888 1595,1886 1655,1885 1716,1884 1776,1883 1837,1881 1897,1881 1958,1880 2018,1879 2079,1879"/>
                <TextEquiv>
                    <Unicode>mit dem Stallgeruch und der geräuschvollen Tugendprotzerei,</Unicode>
                </TextEquiv>
            </TextLine>
            <TextLine id="r1l25" custom="readingOrder {index:24;}">
                <Coords points="153,1913 848,1904 847,1855 153,1870"/>
                <Baseline points="168,1908 201,1908 234,1907 267,1907 301,1906 334,1906 367,1906 400,1905 434,1905 467,1905 500,1904 533,1904 567,1903 600,1903 633,1902 666,1901 700,1900 733,1899 766,1898 799,1896 833,1894"/>
                <TextEquiv>
                    <Unicode>egtheit im Publikum, viele Hervor¬</Unicode>
                </TextEquiv>
            </TextLine>
            <TextLine id="r1l26" custom="readingOrder {index:25;}">
                <Coords points="2094,1919 3330,1913 3311,1859 2093,1858"/>
                <Baseline points="2110,1917 2170,1917 2230,1916 2290,1915 2350,1914 2411,1914 2471,1913 2531,1912 2591,1911 2651,1910 2712,1909 2772,1908 2832,1908 2892,1906 2952,1906 3013,1905 3073,1904 3133,1903 3193,1902 3253,1901 3314,1900"/>
                <TextEquiv>
                    <Unicode>demisch ohne Fleisch und Blut. Zudem stellt er eine These auf, die</Unicode>
                </TextEquiv>
            </TextLine>
            <TextLine id="r1l27" custom="readingOrder {index:26;}">
                <Coords points="851,1945 2087,1938 2087,1886 850,1902"/>
                <Baseline points="865,1939 925,1939 985,1939 1046,1938 1106,1938 1166,1937 1227,1936 1287,1935 1347,1934 1408,1933 1468,1932 1528,1931 1589,1930 1649,1928 1709,1928 1770,1926 1830,1925 1890,1924 1951,1924 2011,1923 2072,1922"/>
                <TextEquiv>
                    <Unicode>das schmucke buhlerische und dabei sehr berechnende Weibchen und</Unicode>
                </TextEquiv>
            </TextLine>
            <TextLine id="r1l28" custom="readingOrder {index:27;}">
                <Coords points="157,1957 845,1945 845,1908 156,1914"/>
                <Baseline points="173,1952 205,1950 238,1949 271,1948 304,1947 337,1947 369,1946 402,1946 435,1946 468,1946 501,1946 533,1946 566,1946 599,1946 632,1945 664,1945 697,1944 730,1943 763,1942 796,1940 829,1938"/>
                <TextEquiv>
                    <Unicode>tzler hat vier Einakter geschrieben und</Unicode>
                </TextEquiv>
            </TextLine>
            <TextLine id="r1l29" custom="readingOrder {index:28;}">
                <Coords points="2089,1964 3288,1952 3334,1911 2088,1928"/>
                <Baseline points="2103,1963 2163,1961 2224,1959 2285,1957 2346,1956 2407,1955 2468,1955 2528,1954 2589,1954 2650,1954 2711,1953 2772,1953 2833,1953 2894,1952 2954,1951 3015,1950 3076,1949 3137,1947 3198,1946 3259,1943 3320,1940"/>
                <TextEquiv>
                    <Unicode>Niemand zu vertheidigen braucht, weil sie Niemand angreift, die These,</Unicode>
                </TextEquiv>
            </TextLine>
            <TextLine id="r1l30" custom="readingOrder {index:29;}">
                <Coords points="842,2006 2023,1992 2093,1978 2093,1936 841,1936"/>
                <Baseline points="857,1982 918,1980 979,1979 1040,1978 1101,1977 1162,1976 1223,1975 1284,1975 1345,1975 1406,1974 1467,1974 1528,1973 1589,1973 1650,1972 1711,1972 1772,1971 1833,1969 1894,1968 1955,1966 2016,1965 2078,1962"/>
                <TextEquiv>
                    <Unicode>den nonchalanten Kaffeehauszigenner voll Geist, Cynismus und Ver¬</Unicode>
                </TextEquiv>
            </TextLine>
            <TextLine id="r1l31" custom="readingOrder {index:30;}">
                <Coords points="148,1999 846,1992 845,1950 811,1944 184,1962 147,1944"/>
                <Baseline points="163,1993 196,1992 229,1991 262,1990 296,1990 329,1989 362,1989 396,1988 429,1988 462,1987 496,1987 529,1987 562,1986 595,1986 629,1986 662,1985 695,1985 729,1984 762,1983 795,1983 829,1981"/>
                <TextEquiv>
                    <Unicode>rologisirenden Stückes die nicht gerade</Unicode>
                </TextEquiv>
            </TextLine>
            <TextLine id="r1l32" custom="readingOrder {index:31;}">
                <Coords points="2092,2008 3203,2000 3340,1979 3339,1933 2091,1965"/>
                <Baseline points="2108,2004 2168,2002 2229,2000 2290,1999 2351,1998 2412,1997 2472,1997 2533,1996 2594,1996 2655,1996 2716,1996 2776,1995 2837,1995 2898,1994 2959,1994 3020,1992 3080,1991 3141,1989 3202,1987 3263,1985 3324,1981"/>
                <TextEquiv>
                    <Unicode>daß das Leben den Todten nicht geopfert werden darf. Zweierlei Aet</Unicode>
                </TextEquiv>
            </TextLine>
            <TextLine id="r1l33" custom="readingOrder {index:32;}">
                <Coords points="845,2047 943,2031 1010,2052 1038,2033 1123,2039 1175,2020 1203,2038 1393,2027 1392,1984 845,1998"/>
                <Baseline points="860,2024 885,2023 911,2023 937,2023 963,2023 989,2022 1015,2022 1041,2022 1067,2021 1093,2021 1119,2021 1144,2021 1170,2021 1196,2020 1222,2020 1248,2020 1274,2020 1300,2020 1326,2020 1352,2020 1378,2020"/>
                <TextEquiv>
                    <Unicode>achtung gegen alles Korrekte.</Unicode>
                </TextEquiv>
            </TextLine>
            <TextLine id="r1l34" custom="readingOrder {index:33;}">
                <Coords points="152,2042 850,2032 850,1992 152,1996"/>
                <Baseline points="167,2032 200,2032 233,2032 267,2032 300,2032 334,2032 367,2032 400,2031 434,2031 467,2031 501,2031 534,2030 567,2030 601,2029 634,2029 668,2028 701,2027 734,2025 768,2024 801,2022 835,2021"/>
                <TextEquiv>
                    <Unicode>Lebendige Stunden“ gegeben. Vier</Unicode>
                </TextEquiv>
            </TextLine>
            <TextLine id="r1l35" custom="readingOrder {index:34;}">
                <Coords points="2097,2049 3308,2037 3341,1976 2096,2007"/>
                <Baseline points="2112,2044 2172,2043 2233,2042 2294,2042 2355,2041 2416,2040 2476,2040 2537,2039 2598,2038 2659,2037 2720,2037 2780,2036 2841,2035 2902,2034 2963,2033 3024,2032 3084,2031 3145,2029 3206,2027 3267,2026 3328,2024"/>
                <TextEquiv>
                    <Unicode>Liebe stellt er gegeneinander. Die Alles gebende Liebe des reifen</Unicode>
                </TextEquiv>
            </TextLine>
            <TextLine id="r1l36" custom="readingOrder {index:35;}">
                <Coords points="898,2075 2064,2068 2093,2003 897,2042"/>
                <Baseline points="912,2076 970,2074 1028,2072 1087,2071 1145,2069 1203,2068 1262,2067 1320,2066 1378,2065 1437,2065 1495,2064 1553,2063 1612,2062 1670,2062 1728,2061 1787,2060 1845,2058 1903,2058 1962,2056 2020,2055 2079,2053"/>
                <TextEquiv>
                    <Unicode>In dem Schauspiel, das vorherging, ist Schnitzler vor</Unicode>
                </TextEquiv>
            </TextLine>
            <TextLine id="r1l37" custom="readingOrder {index:36;}">
                <Coords points="159,2097 416,2072 786,2080 859,2057 859,2018 158,2039"/>
                <Baseline points="173,2076 206,2077 240,2077 273,2076 307,2076 340,2076 374,2076 407,2075 441,2075 474,2074 508,2074 541,2073 575,2073 608,2072 642,2071 675,2071 709,2071 742,2070 776,2070 809,2069 843,2069"/>
                <TextEquiv>
                    <Unicode>dreitheiliger! Der Zettel las sich fast</Unicode>
                </TextEquiv>
            </TextLine>
            <TextLine id="r1l38" custom="readingOrder {index:37;}">
                <Coords points="2096,2102 3345,2079 3344,2030 2096,2050"/>
                <Baseline points="2111,2083 2175,2083 2239,2083 2303,2083 2367,2082 2431,2082 2495,2081 2560,2081 2624,2080 2688,2079 2752,2078 2816,2077 2880,2077 2945,2076 3009,2074 3073,2074 3137,2072 3201,2072 3265,2071 3330,2070"/>
                <TextEquiv>
                    <Unicode>Alters und die Liebe der Jugend, die Opfer verlangt und annimmt.</Unicode>
                </TextEquiv>
            </TextLine>
            <TextLine id="r1l39" custom="readingOrder {index:38;}">
                <Coords points="1978,2102 1996,2100 2009,2109 2024,2104 2046,2109 2058,2102 2064,2107 2089,2105 2085,2060 2070,2061 2064,2067 2049,2066 2036,2057 2015,2065 2005,2063 1994,2073 1975,2071"/>
                <Baseline points="1994,2100 2020,2098 2046,2096 2072,2094"/>
                <TextEquiv>
                    <Unicode>Im</Unicode>
                </TextEquiv>
            </TextLine>
            <TextLine id="r1l40" custom="readingOrder {index:39;}">
                <Coords points="838,2114 1961,2114 1991,2074 837,2050"/>
                <Baseline points="853,2117 909,2115 965,2113 1021,2112 1077,2112 1133,2111 1189,2110 1245,2110 1301,2110 1357,2110 1414,2110 1470,2110 1526,2109 1582,2109 1638,2108 1694,2107 1750,2106 1806,2105 1862,2103 1918,2101 1975,2098"/>
                <TextEquiv>
                    <Unicode>hallem der Meister diskreter und leise andemender Kunst.</Unicode>
                </TextEquiv>
            </TextLine>
            <TextLine id="r1l41" custom="readingOrder {index:40;}">
                <Coords points="161,2131 461,2140 513,2120 608,2141 654,2119 758,2139 843,2119 843,2074 161,2085"/>
                <Baseline points="177,2119 209,2119 242,2118 274,2118 307,2118 339,2117 372,2117 404,2117 437,2117 469,2116 502,2116 535,2116 567,2115 600,2115 632,2115 665,2114 697,2113 730,2112 762,2112 795,2111 828,2110"/>
                <TextEquiv>
                    <Unicode>Er hätte Einem die Stimmung ver¬</Unicode>
                </TextEquiv>
            </TextLine>
            <TextLine id="r1l42" custom="readingOrder {index:41;}">
                <Coords points="2145,2133 3326,2127 3347,2072 2144,2097"/>
                <Baseline points="2159,2125 2217,2126 2276,2126 2334,2126 2393,2125 2452,2125 2510,2124 2569,2124 2628,2123 2686,2122 2745,2121 2804,2120 2862,2119 2921,2118 2980,2116 3038,2115 3097,2114 3156,2113 3214,2111 3273,2110 3332,2109"/>
                <TextEquiv>
                    <Unicode>Von der Darstellung kann man viel Gutes sagen, besonders wenn</Unicode>
                </TextEquiv>
            </TextLine>
            <TextLine id="r1l43" custom="readingOrder {index:42;}">
                <Coords points="843,2192 2051,2153 2103,2143 2102,2094 841,2119"/>
                <Baseline points="858,2163 919,2161 980,2159 1042,2158 1103,2157 1165,2156 1226,2155 1287,2154 1349,2153 1410,2153 1472,2152 1533,2151 1594,2150 1656,2149 1717,2148 1779,2147 1840,2146 1901,2144 1963,2142 2024,2140 2086,2138"/>
                <TextEquiv>
                    <Unicode>Krankenhaus, wo der Tod hinter jedem Bette winkbereit steht, fallen</Unicode>
                </TextEquiv>
            </TextLine>
            <TextLine id="r1l44" custom="readingOrder {index:43;}">
                <Coords points="2091,2173 3076,2176 3345,2160 3345,2126 2090,2140"/>
                <Baseline points="2106,2173 2167,2171 2228,2170 2289,2169 2351,2168 2412,2167 2473,2166 2534,2165 2596,2164 2657,2164 2718,2163 2779,2162 2841,2161 2902,2160 2963,2159 3024,2158 3086,2157 3147,2156 3208,2154 3269,2153 3331,2152"/>
                <TextEquiv>
                    <Unicode>es zu spät ist, auf schwächere Punkte eingehend hinzuweisen.</Unicode>
                </TextEquiv>
            </TextLine>
            <TextLine id="r1l45" custom="readingOrder {index:44;}">
                <Coords points="855,2210 2069,2193 2096,2137 854,2168"/>
                <Baseline points="869,2205 929,2203 990,2201 1050,2199 1111,2198 1172,2197 1232,2197 1293,2196 1353,2196 1414,2195 1475,2195 1535,2194 1596,2194 1656,2193 1717,2192 1778,2190 1838,2189 1899,2186 1959,2184 2020,2181 2081,2177"/>
                <TextEquiv>
                    <Unicode>„die letzten Masken“ von den Seelen der Menschen. Der</Unicode>
                </TextEquiv>
            </TextLine>
            <TextLine id="r1l46" custom="readingOrder {index:45;}">
                <Coords points="160,2216 851,2210 850,2133 587,2171 538,2138 428,2167 370,2152 340,2177 290,2150 214,2164 159,2143"/>
                <Baseline points="175,2203 208,2204 241,2204 274,2204 307,2204 340,2204 373,2203 406,2203 439,2203 472,2202 505,2202 538,2201 571,2200 604,2200 637,2199 670,2198 703,2198 736,2197 769,2197 802,2196 836,2196"/>
                <TextEquiv>
                    <Unicode>dann in dem zweiten „Die Frau</Unicode>
                </TextEquiv>
            </TextLine>
            <TextLine id="r1l47" custom="readingOrder {index:46;}">
                <Coords points="2104,2222 3346,2218 3345,2157 2103,2176"/>
                <Baseline points="2120,2216 2180,2214 2241,2212 2301,2211 2362,2210 2423,2208 2483,2207 2544,2206 2604,2206 2665,2205 2726,2204 2786,2203 2847,2203 2907,2202 2968,2201 3029,2200 3089,2199 3150,2198 3210,2197 3271,2195 3332,2194"/>
                <TextEquiv>
                    <Unicode>Max Reinharbt war als Rabemacher voll erschütternder</Unicode>
                </TextEquiv>
            </TextLine>
            <TextLine id="r1l48" custom="readingOrder {index:47;}">
                <Coords points="844,2253 2096,2237 2095,2179 844,2207"/>
                <Baseline points="861,2247 921,2245 982,2243 1043,2242 1104,2241 1165,2240 1226,2239 1287,2239 1348,2238 1409,2238 1470,2237 1530,2237 1591,2236 1652,2235 1713,2234 1774,2232 1835,2230 1896,2228 1957,2226 2018,2223 2079,2219"/>
                <TextEquiv>
                    <Unicode>lungenkranke Schauspieler enthüllt sich in seiner ganzen kleinen</Unicode>
                </TextEquiv>
            </TextLine>
            <TextLine id="r1l49" custom="readingOrder {index:48;}">
                <Coords points="161,2253 853,2242 852,2212 779,2197 161,2217"/>
                <Baseline points="177,2248 210,2248 243,2248 276,2248 309,2248 342,2249 375,2248 408,2248 441,2248 474,2248 507,2248 540,2247 573,2247 606,2246 639,2246 672,2245 705,2244 738,2243 771,2242 804,2240 837,2239"/>
                <TextEquiv>
                    <Unicode>itzter nach Kränzen gegriffen, die ihm</Unicode>
                </TextEquiv>
            </TextLine>
            <TextLine id="r1l50" custom="readingOrder {index:49;}">
                <Coords points="2099,2256 3115,2261 3344,2241 3343,2192 2098,2217"/>
                <Baseline points="2114,2259 2174,2258 2235,2257 2296,2256 2356,2255 2417,2253 2478,2252 2538,2251 2599,2249 2660,2248 2721,2247 2781,2245 2842,2244 2903,2242 2963,2241 3024,2240 3085,2239 3145,2239 3206,2238 3267,2237 3328,2237"/>
                <TextEquiv>
                    <Unicode>Einfachheit, Hanns Fischer als Schauspieler — ebenfalls in den</Unicode>
                </TextEquiv>
            </TextLine>
            <TextLine id="r1l51" custom="readingOrder {index:50;}">
                <Coords points="857,2287 1420,2307 1527,2271 1628,2303 2081,2278 2099,2241 856,2248"/>
                <Baseline points="871,2287 931,2287 992,2286 1053,2286 1113,2285 1174,2284 1235,2283 1295,2282 1356,2281 1417,2279 1478,2278 1538,2277 1599,2275 1660,2274 1720,2272 1781,2271 1842,2270 1902,2268 1963,2267 2024,2266 2085,2265"/>
                <TextEquiv>
                    <Unicode>Gespreiztheit, und der abgezehrte Journalist Karl Rademacher,</Unicode>
                </TextEquiv>
            </TextLine>
            <TextLine id="r1l52" custom="readingOrder {index:51;}">
                <Coords points="157,2301 857,2284 856,2248 764,2237 156,2256"/>
                <Baseline points="173,2293 206,2293 240,2292 273,2292 307,2291 340,2291 374,2291 407,2291 441,2290 474,2290 508,2289 541,2289 575,2288 608,2287 642,2287 675,2286 709,2284 742,2283 776,2281 809,2279 843,2278"/>
                <TextEquiv>
                    <Unicode>chönem Streben, aber mit Unvermögen</Unicode>
                </TextEquiv>
            </TextLine>
            <TextLine id="r1l53" custom="readingOrder {index:52;}">
                <Coords points="2509,2301 2971,2290 2999,2314 3081,2289 3112,2313 3145,2287 3338,2296 3337,2241 2508,2262"/>
                <Baseline points="2523,2299 2563,2296 2603,2294 2643,2293 2683,2291 2723,2290 2763,2289 2803,2289 2843,2288 2883,2288 2923,2288 2963,2288 3003,2287 3043,2287 3083,2287 3123,2286 3163,2285 3203,2284 3243,2283 3283,2281 3323,2279"/>
                <TextEquiv>
                    <Unicode>ganz von der wehmüthigen Drolligkeit</Unicode>
                </TextEquiv>
            </TextLine>
            <TextLine id="r1l54" custom="readingOrder {index:53;}">
                <Coords points="2103,2305 2204,2317 2261,2293 2314,2300 2342,2321 2427,2287 2454,2292 2453,2252 2361,2253 2340,2269 2318,2254 2101,2272"/>
                <Baseline points="2117,2301 2143,2299 2170,2299 2197,2297 2224,2297 2251,2296 2278,2295 2304,2294 2331,2293 2358,2292 2385,2291 2412,2289 2439,2287"/>
                <TextEquiv>
                    <Unicode>„letzten Masken“</Unicode>
                </TextEquiv>
            </TextLine>
            <TextLine id="r1l55" custom="readingOrder {index:54;}">
                <Coords points="851,2339 1992,2304 1841,2273 850,2296"/>
                <Baseline points="865,2331 920,2330 976,2329 1031,2327 1087,2326 1142,2325 1198,2325 1253,2324 1309,2323 1364,2323 1420,2322 1475,2321 1531,2321 1586,2320 1642,2319 1697,2318 1753,2316 1808,2315 1864,2313 1919,2311 1975,2309"/>
                <TextEquiv>
                    <Unicode>deckt sein armes, stumm gewesenes Herz auf und</Unicode>
                </TextEquiv>
            </TextLine>
            <TextLine id="r1l56" custom="readingOrder {index:55;}">
                <Coords points="153,2348 722,2324 777,2341 853,2328 853,2285 152,2296"/>
                <Baseline points="169,2334 202,2334 235,2334 269,2334 302,2333 336,2333 369,2333 402,2333 436,2333 469,2333 503,2333 536,2332 569,2332 603,2331 636,2330 670,2329 703,2328 736,2327 770,2325 803,2324 837,2321"/>
                <TextEquiv>
                    <Unicode>ußspitzen und langt in die kühle</Unicode>
                </TextEquiv>
            </TextLine>
            <TextLine id="r1l57" custom="readingOrder {index:56;}">
                <Coords points="2102,2345 3350,2349 3349,2279 2101,2305"/>
                <Baseline points="2118,2342 2178,2341 2239,2339 2300,2338 2361,2337 2422,2336 2483,2335 2544,2334 2605,2333 2666,2332 2727,2331 2787,2330 2848,2329 2909,2329 2970,2328 3031,2327 3092,2327 3153,2326 3214,2326 3275,2325 3336,2325"/>
                <TextEquiv>
                    <Unicode>der Rolle erfüllt. Rittner zeigte sich als Münchener</Unicode>
                </TextEquiv>
            </TextLine>
            <TextLine id="r1l58" custom="readingOrder {index:57;}">
                <Coords points="1990,2367 2008,2366 2023,2354 2030,2360 2051,2356 2060,2365 2076,2362 2091,2346 2112,2349 2110,2239 2089,2242 2070,2230 2043,2237 2030,2228 1987,2235"/>
                <Baseline points="2005,2351 2035,2350 2065,2351 2096,2348"/>
                <TextEquiv>
                    <Unicode>141</Unicode>
                </TextEquiv>
            </TextLine>
            <TextLine id="r1l59" custom="readingOrder {index:58;}">
                <Coords points="1419,2370 1526,2358 1640,2381 1691,2352 1970,2371 2006,2355 2006,2322 1418,2327"/>
                <Baseline points="1433,2364 1460,2364 1488,2364 1516,2363 1544,2363 1572,2363 1600,2362 1628,2361 1656,2361 1684,2360 1712,2360 1739,2359 1767,2359 1795,2358 1823,2358 1851,2357 1879,2356 1907,2356 1935,2355 1963,2355 1991,2354"/>
                <TextEquiv>
                    <Unicode>sich gegen die Falschheit</Unicode>
                </TextEquiv>
            </TextLine>
            <TextLine id="r1l60" custom="readingOrder {index:59;}">
                <Coords points="845,2401 967,2368 1047,2388 1083,2369 1294,2378 1343,2362 1362,2377 1435,2357 1434,2323 1092,2326 1067,2345 844,2324"/>
                <Baseline points="859,2370 887,2371 915,2371 943,2371 971,2371 999,2371 1027,2371 1055,2370 1083,2370 1111,2370 1139,2369 1167,2368 1195,2368 1223,2367 1251,2366 1279,2366 1307,2365 1335,2364 1363,2364 1391,2363 1419,2362"/>
                <TextEquiv>
                    <Unicode>den Trotz ausströmen, der</Unicode>
                </TextEquiv>
            </TextLine>
            <TextLine id="r1l61" custom="readingOrder {index:60;}">
                <Coords points="165,2388 801,2376 832,2369 831,2326 164,2345"/>
                <Baseline points="179,2375 210,2375 242,2374 274,2374 306,2374 338,2374 370,2374 402,2374 434,2374 466,2374 498,2374 529,2374 561,2374 593,2374 625,2373 657,2372 689,2370 721,2369 753,2367 785,2364 817,2361"/>
                <TextEquiv>
                    <Unicode>en Thurmhöhen des Pathetischen. Es</Unicode>
                </TextEquiv>
            </TextLine>
            <TextLine id="r1l62" custom="readingOrder {index:61;}">
                <Coords points="2100,2387 3346,2388 3345,2318 2100,2344"/>
                <Baseline points="2115,2384 2175,2383 2236,2383 2297,2382 2358,2381 2419,2380 2480,2379 2540,2378 2601,2377 2662,2376 2723,2375 2784,2374 2845,2373 2906,2372 2966,2371 3027,2371 3088,2370 3149,2370 3210,2370 3271,2370 3332,2371"/>
                <TextEquiv>
                    <Unicode>Bohémien (mit der Maske eines bekannten Antors) in</Unicode>
                </TextEquiv>
            </TextLine>
            <TextLine id="r1l63" custom="readingOrder {index:62;}">
                <Coords points="1978,2400 1994,2401 2003,2392 2012,2401 2052,2401 2061,2408 2067,2402 2101,2402 2102,2359 2047,2355 2019,2358 2001,2343 1979,2342"/>
                <Baseline points="1993,2395 2024,2393 2055,2394 2086,2396"/>
                <TextEquiv>
                    <Unicode>alle,</Unicode>
                </TextEquiv>
            </TextLine>
            <TextLine id="r1l64" custom="readingOrder {index:63;}">
                <Coords points="860,2421 1995,2404 1994,2361 1691,2351 1643,2380 859,2378"/>
                <Baseline points="874,2413 929,2413 984,2413 1039,2412 1095,2412 1150,2411 1205,2410 1261,2409 1316,2408 1371,2407 1427,2406 1482,2404 1537,2403 1592,2402 1648,2401 1703,2400 1758,2399 1814,2398 1869,2397 1924,2397 1980,2397"/>
                <TextEquiv>
                    <Unicode>Schickfals aufgehäuft hat, und die Abgunst gegen</Unicode>
                </TextEquiv>
            </TextLine>
            <TextLine id="r1l65" custom="readingOrder {index:64;}">
                <Coords points="176,2428 855,2416 861,2370 175,2379"/>
                <Baseline points="190,2415 222,2415 255,2415 288,2416 321,2416 353,2416 386,2416 419,2416 452,2416 484,2416 517,2415 550,2415 583,2414 615,2414 648,2413 681,2413 714,2411 746,2410 779,2408 812,2407 845,2405"/>
                <TextEquiv>
                    <Unicode>nur halb, nur unter Schweißans¬</Unicode>
                </TextEquiv>
            </TextLine>
            <TextLine id="r1l66" custom="readingOrder {index:65;}">
                <Coords points="2110,2440 3349,2424 3348,2365 2109,2388"/>
                <Baseline points="2125,2429 2185,2428 2245,2427 2306,2426 2366,2424 2427,2423 2487,2422 2548,2421 2608,2420 2669,2419 2729,2418 2789,2417 2850,2416 2910,2415 2971,2414 3031,2414 3092,2413 3152,2412 3213,2412 3273,2411 3334,2411"/>
                <TextEquiv>
                    <Unicode>seinem kantigen Phlegma höchst ergötzlich. Bassermann nahm</Unicode>
                </TextEquiv>
            </TextLine>
            <TextLine id="r1l67" custom="readingOrder {index:66;}">
                <Coords points="1972,2428 1990,2428 2018,2443 2097,2439 2097,2402 2011,2400 1993,2388 1987,2394 1971,2394"/>
                <Baseline points="1988,2438 2019,2434 2050,2436 2081,2435"/>
                <TextEquiv>
                    <Unicode>Vor</Unicode>
                </TextEquiv>
            </TextLine>
            <TextLine id="r1l68" custom="readingOrder {index:67;}">
                <Coords points="163,2471 1825,2460 1959,2400 163,2434"/>
                <Baseline points="179,2459 267,2458 355,2457 443,2456 531,2455 620,2454 708,2454 796,2453 884,2453 972,2452 1061,2452 1149,2451 1237,2451 1325,2450 1413,2449 1502,2447 1590,2446 1678,2444 1766,2442 1854,2439 1943,2436"/>
                <TextEquiv>
                    <Unicode>en sich selbst. Dann aber, in dem ernsten denen es besser beschieden war. Rademacher fühlt sich sterb</Unicode>
                </TextEquiv>
            </TextLine>
            <TextLine id="r1l69" custom="readingOrder {index:68;}">
                <Coords points="2093,2479 3348,2479 3347,2421 2092,2442"/>
                <Baseline points="2109,2472 2170,2471 2231,2470 2292,2469 2353,2468 2414,2467 2475,2466 2536,2464 2597,2464 2658,2463 2720,2462 2781,2461 2842,2460 2903,2459 2964,2458 3025,2458 3086,2457 3147,2456 3208,2456 3269,2455 3331,2455"/>
                <TextEquiv>
                    <Unicode>zweimal Gelegenheit, zu zeigen, wie er in Aussehen und Spiel,</Unicode>
                </TextEquiv>
            </TextLine>
            <TextLine id="r1l70" custom="readingOrder {index:69;}">
                <Coords points="862,2507 2031,2495 2098,2488 2097,2439 861,2461"/>
                <Baseline points="877,2497 937,2497 997,2497 1057,2496 1117,2496 1178,2495 1238,2494 1298,2493 1358,2492 1418,2491 1479,2489 1539,2488 1599,2487 1659,2486 1719,2484 1780,2483 1840,2482 1900,2481 1960,2480 2020,2479 2081,2478"/>
                <TextEquiv>
                    <Unicode>dem Tode will er noch einmal dem Jugendgenossen, dem erühmt</Unicode>
                </TextEquiv>
            </TextLine>
            <TextLine id="r1l71" custom="readingOrder {index:70;}">
                <Coords points="161,2507 865,2499 864,2460 840,2454 160,2471"/>
                <Baseline points="177,2503 210,2502 244,2501 277,2500 311,2499 345,2499 378,2498 412,2498 445,2498 479,2498 513,2498 546,2497 580,2497 613,2497 647,2497 681,2496 714,2496 748,2495 781,2495 815,2493 849,2492"/>
                <TextEquiv>
                    <Unicode>sken“ und in dem Uebermuthschwank</Unicode>
                </TextEquiv>
            </TextLine>
            <TextLine id="r1l72" custom="readingOrder {index:71;}">
                <Coords points="2097,2513 3357,2511 3357,2453 2096,2479"/>
                <Baseline points="2113,2513 2174,2512 2235,2511 2297,2510 2358,2510 2420,2509 2481,2508 2543,2507 2604,2506 2666,2505 2727,2504 2788,2503 2850,2502 2911,2501 2973,2500 3034,2499 3096,2498 3157,2497 3219,2496 3280,2494 3342,2493"/>
                <TextEquiv>
                    <Unicode>bis in die kleinste Bewegung hinein, sich in die Gestalten des</Unicode>
                </TextEquiv>
            </TextLine>
            <TextLine id="r1l73" custom="readingOrder {index:72;}">
                <Coords points="858,2556 2018,2542 2100,2528 2100,2479 858,2513"/>
                <Baseline points="873,2544 933,2542 994,2540 1054,2538 1115,2537 1175,2535 1236,2534 1296,2533 1357,2532 1417,2531 1478,2530 1539,2529 1599,2529 1660,2528 1720,2527 1781,2526 1841,2525 1902,2524 1962,2523 2023,2522 2084,2520"/>
                <TextEquiv>
                    <Unicode>gewordenen Dichter Alexander Weihgast sagen, wie er ihn de echschaue</Unicode>
                </TextEquiv>
            </TextLine>
            <TextLine id="r1l74" custom="readingOrder {index:73;}">
                <Coords points="164,2550 856,2544 855,2496 494,2514 399,2494 164,2522"/>
                <Baseline points="179,2545 212,2545 245,2544 278,2544 311,2543 344,2543 377,2543 410,2542 443,2542 476,2541 509,2541 542,2541 575,2540 608,2539 641,2539 674,2538 707,2537 740,2537 773,2536 806,2534 839,2533"/>
                <TextEquiv>
                    <Unicode>ge die Züge wieder, die wir herziich an</Unicode>
                </TextEquiv>
            </TextLine>
            <TextLine id="r1l75" custom="readingOrder {index:74;}">
                <Coords points="2108,2567 3353,2556 3352,2495 2107,2521"/>
                <Baseline points="2124,2556 2184,2554 2245,2553 2305,2552 2366,2551 2427,2550 2487,2549 2548,2548 2608,2547 2669,2546 2730,2545 2790,2544 2851,2544 2911,2543 2972,2542 3033,2541 3093,2540 3154,2538 3214,2537 3275,2536 3336,2534"/>
                <TextEquiv>
                    <Unicode>Dichters zu finden wußte. Der Jockey=Edelmann des letzten</Unicode>
                </TextEquiv>
            </TextLine>
            <TextLine id="r1l76" custom="readingOrder {index:75;}">
                <Coords points="864,2596 2103,2574 2102,2525 863,2553"/>
                <Baseline points="880,2586 940,2585 1000,2583 1061,2581 1121,2580 1181,2578 1242,2577 1302,2575 1362,2574 1423,2573 1483,2572 1543,2570 1604,2570 1664,2568 1724,2567 1785,2566 1845,2565 1905,2564 1966,2563 2026,2563 2087,2561"/>
                <TextEquiv>
                    <Unicode>in seiner geistigen Hohlheit, und wie er ihn verachte wegen seiner un¬</Unicode>
                </TextEquiv>
            </TextLine>
            <TextLine id="r1l77" custom="readingOrder {index:76;}">
                <Coords points="167,2596 800,2590 855,2583 855,2541 166,2550"/>
                <Baseline points="181,2587 213,2586 246,2586 279,2586 312,2585 345,2585 378,2585 411,2584 444,2584 477,2583 510,2583 542,2582 575,2582 608,2581 641,2581 674,2580 707,2580 740,2580 773,2579 806,2578 839,2578"/>
                <TextEquiv>
                    <Unicode>hn von Neuem als oühnengerechten Voll¬</Unicode>
                </TextEquiv>
            </TextLine>
            <TextLine id="r1l78" custom="readingOrder {index:77;}">
                <Coords points="2363,2594 3343,2586 3342,2549 3116,2536 2363,2566"/>
                <Baseline points="2379,2592 2426,2591 2473,2589 2521,2588 2568,2587 2616,2586 2663,2586 2711,2586 2758,2585 2806,2585 2853,2585 2900,2584 2948,2584 2995,2584 3043,2583 3090,2583 3138,2582 3185,2582 3233,2581 3280,2579 3328,2578"/>
                <TextEquiv>
                    <Unicode>der süßholzraspelnde, in sich selbst verliebte</Unicode>
                </TextEquiv>
            </TextLine>
            <TextLine id="r1l79" custom="readingOrder {index:78;}">
                <Coords points="2107,2606 2382,2598 2382,2549 2321,2565 2290,2551 2259,2563 2106,2560"/>
                <Baseline points="2122,2596 2149,2595 2176,2595 2203,2595 2230,2594 2257,2593 2284,2593 2311,2592 2338,2592 2366,2592"/>
                <TextEquiv>
                    <Unicode>Stückes und</Unicode>
                </TextEquiv>
            </TextLine>
            <TextLine id="r1l80" custom="readingOrder {index:79;}">
                <Coords points="867,2631 1966,2629 2109,2617 2108,2558 866,2591"/>
                <Baseline points="883,2627 943,2626 1004,2624 1064,2623 1125,2622 1185,2620 1246,2619 1306,2618 1367,2617 1427,2616 1488,2615 1548,2614 1609,2613 1669,2612 1730,2611 1790,2610 1851,2609 1911,2607 1972,2606 2032,2604 2093,2602"/>
                <TextEquiv>
                    <Unicode>verdienten Erfolge. Er will ihm sogar sein häusliches</Unicode>
                </TextEquiv>
            </TextLine>
            <TextLine id="r1l81" custom="readingOrder {index:80;}">
                <Coords points="153,2636 838,2633 863,2627 863,2590 229,2593 152,2572"/>
                <Baseline points="169,2628 202,2628 236,2628 270,2628 304,2628 338,2628 372,2627 406,2627 440,2627 474,2626 508,2626 541,2626 575,2625 609,2625 643,2624 677,2624 711,2624 745,2623 779,2623 813,2623 847,2623"/>
                <TextEquiv>
                    <Unicode>die literarische Schule aufgestellt hat,</Unicode>
                </TextEquiv>
            </TextLine>
            <TextLine id="r1l82" custom="readingOrder {index:81;}">
                <Coords points="2114,2644 3362,2643 3361,2563 3267,2596 2113,2598"/>
                <Baseline points="2128,2638 2188,2638 2249,2637 2310,2637 2371,2636 2432,2635 2493,2634 2554,2633 2615,2632 2676,2631 2737,2629 2797,2628 2858,2627 2919,2626 2980,2625 3041,2624 3102,2623 3163,2623 3224,2622 3285,2622 3346,2622"/>
                <TextEquiv>
                    <Unicode>Dichter des dritten Stückes waren Beide von absoluter</Unicode>
                </TextEquiv>
            </TextLine>
            <TextLine id="r1l83" custom="readingOrder {index:82;}">
                <Coords points="854,2674 2097,2658 2096,2612 1897,2603 854,2628"/>
                <Baseline points="871,2668 931,2667 992,2666 1052,2665 1113,2664 1173,2663 1234,2662 1294,2662 1355,2661 1415,2660 1476,2659 1537,2658 1597,2657 1658,2656 1718,2655 1779,2654 1839,2653 1900,2652 1960,2651 2021,2651 2082,2650"/>
                <TextEquiv>
                    <Unicode>Glück zerstören, indem er ihm die Untreue seiner Frau</Unicode>
                </TextEquiv>
            </TextLine>
            <TextLine id="r1l84" custom="readingOrder {index:83;}">
                <Coords points="149,2676 868,2675 867,2623 659,2641 148,2627"/>
                <Baseline points="165,2670 199,2670 233,2669 268,2669 302,2669 337,2669 371,2669 405,2669 440,2669 474,2669 509,2668 543,2668 577,2668 612,2667 646,2667 681,2666 715,2666 749,2665 784,2664 818,2663 853,2661"/>
                <TextEquiv>
                    <Unicode>Seine Gedanken sind zart un ohne</Unicode>
                </TextEquiv>
            </TextLine>
            <TextLine id="r1l85" custom="readingOrder {index:84;}">
                <Coords points="2098,2683 3353,2674 3325,2625 2098,2640"/>
                <Baseline points="2115,2681 2176,2680 2237,2679 2298,2678 2359,2677 2420,2676 2481,2676 2543,2675 2604,2674 2665,2673 2726,2672 2787,2671 2848,2671 2909,2670 2971,2669 3032,2669 3093,2668 3154,2668 3215,2667 3276,2667 3338,2666"/>
                <TextEquiv>
                    <Unicode>Lebenskraft erfüllt. Irene Triesch, die Vielumstrittene, trat</Unicode>
                </TextEquiv>
            </TextLine>
            <TextLine id="r1l86" custom="readingOrder {index:85;}">
                <Coords points="866,2725 2099,2694 2098,2654 1982,2647 865,2679"/>
                <Baseline points="881,2711 941,2710 1001,2709 1061,2708 1121,2707 1181,2706 1241,2705 1302,2704 1362,2703 1422,2702 1482,2701 1542,2701 1602,2700 1662,2699 1723,2698 1783,2697 1843,2696 1903,2695 1963,2694 2023,2692 2084,2691"/>
                <TextEquiv>
                    <Unicode>verräth. Das alles übt er sich vor dem schwindsüchtigen</Unicode>
                </TextEquiv>
            </TextLine>
            <TextLine id="r1l87" custom="readingOrder {index:86;}">
                <Coords points="153,2707 293,2728 566,2703 615,2721 860,2714 859,2665 152,2674"/>
                <Baseline points="169,2705 202,2707 236,2708 270,2709 304,2710 337,2710 371,2711 405,2711 439,2710 472,2710 506,2710 540,2709 574,2709 607,2708 641,2708 675,2707 709,2707 742,2706 776,2706 810,2706 844,2706"/>
                <TextEquiv>
                    <Unicode>. Leben, Spiegelungen der Wirklichkeit,</Unicode>
                </TextEquiv>
            </TextLine>
            <TextLine id="r1l88" custom="readingOrder {index:87;}">
                <Coords points="2102,2727 3234,2724 3359,2710 3359,2664 2101,2687"/>
                <Baseline points="2117,2723 2178,2723 2239,2722 2301,2721 2362,2721 2423,2720 2485,2719 2546,2718 2607,2717 2669,2716 2730,2715 2791,2714 2853,2713 2914,2713 2975,2712 3037,2711 3098,2710 3159,2710 3221,2709 3282,2709 3344,2709"/>
                <TextEquiv>
                    <Unicode>ebenfalls in zwei Stücken heraus. In „Literatur“ schien sie</Unicode>
                </TextEquiv>
            </TextLine>
            <TextLine id="r1l89" custom="readingOrder {index:88;}">
                <Coords points="863,2761 2105,2729 2104,2692 2037,2690 862,2716"/>
                <Baseline points="878,2753 938,2752 999,2751 1059,2750 1120,2750 1181,2749 1241,2748 1302,2747 1362,2746 1423,2745 1484,2744 1544,2743 1605,2742 1665,2741 1726,2740 1787,2739 1847,2738 1908,2736 1968,2735 2029,2734 2090,2732"/>
                <TextEquiv>
                    <Unicode>Schauspieler wie in einer Generalprobe ein. Als dann aber Weih¬</Unicode>
                </TextEquiv>
            </TextLine>
            <TextLine id="r1l90" custom="readingOrder {index:89;}">
                <Coords points="169,2762 405,2772 533,2743 656,2770 864,2746 863,2713 817,2710 169,2713"/>
                <Baseline points="184,2753 217,2752 250,2752 283,2752 316,2752 350,2752 383,2752 416,2751 449,2751 482,2751 516,2751 549,2751 582,2750 615,2750 648,2750 682,2749 715,2749 748,2748 781,2747 814,2746 848,2746"/>
                <TextEquiv>
                    <Unicode>hächst geschickt den Bedingungen der</Unicode>
                </TextEquiv>
            </TextLine>
            <TextLine id="r1l91" custom="readingOrder {index:90;}">
                <Coords points="2112,2771 3358,2752 3336,2706 2112,2728"/>
                <Baseline points="2128,2766 2188,2765 2249,2764 2310,2764 2370,2763 2431,2762 2492,2761 2552,2761 2613,2760 2674,2759 2735,2759 2795,2758 2856,2757 2917,2757 2977,2756 3038,2755 3099,2754 3159,2753 3220,2752 3281,2751 3342,2750"/>
                <TextEquiv>
                    <Unicode>der inneren Komik der Rolle nur zum Theil gewachsen zu sein.</Unicode>
                </TextEquiv>
            </TextLine>
            <TextLine id="r1l92" custom="readingOrder {index:91;}">
                <Coords points="863,2811 2121,2802 2119,2716 862,2762"/>
                <Baseline points="879,2800 940,2798 1001,2797 1062,2795 1124,2794 1185,2793 1246,2791 1307,2790 1369,2789 1430,2788 1491,2787 1552,2786 1614,2785 1675,2784 1736,2783 1797,2781 1859,2780 1920,2779 1981,2777 2042,2776 2104,2774"/>
                <TextEquiv>
                    <Unicode>gast wirklich erscheint, als Rademacher ihn mi dem Hellblick des</Unicode>
                </TextEquiv>
            </TextLine>
            <TextLine id="r1l93" custom="readingOrder {index:92;}">
                <Coords points="175,2808 276,2789 380,2813 404,2791 573,2815 667,2789 814,2801 863,2788 863,2748 676,2768 535,2744 490,2766 174,2759"/>
                <Baseline points="191,2794 223,2794 256,2794 289,2794 322,2794 355,2794 387,2794 420,2794 453,2794 486,2794 519,2794 551,2794 584,2793 617,2793 650,2793 682,2792 715,2792 748,2791 781,2790 814,2790 847,2789"/>
                <TextEquiv>
                    <Unicode>und Geist ein Künstler, mit der</Unicode>
                </TextEquiv>
            </TextLine>
            <TextLine id="r1l94" custom="readingOrder {index:93;}">
                <Coords points="2099,2816 3354,2808 3329,2753 2099,2777"/>
                <Baseline points="2115,2811 2176,2809 2237,2808 2298,2807 2360,2806 2421,2805 2482,2804 2543,2803 2605,2802 2666,2801 2727,2801 2788,2800 2850,2799 2911,2798 2972,2798 3033,2797 3095,2796 3156,2795 3217,2794 3278,2793 3340,2792"/>
                <TextEquiv>
                    <Unicode>Man kann sich das alles ohne Aufdringlichkeit noch viel markanter</Unicode>
                </TextEquiv>
            </TextLine>
            <TextLine id="r1l95" custom="readingOrder {index:94;}">
                <Coords points="869,2841 2099,2835 2113,2773 868,2798"/>
                <Baseline points="885,2839 945,2839 1006,2838 1066,2838 1127,2837 1188,2836 1248,2835 1309,2834 1370,2833 1430,2831 1491,2830 1552,2828 1612,2827 1673,2826 1734,2824 1794,2823 1855,2821 1916,2820 1976,2819 2037,2818 2098,2817"/>
                <TextEquiv>
                    <Unicode>Stei benden völlig durchschaut in seiner Aufgeblasenheit, in</Unicode>
                </TextEquiv>
            </TextLine>
            <TextLine id="r1l96" custom="readingOrder {index:95;}">
                <Coords points="156,2853 661,2842 688,2824 744,2853 860,2842 859,2797 782,2785 302,2802 280,2784 204,2803 155,2780"/>
                <Baseline points="171,2839 204,2839 238,2839 271,2839 305,2839 339,2839 372,2838 406,2838 439,2837 473,2837 507,2836 540,2835 574,2834 607,2834 641,2833 675,2833 708,2832 742,2832 775,2831 809,2831 843,2831"/>
                <TextEquiv>
                    <Unicode>ndwerker, stellt er eine Gattung</Unicode>
                </TextEquiv>
            </TextLine>
            <TextLine id="r1l97" custom="readingOrder {index:96;}">
                <Coords points="868,2892 3346,2807 867,2840"/>
                <Baseline points="883,2883 1005,2881 1127,2880 1250,2877 1372,2875 1494,2872 1617,2869 1739,2865 1861,2862 1984,2859 2106,2856 2228,2852 2351,2849 2473,2846 2595,2844 2718,2842 2840,2840 2962,2838 3085,2837 3207,2837 3330,2837"/>
                <TextEquiv>
                    <Unicode>seinem eitlen Geckenthum, in seinem unerschütterlich selbst= und unterhaltender denken. Aber in der „Frau mit dem Dolche“</Unicode>
                </TextEquiv>
            </TextLine>
            <TextLine id="r1l98" custom="readingOrder {index:97;}">
                <Coords points="165,2883 866,2882 865,2843 737,2847 691,2824 581,2853 385,2834 165,2850"/>
                <Baseline points="181,2882 214,2882 248,2881 281,2881 315,2880 348,2880 382,2879 415,2879 449,2878 482,2878 516,2877 549,2876 583,2876 616,2875 650,2875 683,2874 717,2874 750,2874 784,2874 817,2873 851,2873"/>
                <TextEquiv>
                    <Unicode>nur zu nothwendig bedarf. Und</Unicode>
                </TextEquiv>
            </TextLine>
            <TextLine id="r1l99" custom="readingOrder {index:98;}">
                <Coords points="1760,2914 3351,2900 3350,2832 1759,2877"/>
                <Baseline points="1774,2908 1852,2905 1930,2903 2008,2901 2086,2899 2164,2897 2242,2895 2320,2893 2398,2892 2476,2890 2555,2889 2633,2887 2711,2886 2789,2885 2867,2883 2945,2882 3023,2881 3101,2880 3179,2880 3257,2879 3336,2878"/>
                <TextEquiv>
                    <Unicode>er, der viel¬ war sie im Reden und Schweigen vortrefflich. Nur ganz</Unicode>
                </TextEquiv>
            </TextLine>
            <TextLine id="r1l100" custom="readingOrder {index:99;}">
                <Coords points="1388,2918 1431,2930 1489,2914 1562,2931 1580,2916 1620,2924 1684,2914 1746,2932 1745,2867 1571,2873 1546,2886 1491,2868 1476,2880 1387,2876"/>
                <Baseline points="1403,2912 1428,2912 1453,2911 1478,2911 1503,2911 1529,2911 1554,2911 1579,2911 1604,2911 1630,2910 1655,2910 1680,2909 1705,2907 1731,2905"/>
                <TextEquiv>
                    <Unicode>da empfindet</Unicode>
                </TextEquiv>
            </TextLine>
            <TextLine id="r1l101" custom="readingOrder {index:100;}">
                <Coords points="171,2930 413,2934 456,2909 532,2930 584,2914 609,2935 725,2913 863,2924 862,2875 171,2881"/>
                <Baseline points="187,2915 220,2916 253,2917 286,2917 319,2917 352,2917 385,2917 418,2917 451,2916 484,2916 517,2916 550,2915 583,2914 616,2914 649,2913 682,2913 715,2912 748,2912 781,2912 814,2912 847,2912"/>
                <TextEquiv>
                    <Unicode>biesen beiden letzten Stücken an sich</Unicode>
                </TextEquiv>
            </TextLine>
            <TextLine id="r1l102" custom="readingOrder {index:101;}">
                <Coords points="863,2935 1068,2932 1110,2906 1160,2927 1362,2927 1404,2911 1404,2884 1202,2887 1162,2866 1135,2885 862,2892"/>
                <Baseline points="879,2929 904,2927 930,2925 955,2924 981,2923 1006,2922 1032,2922 1057,2921 1083,2921 1108,2921 1134,2921 1159,2921 1185,2921 1210,2921 1236,2921 1261,2921 1287,2920 1312,2920 1338,2919 1363,2918 1389,2916"/>
                <TextEquiv>
                    <Unicode>zufriedenen Glücksgefühl,</Unicode>
                </TextEquiv>
            </TextLine>
            <TextLine id="r1l103" custom="readingOrder {index:102;}">
                <Coords points="2116,2945 3294,2931 3361,2924 3360,2869 2115,2905"/>
                <Baseline points="2131,2936 2191,2936 2252,2936 2313,2936 2374,2936 2435,2935 2495,2934 2556,2933 2617,2932 2678,2931 2739,2929 2799,2928 2860,2927 2921,2925 2982,2924 3043,2923 3103,2922 3164,2921 3225,2920 3286,2919 3347,2919"/>
                <TextEquiv>
                    <Unicode>zart punktirend, mit versteckter Leidenschaft, brachte sie den</Unicode>
                </TextEquiv>
            </TextLine>
            <TextLine id="r1l104" custom="readingOrder {index:103;}">
                <Coords points="873,2974 2066,2954 2106,2950 2105,2901 872,2938"/>
                <Baseline points="889,2969 949,2967 1009,2966 1069,2965 1129,2963 1189,2962 1249,2961 1310,2960 1370,2958 1430,2957 1490,2956 1550,2954 1610,2953 1670,2952 1731,2950 1791,2949 1851,2947 1911,2946 1971,2945 2031,2944 2092,2943"/>
                <TextEquiv>
                    <Unicode>geschundene Zeilenschreiber, sein eigenes Loos nicht mehr</Unicode>
                </TextEquiv>
            </TextLine>
            <TextLine id="r1l105" custom="readingOrder {index:104;}">
                <Coords points="170,2972 864,2964 863,2915 169,2923"/>
                <Baseline points="185,2960 218,2961 251,2961 284,2962 317,2962 351,2962 384,2961 417,2961 450,2961 483,2960 517,2960 550,2959 583,2958 616,2957 649,2957 683,2956 716,2955 749,2954 782,2953 815,2952 849,2951"/>
                <TextEquiv>
                    <Unicode>ser Stoffwahl, wenn er, der frühere</Unicode>
                </TextEquiv>
            </TextLine>
            <TextLine id="r1l106" custom="readingOrder {index:105;}">
                <Coords points="2105,2981 3348,2973 3347,2924 3249,2916 2105,2938"/>
                <Baseline points="2119,2978 2179,2979 2240,2979 2300,2979 2361,2979 2422,2978 2482,2977 2543,2977 2604,2975 2664,2974 2725,2973 2786,2972 2846,2971 2907,2970 2968,2969 3028,2968 3089,2967 3150,2966 3210,2965 3271,2965 3332,2965"/>
                <TextEquiv>
                    <Unicode>besten Ausdruck für dieses halb verträumte, halb gierige, durch</Unicode>
                </TextEquiv>
            </TextLine>
            <TextLine id="r1l107" custom="readingOrder {index:106;}">
                <Coords points="860,3016 2103,2996 2102,2950 1994,2940 860,2973"/>
                <Baseline points="875,3010 935,3009 996,3007 1056,3007 1117,3005 1178,3004 1238,3003 1299,3001 1360,3000 1420,2999 1481,2997 1542,2996 1602,2995 1663,2994 1724,2992 1784,2991 1845,2990 1906,2989 1966,2988 2027,2987 2088,2986"/>
                <TextEquiv>
                    <Unicode>so unerträglich. Die vollkommene Lüge dieses Daseins entwaffnet ihn</Unicode>
                </TextEquiv>
            </TextLine>
            <TextLine id="r1l108" custom="readingOrder {index:107;}">
                <Coords points="160,3015 867,3007 848,2955 160,2975"/>
                <Baseline points="175,3003 208,3003 242,3003 276,3003 310,3003 344,3002 378,3002 411,3001 445,3000 479,3000 513,2999 547,2998 581,2997 615,2997 648,2996 682,2996 716,2995 750,2995 784,2995 818,2995 852,2995"/>
                <TextEquiv>
                    <Unicode>n“ in der beklemmenden Atmosphär¬</Unicode>
                </TextEquiv>
            </TextLine>
            <TextLine id="r1l109" custom="readingOrder {index:108;}">
                <Coords points="2108,3029 3353,3017 3352,2971 3233,2963 2107,2986"/>
                <Baseline points="2123,3021 2183,3021 2244,3021 2305,3021 2366,3020 2426,3020 2487,3019 2548,3018 2609,3018 2669,3017 2730,3016 2791,3015 2852,3014 2912,3013 2973,3011 3034,3010 3095,3009 3155,3008 3216,3007 3277,3005 3338,3004"/>
                <TextEquiv>
                    <Unicode>die Gesellschaftskultur nur wenig gebändigte Frauennaturell. In dem</Unicode>
                </TextEquiv>
            </TextLine>
            <TextLine id="r1l110" custom="readingOrder {index:109;}">
                <Coords points="871,3057 2104,3037 2082,2991 870,3011"/>
                <Baseline points="887,3050 947,3049 1007,3048 1067,3047 1127,3046 1187,3045 1247,3044 1307,3043 1367,3041 1427,3040 1487,3039 1547,3038 1607,3037 1667,3036 1727,3035 1787,3034 1847,3033 1907,3031 1967,3030 2027,3029 2087,3028"/>
                <TextEquiv>
                    <Unicode>und stimmt seinen bitteren Wahrheitsmuth milde. Er schweigt und</Unicode>
                </TextEquiv>
            </TextLine>
            <TextLine id="r1l111" custom="readingOrder {index:110;}">
                <Coords points="179,3058 843,3047 870,3041 870,3007 178,3012"/>
                <Baseline points="194,3044 227,3045 260,3045 293,3045 326,3044 359,3044 392,3044 425,3043 458,3043 491,3042 524,3042 557,3041 590,3040 623,3040 656,3039 689,3038 722,3038 755,3037 788,3037 821,3036 854,3036"/>
                <TextEquiv>
                    <Unicode>t es, wenn er in „Literatur“ das alte</Unicode>
                </TextEquiv>
            </TextLine>
            <TextLine id="r1l112" custom="readingOrder {index:111;}">
                <Coords points="2118,3075 3167,3041 3366,3072 3365,2996 2117,3023"/>
                <Baseline points="2133,3062 2193,3061 2254,3060 2315,3059 2376,3058 2437,3058 2498,3057 2558,3057 2619,3056 2680,3056 2741,3055 2802,3054 2863,3054 2924,3053 2984,3053 3045,3052 3106,3051 3167,3050 3228,3048 3289,3046 3350,3045"/>
                <TextEquiv>
                    <Unicode>florentinischen Zwischenspiel wiederum hätte sie sich mehr entfalten</Unicode>
                </TextEquiv>
            </TextLine>
            <TextLine id="r1l113" custom="readingOrder {index:112;}">
                <Coords points="864,3098 2100,3077 2071,3031 863,3056"/>
                <Baseline points="879,3094 939,3093 999,3092 1060,3091 1120,3089 1180,3088 1241,3086 1301,3085 1361,3084 1422,3083 1482,3082 1542,3080 1603,3079 1663,3078 1723,3077 1784,3075 1844,3074 1904,3074 1965,3072 2025,3072 2086,3071"/>
                <TextEquiv>
                    <Unicode>schweigend stirbt er. Szenenführung des Stückes ist gewagt, aber sie</Unicode>
                </TextEquiv>
            </TextLine>
            <TextLine id="r1l114" custom="readingOrder {index:113;}">
                <Coords points="183,3100 862,3089 861,3046 840,3043 182,3057"/>
                <Baseline points="199,3088 231,3088 263,3088 295,3088 328,3088 360,3088 392,3087 425,3086 457,3086 489,3085 522,3084 554,3083 586,3082 618,3081 651,3080 683,3079 715,3079 748,3078 780,3078 812,3078 845,3078"/>
                <TextEquiv>
                    <Unicode>n und demimondainen Liebe erörtert.</Unicode>
                </TextEquiv>
            </TextLine>
            <TextLine id="r1l115" custom="readingOrder {index:114;}">
                <Coords points="2110,3116 3352,3102 3352,3041 2109,3064"/>
                <Baseline points="2126,3104 2186,3103 2247,3102 2307,3101 2368,3100 2428,3099 2489,3098 2549,3098 2610,3097 2670,3096 2731,3096 2791,3095 2852,3095 2912,3094 2973,3093 3033,3093 3094,3092 3154,3092 3215,3091 3275,3090 3336,3089"/>
                <TextEquiv>
                    <Unicode>müssen und nach dem Umsang ihres Temperauients auch sicher mehr</Unicode>
                </TextEquiv>
            </TextLine>
            <TextLine id="r1l116" custom="readingOrder {index:115;}">
                <Coords points="862,3141 2110,3116 2081,3074 861,3098"/>
                <Baseline points="877,3134 937,3134 998,3133 1059,3133 1120,3132 1181,3131 1242,3130 1303,3129 1364,3128 1425,3126 1486,3125 1546,3123 1607,3122 1668,3121 1729,3119 1790,3118 1851,3117 1912,3115 1973,3114 2034,3113 2095,3112"/>
                <TextEquiv>
                    <Unicode>löst sich in diesem Schluß harmonisch und mit edler Wirkung auf.</Unicode>
                </TextEquiv>
            </TextLine>
            <TextLine id="r1l117" custom="readingOrder {index:116;}">
                <Coords points="195,3121 245,3142 863,3129 862,3089 813,3084 195,3094"/>
                <Baseline points="211,3128 242,3128 274,3129 306,3129 338,3129 370,3128 402,3128 433,3128 465,3127 497,3126 529,3126 561,3125 593,3124 625,3124 656,3123 688,3122 720,3122 752,3121 784,3120 816,3120 848,3120"/>
                <TextEquiv>
                    <Unicode>es macht, mit welcher galauten</Unicode>
                </TextEquiv>
            </TextLine>
            <TextLine id="r1l118" custom="readingOrder {index:117;}">
                <Coords points="2104,3161 3359,3132 3358,3093 2104,3106"/>
                <Baseline points="2119,3146 2180,3147 2241,3147 2302,3147 2364,3147 2425,3146 2486,3146 2547,3145 2609,3144 2670,3143 2731,3142 2792,3142 2854,3141 2915,3140 2976,3139 3037,3137 3099,3136 3160,3135 3221,3134 3282,3133 3344,3133"/>
                <TextEquiv>
                    <Unicode>entfalten können. Aber immer hatte man wieder das Gefühl, einer</Unicode>
                </TextEquiv>
            </TextLine>
            <TextLine id="r1l119" custom="readingOrder {index:118;}">
                <Coords points="867,3198 1663,3178 1763,3165 1763,3122 866,3137"/>
                <Baseline points="881,3175 924,3173 967,3172 1011,3172 1054,3171 1098,3170 1141,3170 1184,3170 1228,3170 1271,3169 1315,3169 1358,3169 1401,3169 1445,3168 1488,3167 1532,3166 1575,3166 1618,3164 1662,3162 1705,3161 1749,3158"/>
                <TextEquiv>
                    <Unicode>Das Krankenhausmilieu ist ausgezeichnet definirt.</Unicode>
                </TextEquiv>
            </TextLine>
            <TextLine id="r1l120" custom="readingOrder {index:119;}">
                <Coords points="160,3195 258,3172 344,3189 864,3171 863,3128 836,3125 159,3137"/>
                <Baseline points="175,3173 208,3173 242,3173 276,3173 309,3173 343,3173 377,3173 410,3172 444,3172 478,3172 512,3171 545,3171 579,3170 613,3169 646,3168 680,3167 714,3166 747,3165 781,3164 815,3162 849,3160"/>
                <TextEquiv>
                    <Unicode>eite der Frauen schlägt, wie er lächelnd</Unicode>
                </TextEquiv>
            </TextLine>
            <TextLine id="r1l121" custom="readingOrder {index:120;}">
                <Coords points="2107,3218 3300,3183 3275,3135 2106,3157"/>
                <Baseline points="2121,3195 2179,3193 2237,3193 2295,3192 2353,3190 2411,3189 2469,3188 2527,3187 2585,3186 2643,3185 2702,3184 2760,3183 2818,3181 2876,3181 2934,3180 2992,3179 3050,3178 3108,3178 3166,3177 3224,3177 3283,3177"/>
                <TextEquiv>
                    <Unicode>sehr interessanten künstlerischen Persönlichkeit gegenüber zu stehen.</Unicode>
                </TextEquiv>
            </TextLine>
            <TextLine id="r1l122" custom="readingOrder {index:121;}">
                <Coords points="922,3223 2039,3211 2121,3200 2120,3145 921,3183"/>
                <Baseline points="937,3218 995,3217 1054,3215 1112,3214 1171,3213 1229,3212 1288,3211 1346,3210 1405,3209 1463,3209 1522,3208 1580,3207 1639,3206 1697,3205 1756,3204 1814,3203 1873,3202 1931,3201 1990,3200 2048,3199 2107,3197"/>
                <TextEquiv>
                    <Unicode>Noch ein Wort von den ersten beiden Stücken. „Die Frau</Unicode>
                </TextEquiv>
            </TextLine>
            <TextLine id="r1l123" custom="readingOrder {index:122;}">
                <Coords points="172,3225 870,3217 869,3174 841,3168 171,3183"/>
                <Baseline points="186,3219 219,3218 252,3217 286,3216 319,3215 352,3215 386,3214 419,3214 452,3213 486,3212 519,3212 552,3211 586,3211 619,3210 652,3209 686,3209 719,3207 752,3207 786,3206 819,3204 853,3203"/>
                <TextEquiv>
                    <Unicode>hinstellt und den Sünden des Weibes</Unicode>
                </TextEquiv>
            </TextLine>
            <TextLine id="r1l124" custom="readingOrder {index:123;}">
                <Coords points="866,3262 2124,3258 2123,3200 865,3213"/>
                <Baseline points="880,3263 941,3261 1002,3260 1064,3258 1125,3257 1187,3256 1248,3255 1309,3254 1371,3253 1432,3252 1494,3251 1555,3250 1616,3249 1678,3248 1739,3247 1801,3246 1862,3245 1923,3244 1985,3242 2046,3240 2108,3239"/>
                <TextEquiv>
                    <Unicode>Imit dem Dolche“ zeigt eine Episode im Museum vor dem be¬</Unicode>
                </TextEquiv>
            </TextLine>
            <TextLine id="r1l125" custom="readingOrder {index:124;}">
                <Coords points="179,3272 485,3251 592,3277 791,3252 868,3267 867,3215 178,3223"/>
                <Baseline points="194,3259 228,3258 263,3257 298,3257 332,3256 367,3256 402,3255 436,3254 471,3254 506,3253 540,3253 575,3252 610,3252 644,3251 679,3251 714,3250 748,3249 783,3249 818,3248 853,3248"/>
                <TextEquiv>
                    <Unicode>die Schlechtigkeit oder Bornirtheit des</Unicode>
                </TextEquiv>
            </TextLine>
            <TextLine id="r1l126" custom="readingOrder {index:125;}">
                <Coords points="878,3313 2126,3286 2094,3247 1957,3243 877,3264"/>
                <Baseline points="892,3312 952,3308 1013,3305 1074,3302 1135,3300 1196,3298 1257,3297 1317,3295 1378,3295 1439,3294 1500,3293 1561,3293 1622,3292 1683,3292 1743,3291 1804,3290 1865,3289 1926,3288 1987,3286 2048,3283 2109,3280"/>
                <TextEquiv>
                    <Unicode>kannten so genannten Bilde aus dem fünfzehnten Jahrhundert. Frau</Unicode>
                </TextEquiv>
            </TextLine>
            <TextLine id="r1l127" custom="readingOrder {index:126;}">
                <Coords points="189,3316 231,3305 250,3323 268,3307 305,3315 317,3303 431,3318 442,3305 528,3296 544,3308 583,3297 582,3270 521,3275 484,3252 472,3264 236,3262 187,3273"/>
                <Baseline points="204,3305 229,3305 255,3305 281,3304 307,3303 333,3303 359,3302 385,3300 411,3299 437,3298 463,3297 489,3297 515,3296 541,3296 567,3297"/>
                <TextEquiv>
                    <Unicode>ergötzlich schildert.</Unicode>
                </TextEquiv>
            </TextLine>
            <TextLine id="r1l128" custom="readingOrder {index:127;}">
                <Coords points="870,3361 2134,3331 2133,3285 869,3312"/>
                <Baseline points="886,3350 947,3347 1009,3345 1070,3343 1132,3341 1193,3340 1255,3339 1316,3338 1378,3337 1439,3337 1501,3336 1563,3335 1624,3335 1686,3334 1747,3333 1809,3332 1870,3331 1932,3330 1993,3328 2055,3326 2117,3324"/>
                <TextEquiv>
                    <Unicode>Pauline und ihr Liebhaber flirten halb feurig, halb sentimental.</Unicode>
                </TextEquiv>
            </TextLine>
            <TextLine id="r1l129" custom="readingOrder {index:128;}">
                <Coords points="166,3355 821,3353 876,3337 875,3288 428,3320 165,3312"/>
                <Baseline points="182,3350 215,3349 249,3349 283,3348 317,3348 351,3348 385,3347 418,3347 452,3346 486,3346 520,3345 554,3345 588,3344 622,3344 655,3343 689,3343 723,3342 757,3341 791,3340 825,3338 859,3337"/>
                <TextEquiv>
                    <Unicode>nd „Liebelei“, das hat er im Anatole¬</Unicode>
                </TextEquiv>
            </TextLine>
            <TextLine id="r1l130" custom="readingOrder {index:129;}">
                <Coords points="872,3393 2129,3385 2128,3333 871,3359"/>
                <Baseline points="886,3393 947,3390 1008,3388 1070,3386 1131,3384 1193,3382 1254,3381 1316,3380 1377,3379 1439,3378 1500,3377 1561,3376 1623,3376 1684,3375 1746,3374 1807,3373 1869,3372 1930,3371 1992,3369 2053,3367 2115,3365"/>
                <TextEquiv>
                    <Unicode>Die junge Frau träumt vor dem Bilde, daß sie es selbst</Unicode>
                </TextEquiv>
            </TextLine>
            <TextLine id="r1l131" custom="readingOrder {index:130;}">
                <Coords points="174,3397 838,3394 868,3390 868,3341 721,3362 577,3342 173,3364"/>
                <Baseline points="190,3392 223,3392 256,3392 289,3392 322,3392 355,3391 388,3391 422,3390 455,3390 488,3389 521,3389 554,3389 587,3388 620,3387 654,3387 687,3386 720,3385 753,3385 786,3384 819,3383 853,3383"/>
                <TextEquiv>
                    <Unicode>ren erotischen „Reigen“ gethan. Erthut</Unicode>
                </TextEquiv>
            </TextLine>
            <TextLine id="r1l132" custom="readingOrder {index:131;}">
                <Coords points="875,3437 2126,3427 2125,3363 874,3394"/>
                <Baseline points="889,3431 950,3429 1011,3428 1072,3426 1133,3425 1194,3424 1255,3423 1316,3421 1377,3420 1438,3420 1499,3419 1560,3418 1621,3417 1682,3416 1743,3415 1804,3414 1865,3413 1926,3412 1987,3410 2048,3409 2109,3407"/>
                <TextEquiv>
                    <Unicode>darstelle. Die Bühne verdunkelt sich, ihr Traum wird</Unicode>
                </TextEquiv>
            </TextLine>
            <TextLine id="r1l133" custom="readingOrder {index:132;}">
                <Coords points="177,3438 872,3427 871,3390 721,3382 177,3398"/>
                <Baseline points="194,3434 227,3433 260,3433 293,3432 326,3432 359,3432 392,3433 426,3433 459,3433 492,3433 525,3433 558,3433 591,3433 624,3432 658,3432 691,3431 724,3430 757,3428 790,3426 823,3424 857,3421"/>
                <TextEquiv>
                    <Unicode>rau hat eine Vergangenheit. Sie war</Unicode>
                </TextEquiv>
            </TextLine>
            <TextLine id="r1l134" custom="readingOrder {index:133;}">
                <Coords points="876,3476 2124,3470 2139,3411 875,3437"/>
                <Baseline points="891,3477 952,3474 1014,3471 1075,3469 1137,3468 1199,3466 1260,3465 1322,3464 1383,3463 1445,3462 1507,3461 1568,3461 1630,3460 1691,3459 1753,3458 1815,3457 1876,3456 1938,3455 1999,3454 2061,3452 2123,3450"/>
                <TextEquiv>
                    <Unicode>szenische Wirklichkeit. Frau Pauline ist in eine Florentinerin</Unicode>
                </TextEquiv>
            </TextLine>
            <TextLine id="r1l135" custom="readingOrder {index:134;}">
                <Coords points="185,3474 815,3479 867,3472 866,3424 683,3423 662,3445 184,3437"/>
                <Baseline points="201,3474 233,3475 266,3475 298,3475 331,3476 363,3476 396,3476 428,3476 461,3476 493,3476 526,3476 558,3476 591,3475 623,3475 656,3473 688,3472 721,3471 753,3469 786,3467 818,3464 851,3462"/>
                <TextEquiv>
                    <Unicode>hat sich frei gemocht, ist „Dichterin“</Unicode>
                </TextEquiv>
            </TextLine>
            <TextLine id="r1l136" custom="readingOrder {index:135;}">
                <Coords points="886,3518 2135,3508 2134,3450 886,3481"/>
                <Baseline points="902,3517 962,3515 1023,3512 1084,3510 1145,3509 1206,3508 1266,3507 1327,3506 1388,3505 1449,3505 1510,3504 1570,3504 1631,3503 1692,3503 1753,3502 1814,3501 1874,3500 1935,3499 1996,3497 2057,3495 2118,3492"/>
                <TextEquiv>
                    <Unicode>Paola verwandelt, die ihrem Gatten, dem berühmten Maler</Unicode>
                </TextEquiv>
            </TextLine>
            <TextLine id="r1l137" custom="readingOrder {index:136;}">
                <Coords points="176,3519 828,3518 876,3514 875,3465 175,3483"/>
                <Baseline points="191,3522 224,3520 258,3519 291,3518 325,3518 358,3517 392,3517 425,3517 459,3516 492,3516 526,3516 559,3515 593,3515 626,3514 660,3514 693,3512 727,3511 760,3510 794,3508 827,3506 861,3503"/>
                <TextEquiv>
                    <Unicode>hliche Bohsmien=Tage und Nächte ver¬</Unicode>
                </TextEquiv>
            </TextLine>
            <TextLine id="r1l138" custom="readingOrder {index:137;}">
                <Coords points="880,3563 1745,3533 2135,3563 2133,3493 879,3520"/>
                <Baseline points="896,3559 957,3557 1018,3555 1079,3553 1140,3552 1201,3551 1262,3550 1323,3549 1384,3549 1445,3548 1507,3547 1568,3547 1629,3546 1690,3545 1751,3544 1812,3543 1873,3542 1934,3540 1995,3538 2056,3536 2118,3534"/>
                <TextEquiv>
                    <Unicode>Remigio, zu der „Frau mit dem Doche" Modell gestanden</Unicode>
                </TextEquiv>
            </TextLine>
            <TextLine id="r1l139" custom="readingOrder {index:138;}">
                <Coords points="180,3569 875,3562 874,3513 179,3523"/>
                <Baseline points="195,3559 228,3559 261,3560 294,3560 327,3559 361,3559 394,3559 427,3559 460,3558 493,3558 527,3557 560,3557 593,3556 626,3556 659,3555 693,3554 726,3553 759,3553 792,3552 825,3551 859,3550"/>
                <TextEquiv>
                    <Unicode>em rangiren, indem sie sich von dem</Unicode>
                </TextEquiv>
            </TextLine>
            <TextLine id="r1l140" custom="readingOrder {index:139;}">
                <Coords points="878,3599 2035,3591 2132,3546 877,3562"/>
                <Baseline points="893,3594 954,3593 1015,3592 1076,3591 1137,3590 1199,3588 1260,3587 1321,3586 1382,3585 1443,3583 1505,3583 1566,3581 1627,3580 1688,3579 1749,3578 1811,3578 1872,3576 1933,3575 1994,3575 2055,3574 2117,3573"/>
                <TextEquiv>
                    <Unicode>hat. Ein anderer Maler, Leonardo, hat ihre Gunst genossen.</Unicode>
                </TextEquiv>
            </TextLine>
            <TextLine id="r1l141" custom="readingOrder {index:140;}">
                <Coords points="182,3608 433,3611 460,3592 651,3616 760,3593 889,3613 888,3533 760,3566 619,3549 182,3569"/>
                <Baseline points="198,3605 231,3604 265,3603 299,3601 333,3600 366,3599 400,3599 434,3598 468,3598 501,3598 535,3597 569,3597 603,3597 636,3597 670,3596 704,3596 738,3595 771,3595 805,3594 839,3592 873,3591"/>
                <TextEquiv>
                    <Unicode>Sportsman in die Ehe fuhren läßt.</Unicode>
                </TextEquiv>
            </TextLine>
            <TextLine id="r1l142" custom="readingOrder {index:141;}">
                <Coords points="873,3642 2124,3617 2123,3577 1949,3571 872,3593"/>
                <Baseline points="887,3634 948,3633 1009,3631 1070,3630 1131,3629 1192,3627 1253,3626 1314,3624 1375,3623 1436,3622 1497,3621 1558,3619 1619,3618 1680,3617 1741,3616 1802,3615 1863,3615 1924,3615 1985,3614 2046,3614 2108,3615"/>
                <TextEquiv>
                    <Unicode>Sie beichtet es dem heimkehrenden Gatten und ersticht den</Unicode>
                </TextEquiv>
            </TextLine>
            <TextLine id="r1l143" custom="readingOrder {index:142;}">
                <Coords points="179,3661 886,3639 885,3596 179,3609"/>
                <Baseline points="194,3644 227,3644 261,3643 295,3643 329,3643 363,3643 397,3642 430,3642 464,3642 498,3641 532,3641 566,3640 600,3640 634,3639 667,3639 701,3638 735,3638 769,3637 803,3636 837,3636 871,3635"/>
                <TextEquiv>
                    <Unicode>ristrokratische Vorurtheile eingelnöpft,</Unicode>
                </TextEquiv>
            </TextLine>
            <TextLine id="r1l144" custom="readingOrder {index:143;}">
                <Coords points="880,3680 2033,3673 2128,3664 2127,3609 879,3628"/>
                <Baseline points="895,3676 955,3675 1016,3673 1077,3672 1138,3671 1199,3669 1259,3668 1320,3666 1381,3665 1442,3663 1503,3662 1563,3660 1624,3659 1685,3658 1746,3656 1807,3655 1867,3654 1928,3653 1989,3651 2050,3650 2111,3649"/>
                <TextEquiv>
                    <Unicode>Freund einer Nacht. Aber Remigiv sieht, während sie den Dolchstoß</Unicode>
                </TextEquiv>
            </TextLine>
            <TextLine id="r1l145" custom="readingOrder {index:144;}">
                <Coords points="175,3685 334,3703 667,3673 882,3687 881,3647 850,3639 174,3663"/>
                <Baseline points="191,3686 224,3686 258,3686 292,3686 325,3685 359,3685 393,3685 426,3684 460,3684 494,3683 528,3683 561,3682 595,3682 629,3681 662,3680 696,3679 730,3678 763,3677 797,3676 831,3675 865,3673"/>
                <TextEquiv>
                    <Unicode>noch weiter schrifistedere. Er findet</Unicode>
                </TextEquiv>
            </TextLine>
            <TextLine id="r1l146" custom="readingOrder {index:145;}">
                <Coords points="882,3724 2127,3704 2126,3664 1976,3658 881,3678"/>
                <Baseline points="896,3718 956,3717 1017,3716 1078,3715 1139,3714 1200,3712 1260,3711 1321,3709 1382,3707 1443,3706 1504,3705 1564,3703 1625,3702 1686,3701 1747,3699 1808,3698 1868,3697 1929,3696 1990,3695 2051,3695 2112,3694"/>
                <TextEquiv>
                    <Unicode>Eführt, in ihr nicht die reuigeund opferbereite Gattin. Er sieht nur</Unicode>
                </TextEquiv>
            </TextLine>
            <TextLine id="r1l147" custom="readingOrder {index:146;}">
                <Coords points="171,3746 330,3722 391,3739 893,3724 874,3672 699,3691 672,3673 354,3694 170,3679"/>
                <Baseline points="185,3725 219,3726 254,3728 288,3728 323,3729 358,3729 392,3729 427,3728 462,3728 496,3727 531,3726 566,3726 600,3725 635,3723 670,3722 704,3721 739,3720 774,3719 808,3718 843,3717 878,3716"/>
                <TextEquiv>
                    <Unicode>enn sie nur erfunden sind, in Form</Unicode>
                </TextEquiv>
            </TextLine>
            <TextLine id="r1l148" custom="readingOrder {index:147;}">
                <Coords points="186,3776 2135,3743 1852,3694 185,3733"/>
                <Baseline points="202,3771 297,3771 393,3770 489,3769 585,3767 681,3766 776,3764 872,3762 968,3760 1064,3758 1160,3756 1255,3754 1351,3751 1447,3749 1543,3747 1639,3745 1734,3743 1830,3741 1926,3740 2022,3738 2118,3737"/>
                <TextEquiv>
                    <Unicode>verkaufen. Oh, wenn er wüßte, daß Pihre hervische Geste. Just, wie er sie für das Bild da auf der</Unicode>
                </TextEquiv>
            </TextLine>
            <TextLine id="r1l149" custom="readingOrder {index:148;}">
                <Coords points="174,3822 2144,3782 172,3764"/>
                <Baseline points="190,3814 286,3813 383,3811 480,3810 577,3808 674,3807 771,3805 867,3803 964,3801 1061,3799 1158,3797 1255,3795 1352,3793 1449,3791 1545,3789 1642,3787 1739,3785 1836,3784 1933,3782 2030,3781 2127,3780"/>
                <TextEquiv>
                    <Unicode>den hat. Wenn er wüßte, daß dieses Staffelei braucht. Er greift, während Leonardo am Boden</Unicode>
                </TextEquiv>
            </TextLine>
            <TextLine id="r1l150" custom="readingOrder {index:149;}">
                <Coords points="173,3875 2082,3836 2146,3780 173,3823"/>
                <Baseline points="189,3853 286,3853 383,3852 480,3850 577,3849 674,3848 771,3846 868,3844 965,3843 1062,3840 1159,3838 1256,3837 1353,3835 1450,3833 1547,3831 1644,3830 1741,3828 1838,3827 1935,3825 2032,3824 2130,3824"/>
                <TextEquiv>
                    <Unicode>tlichen will, und welches er zum Ein= verröchelt, nach Pinsel und Palette. So sind die Männer, sagt</Unicode>
                </TextEquiv>
            </TextLine>
            <TextLine id="r1l151" custom="readingOrder {index:150;}">
                <Coords points="201,3896 2141,3873 2140,3818 201,3859"/>
                <Baseline points="216,3894 311,3892 406,3891 502,3889 597,3888 693,3887 788,3886 884,3885 979,3884 1075,3883 1170,3882 1265,3881 1361,3879 1456,3878 1552,3876 1647,3875 1743,3873 1838,3870 1934,3868 2029,3865 2125,3862"/>
                <TextEquiv>
                    <Unicode>daß es ein Bericht ihrer Abenteuen mit Schnitzler. Die Frau aber möge sich schadlos halten. Wiederum</Unicode>
                </TextEquiv>
            </TextLine>
            <TextLine id="r1l152" custom="readingOrder {index:151;}">
                <Coords points="192,3942 1964,3935 2129,3917 2128,3865 191,3896"/>
                <Baseline points="208,3936 303,3935 398,3934 493,3932 589,3931 684,3930 779,3929 875,3927 970,3926 1065,3925 1161,3924 1256,3922 1351,3921 1446,3919 1542,3918 1637,3916 1732,3915 1828,3913 1923,3911 2018,3910 2114,3908"/>
                <TextEquiv>
                    <Unicode>Die Handlung ist sehr witzig bis zu dem#sehen wir den Museumssaal. Frau Pontine erwacht aus</Unicode>
                </TextEquiv>
            </TextLine>
            <TextLine id="r1l153" custom="readingOrder {index:152;}">
                <Coords points="186,3985 2138,3978 2137,3917 2012,3904 185,3936"/>
                <Baseline points="202,3979 298,3978 394,3977 490,3976 586,3974 682,3973 778,3972 874,3971 970,3969 1066,3968 1162,3967 1258,3965 1354,3964 1450,3962 1546,3961 1642,3960 1738,3958 1834,3956 1930,3955 2026,3953 2122,3951"/>
                <TextEquiv>
                    <Unicode>traurige Gewißheit erlangen undin dem###deTraum, den wir eben leibhaftig genossen haben.</Unicode>
                </TextEquiv>
            </TextLine>
            <TextLine id="r1l154" custom="readingOrder {index:153;}">
                <Coords points="191,4034 2076,4020 2146,3945 191,3982"/>
                <Baseline points="208,4023 304,4021 400,4020 496,4019 592,4017 688,4016 784,4015 880,4014 976,4013 1072,4012 1169,4011 1265,4010 1361,4009 1457,4007 1553,4006 1649,4005 1745,4004 1841,4002 1937,4000 2033,3999 2130,3997"/>
                <TextEquiv>
                    <Unicode>orbesitzer seiner Braut kennen lernen###d sie rächt die längst verschollene Florentinerin, sie</Unicode>
                </TextEquiv>
            </TextLine>
            <TextEquiv>
                <Unicode>box 21
16.1. Lebendige Stunden Zuklus
Goldlschon
Bureau für 4
8
sschnitte und Verlag
nschaftlichen Revue.
Auguststr. 87 part.
n Amt III. No. 3051.
B
usschnitt
rächt ihr ganzes Geschlecht, indem sie dem Liebhaber das zuerst ver¬
muß. Im letzten Moment wird ihm ein Schnippchen geschlagen.
weigerte Stelldichein bewilligt. Schnitzler hat hier keinen Klang zum
“ von Arthur Schnitzler.
Fester noch als bisher wird er an Margarethens Treue glauben, ein
reinen Tönen gebracht. Er quält sich viel, um wenig zu sagen. Nur
im Deutschen, Thegter.
##armer und doch in seiner Ahnungslosigkeit glücklicher Tropf.
Hintergrund, ohne echte Menschen.
Schnitzler hat die Figuren brillant abgehoben, den Edelmann
ein recht beträchtlicher, beinahe ein
Auch in dem Titelstück „Lebendige Stunden“ bleibt er aka¬
mit dem Stallgeruch und der geräuschvollen Tugendprotzerei,
egtheit im Publikum, viele Hervor¬
demisch ohne Fleisch und Blut. Zudem stellt er eine These auf, die
das schmucke buhlerische und dabei sehr berechnende Weibchen und
tzler hat vier Einakter geschrieben und
Niemand zu vertheidigen braucht, weil sie Niemand angreift, die These,
den nonchalanten Kaffeehauszigenner voll Geist, Cynismus und Ver¬
rologisirenden Stückes die nicht gerade
daß das Leben den Todten nicht geopfert werden darf. Zweierlei Aet
achtung gegen alles Korrekte.
Lebendige Stunden“ gegeben. Vier
Liebe stellt er gegeneinander. Die Alles gebende Liebe des reifen
In dem Schauspiel, das vorherging, ist Schnitzler vor
dreitheiliger! Der Zettel las sich fast
Alters und die Liebe der Jugend, die Opfer verlangt und annimmt.
Im
hallem der Meister diskreter und leise andemender Kunst.
Er hätte Einem die Stimmung ver¬
Von der Darstellung kann man viel Gutes sagen, besonders wenn
Krankenhaus, wo der Tod hinter jedem Bette winkbereit steht, fallen
es zu spät ist, auf schwächere Punkte eingehend hinzuweisen.
„die letzten Masken“ von den Seelen der Menschen. Der
dann in dem zweiten „Die Frau
Max Reinharbt war als Rabemacher voll erschütternder
lungenkranke Schauspieler enthüllt sich in seiner ganzen kleinen
itzter nach Kränzen gegriffen, die ihm
Einfachheit, Hanns Fischer als Schauspieler — ebenfalls in den
Gespreiztheit, und der abgezehrte Journalist Karl Rademacher,
chönem Streben, aber mit Unvermögen
ganz von der wehmüthigen Drolligkeit
„letzten Masken“
deckt sein armes, stumm gewesenes Herz auf und
ußspitzen und langt in die kühle
der Rolle erfüllt. Rittner zeigte sich als Münchener
141
sich gegen die Falschheit
den Trotz ausströmen, der
en Thurmhöhen des Pathetischen. Es
Bohémien (mit der Maske eines bekannten Antors) in
alle,
Schickfals aufgehäuft hat, und die Abgunst gegen
nur halb, nur unter Schweißans¬
seinem kantigen Phlegma höchst ergötzlich. Bassermann nahm
Vor
en sich selbst. Dann aber, in dem ernsten denen es besser beschieden war. Rademacher fühlt sich sterb
zweimal Gelegenheit, zu zeigen, wie er in Aussehen und Spiel,
dem Tode will er noch einmal dem Jugendgenossen, dem erühmt
sken“ und in dem Uebermuthschwank
bis in die kleinste Bewegung hinein, sich in die Gestalten des
gewordenen Dichter Alexander Weihgast sagen, wie er ihn de echschaue
ge die Züge wieder, die wir herziich an
Dichters zu finden wußte. Der Jockey=Edelmann des letzten
in seiner geistigen Hohlheit, und wie er ihn verachte wegen seiner un¬
hn von Neuem als oühnengerechten Voll¬
der süßholzraspelnde, in sich selbst verliebte
Stückes und
verdienten Erfolge. Er will ihm sogar sein häusliches
die literarische Schule aufgestellt hat,
Dichter des dritten Stückes waren Beide von absoluter
Glück zerstören, indem er ihm die Untreue seiner Frau
Seine Gedanken sind zart un ohne
Lebenskraft erfüllt. Irene Triesch, die Vielumstrittene, trat
verräth. Das alles übt er sich vor dem schwindsüchtigen
. Leben, Spiegelungen der Wirklichkeit,
ebenfalls in zwei Stücken heraus. In „Literatur“ schien sie
Schauspieler wie in einer Generalprobe ein. Als dann aber Weih¬
hächst geschickt den Bedingungen der
der inneren Komik der Rolle nur zum Theil gewachsen zu sein.
gast wirklich erscheint, als Rademacher ihn mi dem Hellblick des
und Geist ein Künstler, mit der
Man kann sich das alles ohne Aufdringlichkeit noch viel markanter
Stei benden völlig durchschaut in seiner Aufgeblasenheit, in
ndwerker, stellt er eine Gattung
seinem eitlen Geckenthum, in seinem unerschütterlich selbst= und unterhaltender denken. Aber in der „Frau mit dem Dolche“
nur zu nothwendig bedarf. Und
er, der viel¬ war sie im Reden und Schweigen vortrefflich. Nur ganz
da empfindet
biesen beiden letzten Stücken an sich
zufriedenen Glücksgefühl,
zart punktirend, mit versteckter Leidenschaft, brachte sie den
geschundene Zeilenschreiber, sein eigenes Loos nicht mehr
ser Stoffwahl, wenn er, der frühere
besten Ausdruck für dieses halb verträumte, halb gierige, durch
so unerträglich. Die vollkommene Lüge dieses Daseins entwaffnet ihn
n“ in der beklemmenden Atmosphär¬
die Gesellschaftskultur nur wenig gebändigte Frauennaturell. In dem
und stimmt seinen bitteren Wahrheitsmuth milde. Er schweigt und
t es, wenn er in „Literatur“ das alte
florentinischen Zwischenspiel wiederum hätte sie sich mehr entfalten
schweigend stirbt er. Szenenführung des Stückes ist gewagt, aber sie
n und demimondainen Liebe erörtert.
müssen und nach dem Umsang ihres Temperauients auch sicher mehr
löst sich in diesem Schluß harmonisch und mit edler Wirkung auf.
es macht, mit welcher galauten
entfalten können. Aber immer hatte man wieder das Gefühl, einer
Das Krankenhausmilieu ist ausgezeichnet definirt.
eite der Frauen schlägt, wie er lächelnd
sehr interessanten künstlerischen Persönlichkeit gegenüber zu stehen.
Noch ein Wort von den ersten beiden Stücken. „Die Frau
hinstellt und den Sünden des Weibes
Imit dem Dolche“ zeigt eine Episode im Museum vor dem be¬
die Schlechtigkeit oder Bornirtheit des
kannten so genannten Bilde aus dem fünfzehnten Jahrhundert. Frau
ergötzlich schildert.
Pauline und ihr Liebhaber flirten halb feurig, halb sentimental.
nd „Liebelei“, das hat er im Anatole¬
Die junge Frau träumt vor dem Bilde, daß sie es selbst
ren erotischen „Reigen“ gethan. Erthut
darstelle. Die Bühne verdunkelt sich, ihr Traum wird
rau hat eine Vergangenheit. Sie war
szenische Wirklichkeit. Frau Pauline ist in eine Florentinerin
hat sich frei gemocht, ist „Dichterin“
Paola verwandelt, die ihrem Gatten, dem berühmten Maler
hliche Bohsmien=Tage und Nächte ver¬
Remigio, zu der „Frau mit dem Doche" Modell gestanden
em rangiren, indem sie sich von dem
hat. Ein anderer Maler, Leonardo, hat ihre Gunst genossen.
Sportsman in die Ehe fuhren läßt.
Sie beichtet es dem heimkehrenden Gatten und ersticht den
ristrokratische Vorurtheile eingelnöpft,
Freund einer Nacht. Aber Remigiv sieht, während sie den Dolchstoß
noch weiter schrifistedere. Er findet
Eführt, in ihr nicht die reuigeund opferbereite Gattin. Er sieht nur
enn sie nur erfunden sind, in Form
verkaufen. Oh, wenn er wüßte, daß Pihre hervische Geste. Just, wie er sie für das Bild da auf der
den hat. Wenn er wüßte, daß dieses Staffelei braucht. Er greift, während Leonardo am Boden
tlichen will, und welches er zum Ein= verröchelt, nach Pinsel und Palette. So sind die Männer, sagt
daß es ein Bericht ihrer Abenteuen mit Schnitzler. Die Frau aber möge sich schadlos halten. Wiederum
Die Handlung ist sehr witzig bis zu dem#sehen wir den Museumssaal. Frau Pontine erwacht aus
traurige Gewißheit erlangen undin dem###deTraum, den wir eben leibhaftig genossen haben.
orbesitzer seiner Braut kennen lernen###d sie rächt die längst verschollene Florentinerin, sie</Unicode>
            </TextEquiv>
        </TextRegion>
    </Page>
</PcGts>
