3392 4224
1511 91 2535 149 bringt. Für nichts ist die große Menge empfänglicher als
1502 121 2542 184 für einen Brocken Philosophie — eine Speise, die sonst von
1499 162 2532 209 ihr nicht allzu häufig gesucht, vielmehr als zu schwer ver¬
1497 197 2539 254 daulich gemieden wird, aber in dieser verdünnten Form an¬
1493 241 2531 299 genehm auregend wirkt. Diese philosophierende Rethorik ist
1501 276 2538 339 unzweifelhaft am Theater das, was man in der Literatur
1504 327 2537 373 „Schöngeisterei“ nennt — was die Schwärmerei für einen
2572 325 2774 391 inclusive
1494 365 2540 420 =Bela“ (Le monde on Pon semni) hervorruft. Philo¬
2595 381 2743 424 Porto.
1493 399 2528 455 sophie, wo sie zu einer tief begründeten Weltauschanung
2580 413 2747 469 Zahlbar
1507 438 2534 499 wurde und sich hoch über die kleinlich beengten Gesichts
2573 454 2791 527 im Voraus.
1500 480 2534 538 punkte der Menschen erhebt, wirkt ganz anders. Ist sie der
1395 493 1441 534 „
1502 511 2536 556 Untergrund, der ein Dichtwerk trägt, fühlen wir kein eitles
2548 503 2808 573 tte ist das
1494 557 2524 604 Vergnügen, daß unser geistiges Empfängnis groß geuug ist,
1363 560 1472 615 Abo
2591 564 2822 623 ht es den
1495 598 2527 652 die bravonröse Spiegellechterei mitzumachen, wir vergessen unser
2587 605 2667 656 rn.
1372 606 1478 658 Abo
1509 631 2527 692 Selbst, und jenes große Ahnen erschüttert unser Wesen, das
1493 669 2536 733 mehr im Gefühl als in der detaillierenden, geistigen Auffassung
2572 679 2805 747 Itend die
1493 708 2531 767 in Erscheinung tritt. Das wollte ich nur vorhersenden, bevor
2575 722 2788 780 lorgen¬
1359 710 1487 778 Inh:
1495 748 2536 808 ich den allgemeinen Lobeschorus über den Einakterzyklus
2587 766 2793 819 Zeitung“)
1507 794 2528 832 „Lebendige Stunden“ von Schnitzler, der vorigen
2567 804 2805 851 schaftliche
1360 811 1477 863 wod
2575 840 2785 892 T.— 1
1490 834 2522 894 Samstag zum ersten Mal im Deutschen Volkstheater
1874 905 2919 961 lichen mysteriösen Rückerinnerns der Seele, von dem sonderbaren
1488 921 1842 983 sehr erfolgreich in
1871 953 2915 1002 Eindruck, als hätten wir dasselbe, was uns eben begegnet,
1493 962 1857 1024 Szene ging, kritisie¬
1875 994 2918 1040 schon längst einmal erlebt. Derlei Eindrücke haben die meisten
1501 1004 1852 1065 re. Der erste dieser
1887 1037 2915 1084 Menschen schon einmal durchkostet, und hängt das vielleicht
1504 1044 1821 1098 Einakter ist ein ge
1883 1082 2918 1131 damit zusammen, daß uns einen Atemzug lang die
1498 1084 1850 1143 sprochenes Feuille¬
1880 1105 2945 1172 a priori-Begriffe von Zeit und Raum versagen. Wenn die
1490 1127 1849 1180 ton ohne echte Le¬
1874 1148 2919 1212 Seele wandert, so müßte sie jedenfaus ihrer Vollendung zu¬
1726 1158 1854 1214 Man
1489 1162 1700 1223 benstragik.
1873 1184 2929 1232 schreiten; zwischen diesen beiden Leonoren des Leonardo und
1502 1199 1827 1257 muß kein junge
1878 1226 2924 1289 jener in der modernen Kunstgallerie ist aber wenig Gehalts¬
1505 1244 1823 1300 Dichter sein, um i
1884 1262 2917 1322 unterschied. Jene mit dem Dolch steht moralisch höher, denn
1495 1282 1855 1340 egvistischer Kraft
1881 1306 2919 1365 sie tötet den Jüngling, in dessen Arme sie nur die Sinnes¬
1492 1318 1863 1377 über ein zermalm¬
1880 1352 2918 1405 leidenschaft warf, wie sie des edleren geistigen Bandes
1501 1360 1856 1413 tes Menschenschick¬
1887 1397 2789 1436 wieder inne wird, das sie an den Gatten fesselt
1499 1401 1857 1460 sal hinwegzuschrei¬
1881 1442 2922 1486 moderne gibt sich erst hin, nachdem sie vorher klar dargelegt
1665 1440 1827 1492 dazu ge
1502 1444 1593 1489 ten
1887 1458 2926 1512 hat, welche Gefahren in ihrer Leidenschaft liegen, zu deren
1505 1472 1871 1535 nügt es schon einfach
1881 1494 2921 1559 Bändigung sie die Hilfe des Gatten als Reisebegleiter und
1509 1519 1869 1571 jung zu sein. Die
1881 1535 2913 1601 vermutlich auch Reisekassier leider vergeblich angerufen hat.
1501 1556 1874 1612 Jugend wendet sich
1888 1589 2923 1637 Diese Seelenwandlungstragödie ist zu viel Effekthascherei,
1505 1597 1865 1652 naturgemäß der Zu¬
1888 1624 2922 1673 als daß sie einen bleibenden Eindruck hervorbringen könnte.
1502 1635 1873 1689 kunft zu, sie löst die
1882 1650 2931 1720 Fräulein Sandrock und Herr Kramer gaben, was sie
1508 1675 1866 1731 Werdenden von ihren
1898 1694 2920 1757 konnten. Kraftvoll wirkte Herr Eppens — schade, daß
1511 1717 1866 1768 menschlichen Vor¬
1897 1739 2918 1795 wir ihn verlieren. Das philosophisch Tiefste und geistig Be¬
1505 1747 1874 1809 gängern, sonst würde
1895 1754 2939 1839 dentendste sind „die letzten Masken“ Hier weht##
1508 1792 1870 1845 das Bindeglied zwi¬
1891 1793 2949 1867 uns ein größerer Alemzug, ein tieferes Erfassen des all¬
1512 1829 1870 1882 schen den sich immer
1887 1851 2941 1908 gemein Menschlichen entgegen. Der letzte, oft wie Humor
1509 1870 1871 1923 wieder verjüngenden
1893 1895 2921 1948 aufblitzende Ausdruck im Antlitz Sterbender, der vielleicht
1515 1909 1878 1950 Generationen kein
1895 1933 2921 1991 ein endliches Entschleiern der Wahrheit — eine große ironische
1507 1946 1865 2000 haltbares sein. Will
2377 1977 2920 2019 — oder auch nur ein letztes
1897 1989 2369 2028 Schlußbilanz des Lebens
1511 1988 1868 2045 Schnitzler sagen, daß
1901 2026 2920 2069 Zucken der Gesichtsnerven bedeutet — wird dem sinnenden
1516 2025 1887 2085 dieser Sohn, dessen
1904 2052 2931 2098 Denker immer wie eine geheimnisvolle Offenbarung er¬
1530 2063 1863 2118 Mutter freiwillig
1895 2092 2929 2143 scheinen und ist von Schnitzler in machtvoller Wirkung erfaßt.
1511 2104 1877 2157 stirbt, um sein junges
1888 2140 2927 2196 Jedenfalls hat Schnitzler dieses letzte Ausflackern des Lebens sehr
1509 2143 1870 2194 Leben nicht mit Sorge
1890 2171 2926 2226 tief beobachtet und gut gestaltet. Wir sahen darin auch zwei
1512 2183 1876 2235 und Kummer durch
1887 2204 2923 2258 Meisterrollen. Direktor Weiße, dessen Sterbender durch ein¬
1550 2217 1844 2280 ihre unheilbare
1889 2250 2933 2302 fache Mittel packend wirkte, und Herr Brandt, der seine
1516 2246 1873 2320 Krankheit zu zer¬
1896 2288 2928 2341 Rolle mit trefflicher Charakteristik ausstattete. Das letzte
1511 2301 1882 2362 stören, die sein Ta¬
1888 2328 2932 2380 Stück des Einakterzyklus „Literatur“ ist ein seines,
1504 2343 1839 2395 leut zersetzen — ei
1895 2367 2928 2422 geistvolles Lustspiel, welches Schnitzler unbedingt auf
832 2382 1864 2429 moralisches Monstrum ist — weil er seinen Schmerz in
1897 2405 2938 2464 dieses Gebict weist. Die beiden Hauptpersonen sind witzig
837 2414 1876 2478 Dichtungen ausleben wird? Sieht er darin ein Fatum der
1898 2450 2931 2498 und treffend gezeichnet und wurden von Frl. Sandrock
847 2455 1877 2514 Dichte##eele? Von einer moralischen Monstruvsität kann aber
1894 2492 2927 2545 und Herrn Kutschera mit feinem, kaustischem Humor
852 2501 1885 2555 schon deshalb nicht die Rede sein, weil ja der herzbrechende
1903 2515 2941 2577 meisterhaft gespielt. Weniger traf Herr Kramer die kühle
848 2553 1871 2595 Kummer des sie pflegenden Sohnes seine Liebesfähigkeit
1896 2566 2941 2627 Eigenart des Aristokraten, seinen Widerwillen mit der Be¬
842 2579 1836 2630 beweist und gerade das seine Mutter in den Tod trieb —
1892 2606 2937 2645 rührung gewisser Dinge, wenn sie auch Formwesen sind.
835 2612 1875 2673 das Fatum aber, das darin liegt, deß der dichtende Sohn
2607 2649 2928 2696 wir erinnern nur
1894 2656 2605 2701 Derlei Rollen spielt Herr Thaller —
1514 2651 1884 2712 sein Entsetzen über
1897 2689 2929 2738 an seinen Lord Quex — glaubwürdiger und feiner. Jeden¬
1521 2694 1867 2747 die traurige Enthül¬
1903 2719 2942 2781 falls hatte das Volkstheater einen schönen Abend mit reichen
1516 2728 1876 2787 lung ihres freiwilli¬
1896 2767 2092 2830 Erfolgen.
1527 2770 1861 2823 gen Endes — verme##¬
1512 2814 1874 2875 lich in Werken seines
1509 2852 1887 2907 geistigen Schaffens
1520 2891 1881 2943 ausströmen wird,
1519 2930 1880 2984 schließt die Tragik des
1529 2971 1878 3025 Schuldbewußtseins
1516 3009 1890 3064 wohl aus. Daß der
1518 3050 1887 3104 Schmerz allmählich
1524 3090 1882 3142 in neuen Gefühlen
1525 3130 1898 3181 verarbeitet wird und
1515 3169 1885 3230 in Worten ausströmt,
1524 3207 1892 3263 ob diese nun von je¬
1522 3254 1896 3303 neu, welche die Gabe
1521 3286 1890 3341 dazu besitzen, geschrie¬
1518 3327 1895 3380 ben und gesprochen:
1523 3365 1888 3421 werden oder ewig un¬
1515 3404 1870 3461 gesprochen bleiben —
1513 3443 1878 3499 das ist einfach mensch¬
1522 3484 1878 3537 lich und kein beson¬
1523 3522 1886 3578 deres dichterisches Fa¬
1524 3565 1886 3617 tum. Herr Marti¬
1521 3597 1899 3657 pelli konnte der
1526 3644 1891 3697 Rolle des Stiesvaters.
851 3683 1892 3719 trotz seines trefflichen Könnens nicht geben, was ihr fehlt, eine
843 3723 1883 3770 richtige, gesunde Charakterzeichnung. Herr Geisendörfer
856 3758 1895 3810 blieb uns die warmen Döne eines jungen Dichtergemütes
849 3798 1898 3854 schuldig. Das zweite Stück „Die Frau mit dem
853 3835 1881 3882 Dolche“ ist auf einer Art Seelenwanderungstheorie auf¬
849 3879 1893 3941 gebaut oder sagen wir, es handelt von einem Gefühl plötz¬
