3436 4224
2078 124 2499 230 box 21/2
250 170 1903 245 16.1. Lebendige Stunden Zuklus
3178 1410 3250 1533 0
443 1805 2783 1849 um zu zeigen, daß sie auch Menschen find, fallen allerdings kräf= gversucht, ein berechtigt Mißvergnügter, in dessen Fiebertraum sich
441 1838 2781 1905 tigere und treffendere Hiebe als in der „Jugend von heute". Alles Ungemach erhöht und vergrößert, ein Sohn des Befreiungs¬
454 1887 2780 1927 Die Dichterin, die die unauständigen Verse schreibt, ihr Verlobter Gahres 1813, der, angeekelt von den vaterländischen Zuständen, in
444 1911 2782 1983 der Baron, der ihr das Dichten verbietet, sind ganz samose Whantasien über die Schreckenszeit der französischen Revolution
459 1964 2776 2023 Figuren. Ihr erster Fehltritt ist ein Reman, den sie trotzdem Kimhertummelt. Aber seien wir aufrichtig: was zu Beginn
445 2011 2771 2053 geboren hat, sogar mit Benutzung von echten Liebesbriefen, und Wer dreißiger Jahre des vorigen Jahrhunderts aus diesen in¬
448 2042 2776 2097 wenn dieselben heißgestammelten, sodann sorgfältig abgeschriebenen Edividuellen und geschichtlich merkwürdigen Stimmungen in einer
453 2078 2782 2150 Liebesbotschaften dem Roman eines früheren Geliebten und Hkrankhaft erregten Jünglingsfeele hervorwuchs, ist nichts weniger
453 2121 2605 2164 Kollegen die dokumentarische Echtheit verleihen, so giebt das eine Kals ein Meisterwerk und am allerwenigsten ein Drama.
443 2153 1620 2207 höchst zeitgemäße Sitnation, die nur insofern veraltet ist, als die
1632 2149 2784 2228 Die Jugend zeigt sich nicht nur in der Verstiegenheit der Phrase,
451 2192 1620 2247 Männer von heute nichts mehr dagegen haben, daß die schreibenden
1614 2189 2780 2260 in der dann und wann ein Funke von Genialität aufblitzt, sondern
459 2227 1628 2296 Gattinnen ihre enthüllten Reize bandweise verkaufen. Dieser
1626 2243 2771 2289 auch in der Abhängigkeit von der Materie des Stoffes, von der
445 2273 1613 2322 ebenso wahre wie lustige Schwank war ein ungemein glücklicher
1620 2282 2774 2320 Memoirenliteratur und den dramatischen Vorbildern, in dem gleich¬
453 2307 1621 2375 Wurf und er wurde auch von Frl. Triesch wie den Herren
1615 2305 2874 2393 mäßigen Pathos, in dem alle Färbung der Charaktere verschwindet,
3039 2326 3138 2401 MRI
447 2345 1613 2406 Rittner und Bassermann mit verwegener Verve genommen.
1619 2361 3281 2432 und in der dramatischen Ohnmacht, die die gewaltigen Vorgänge verwiesen wurde. Solche Le¬
449 2388 1615 2450 Alles in allem, es war ein realistischer, phantastischer, ernster,
1613 2394 2768 2445 in freischwebende Reflerionen und rhetorische Epigramme zer¬
2762 2422 3287 2483 szenische Versuch schafft uns
453 2422 1616 2494 lustiger, immer auregender Abend, und so etwas können wirt
1613 2434 2768 2495 stückelt. Man kann es bis ins Einzelne hinein verfolgen, mit
2766 2459 3326 2516 greifenden Urtheile. Georg #
448 2469 802 2538 brauchen. A. E.
1609 2469 2760 2525 welchen Mitteln Büchner arbeitet: bald beherrschen ihn Ton
2763 2493 3334 2557 Geist unserer zweiten Sturm¬
1616 2514 2770 2573 und Stimmung der Schillerschen „Räuber“ bald die großen
1412 2522 1487 2591 4
2773 2540 3324 2598 in der Literatur behaupten, an
1607 2546 2770 2610 mots der französischen Revolution, deren Helden in Römer¬
659 2564 1416 2642 Neue freie Volksbühne.
2770 2572 3312 2631 „Dantons Tod“ glaube ich nich
1613 2596 2770 2647 phrasen zu schwelgen liebten, bald die Reize der historischen Anek¬
2775 2615 3320 2675 eine unvergleichlich bessere Auffü
1612 2630 2770 2686 doten, die im abgeblühten Drama des jungen Dentschland bis zu
446 2638 1607 2705 Zum ersten Male: „Dantons Tod“, von Georg Büchner.
2759 2654 3339 2718 dilettantenhafte, geboten werden
1619 2662 2770 2714 Brachvogels „Narciß“ hinauf die Tiefe und Wahrbaftigkeit der
744 2680 1347 2754 (Belle=Alliance=Theater.)
2763 2699 3236 2748 alledem entnehmen: daß
1603 2701 2763 2767 psychologischen Vorgänge zu ersetzen suchen, bald die Erinnerungen
2763 2730 3340 2790 auf der Bühne nicht ins Re
484 2727 1612 2793 Eine literarische Ausgrabung war es, keine dramatische Wieder¬
1611 2753 2771 2796 an die raschen, zur Höhe hinanstürmenden Schritte des Shake¬
2768 2772 3325 2831 gedanken und Epigramme, die
440 2784 1621 2842 belebung, was da einem massenhaften, erwartungsvollen Publikum
1620 2791 2113 2847 speareschen Szenenganges.
2112 2784 2770 2848 In alle diese noch nicht inner¬
2766 2819 3338 2874 sind, an der Oberfläche haften
441 2829 1613 2879 an einem langen Sonntagnachmittag geboten wurke. Und das
1608 2825 2773 2878 lich verarbeiteten Reminiscenzen ergießt sich die Bitter¬
452 2867 1615 2914 lag nicht nur an den unzureichenden Kräften, die sich an die
1611 2867 2780 2935 keit des Verkannten, Schwerkranken, zumeist in bizarrer
2794 2861 3333 2922 Dem überaus dankbaren Pul
451 2899 1608 2952 Sache heranwagten, sondern an der Sache selbst. Denkwürdig in
1616 2910 2773 2962 Steigerung, da und dort zu Höltyscher Weichheit ge¬
2761 2899 3321 2963 schlossen war, hat Herr Gürtl
442 2940 1611 2991 hohem Grade ist zweifellos die Hinterlassenschaft eines Jünglings,
1609 2944 3335 3001 mildert. Dieser subjektive Zug, der bald lyrisch, bald ein starkes Pathos legte, Beifal
450 2984 1610 3033 der, fast noch ein Kindlan Jahren, mit den schwierigsten Problemen
1621 2989 2772 3038 philosophisch hervortritt, ist der einzig echte und interessante der
2766 2987 3299 3049 Hellmer als Robespierre
437 3025 1609 3068 und Darstellungsformen kämpfte und nach den höchsten Kränzen
1616 3025 2770 3069 Dichtung; dann und wann fesselt uns ein Naturlaut der Empfin¬
2762 3027 3330 3079 aber matt in der Farbe.
440 3064 1603 3105 griff, während ihn Noth und Bedräugniß in den tiefsten
1610 3058 2773 3109 dung und ein tiefsinniges Epigramm, das in eine Ketie von
2768 3069 3328 3127 durch Masken zu wirken;
437 3103 1611 3153 Niederungen des Lebens aufielen: denkwürdig und bezeichnend für
1614 3104 2777 3161 rasselnden Phrasen eingefügt ist. Der Dramatiker erlahmt an den
2766 3107 3294 3168 Darstellung wirkte nicht.
442 3143 1610 3192 eine genialische Individualiiät, die sich im Kampfe mit der
1620 3145 3322 3207 Motiven, deren Höhepunkte ihn reizen und in deren Tiefe er nicht Moest) that mit den ihr
441 3181 1613 3227 stumpfen Welt aufs äußerste aufpannt, und für eine Zeit, in der
1611 3173 3073 3229 hineinblickt. Handlung und Charaktere sind unbeweglich vom ersten das Mögliche
3175 3183 3306 3239 das
438 3209 1604 3264 das Mißvergnügen über kleinliche und erbärmliche Zustände sich
1612 3221 3303 3267 bis zum letzten Moment. Die letzte Szene sagt uns nichts, Schlusse wagte sie sogar —
452 3256 1615 3305 in erregbaren Naturen zum wilden Fieber steigert. Wer daran
1619 3256 3321 3306 was uns nicht schon die ersten verrathen hätten. Derz ninger, die in dem von Fitg
439 3288 1619 3332 während der gestrigen Aufführung von „Dautons Tod“ dachte,
1610 3296 2758 3343 starre Moralist Robespierre und der pathetische Lebens¬
2766 3290 3332 3354 Byrons ein Aehnliches versucht
442 3332 1605 3378 der mochte sich ernsthaft ergriften fühlen; denn der Dichter
1618 3325 2770 3381 künstler und reuige Schreckensmann Danton behaupten
2758 3332 3324 3402 Szene. Die Genossen rückten zu
449 3366 1603 3418 selbst, dessen trauriger, lebensmüder und doch ruhmgieriger
1606 3362 2766 3427 vom ersten bis zum letzten Moment den Standpunkt ihrer
2762 3371 3322 3432 um das Opfer, auf dessen Har
450 3400 2753 3464 Blick aus den Masken des Siückes brennend hervorsticht, Schlagwörter, die die Szene erdröhnen machen, ohne sie innerlich
2772 3408 3320 3470 herabfallen sah. Das ist wohl
536 3447 2775 3502 eine tragische Erscheinung, ein schwer Leidender, der zu beleben. Literargeschichtlich interessant ist der Nachklang!
2765 3446 3328 3507 „Handlung“, was geboten werd
445 3484 2760 3542 zwischen Selbstüberhebung. Zynismus und herostratischen Wallungen enzyklopädistischer Philosophie auf der einen und die Vorahnung
2761 3499 3336 3561 zum Schlüsse das Gefühl der in
442 3529 2791 3587 schwankt, ein Todgeweihrer, der über Leichenphatasien zu lächeln! des Nietzscheschen Individualismus auf der anderen Seite — aber!
