3484 4320
2045 184 2501 290 box 21/5
338 190 2047 314 16.1. Lebendige Stunden zyklus
1579 1053 2059 1166 Telephon 12801.
1190 1136 2419 1258 Alex. Weigl’s Unternehmen für Zeitungs-Ausschnitte
2031 1220 2385 1350 Oee Auschult
1450 1248 2049 1371 „OBSERVE
2202 1272 2475 1376 Nr. 85
1081 1364 2547 1444 I. österr. behördl. conc. Bureau für Zeitungsberichte u. Personalnachsichten
1362 1422 2295 1491 Wien, I., Concondiaplarz 4.
1099 1480 2546 1556 Vertretungen in Berlin, Budapest, Chicago, Genf, London, Newyork, Paris, Rom,
1457 1543 2174 1608 Stockholm, Kristiania, St. Petersburg.
1089 1630 2361 1761 Ausschnitt aus: Die Wespen, Wien.
1097 1780 1666 1912 vom: 1500
1017 2028 2589 2118 Artur Schnitzler ist ein Seriendichter. Im Gegensatze zu den
899 2102 2583 2187 „Morituri“ L.at er „Lebendige Stunden“ geschrieben. Sie umfassen vier Ein¬
914 2167 2591 2234 akter. Jedes von anderer Fagon aber gleicher Sorte. Ein dramatisches
922 2224 2593 2307 Mustersortiment. Bald wird die Literatur verhimmelt, bald geschmäht. je
905 2290 2605 2369 nachdem es Herrn Schnitzler passt. Sein Publikum geht jedoch mit ihm
910 2354 2609 2426 willig durch Himmel und Hölle und nahm die „Lebendigen Stunden“ mit
902 2413 2590 2481 grossem Beifall auf. Allerdings ist es ein Festabend, wenn Künstler wie
907 2455 2599 2535 Kramer, Brandt, Kutschera, Weisse, am selben Abend mit
904 2516 2613 2613 der Adele Sandrock auftreten. Dieses prächtige Zusammenspiel entschied
914 2572 1578 2657 auch den Erfolg Schnitzlers.
2152 2588 2273 2674 15.—
1909 2612 2159 2703 worzen) Kr.
2150 2637 2520 2730 28.— inelusive
2318 2687 2477 2733 Porto.
2158 2703 2279 2751 50.—
1181 2662 1306 2753 10
1106 2691 1156 2761 1
2142 2721 2496 2785 110.—  Zahlbar
1115 2735 1302 2807 " 500
2141 2761 2529 2833 200.— im Voraus.
1117 2782 1305 2858 " 1000
1218 2786 2530 2878 Im Gegensatze zu anderen Bureaux für Zeitungsausschnitte ist das
1099 2866 2538 2937 Abennement durch keine bestimmte Zeitdauer begrenzt; — auch steht es des
1102 2906 2417 2980 Abonnenten frei die aufgegebenen Themen zu ergänzen oder zu ändern.
1218 2975 2530 3046 Der „OBSERVER“ veranstaltet täglich einen Auszug enthaltend die
1094 3011 2542 3081 Inhaltsangabe aller wichtigen Mittheilungen der Wiener Morgen¬
1091 3074 2536 3125 blätter (Tagesjournale ausser „Neue Freie Presse“ und Wiener Zeitung")
1094 3108 2535 3155 wodurch eine Uebersicht über das gesammte politische und wirthschaftliche
1097 3149 2551 3208 Leben des In- und Auslandes in drastischer Kürze geboten wird. Diese Mit¬
1097 3192 2120 3243 theilungen werden in Wien um 2 Uhr Früh verschickt.
1426 3279 2193 3364 Prospecte gnatis und franco.
