3484 4320
921 36 1143 127 W
530 109 1516 190 Bei Besprechung der ersten Aufführung von Arthur
458 161 1512 241 Schnitzlers „Lebendige Stunden“ am 10. d.
469 213 1514 295 ist die Verlockung sehr groß, unserem Publikum eine
468 265 1513 333 tüchtige Strafpredigt zu halten. Aber dieses Publikum
464 319 1503 399 ist souverän. Für das Recht seinen unberechenbaret
466 362 1510 422 Launen nachzugeben, bezahlt es baar und wenn ihm
461 414 1696 506 der Name Schnitzler nicht imponirt; wenn es nur für zuelusire
462 463 1682 544 literarisch gelten, nicht aber es auch sein will; wenn porto.
297 480 408 545 Für
468 522 1701 592 es im Theater seine Denkfunktionen nicht zu strapa=, Zahlbar
468 550 1721 643 zieren beabsichtigt, sondern befriedigt ist, wenn es im Voraus.
461 611 1743 693 lachen kann — so ist dies eben seine Sache. Die zite ist das
459 651 1749 731 Theaterdirektion zieht daraus ihre Konsequenzen. Sie stcht es den
450 695 1638 777 wartet mit demjenigen auf, was die Leutchen gontiren: ndern.
314 727 448 786 Abonn
463 764 1490 827 mit französischen Schwänken, Operetten u. s. w. Das
320 774 462 820 Abonnt
1484 785 1767 858 athaltend die
450 814 1487 873 Schlechtere, das Schlüpfrigere ist bei uns der siegreiche
1509 838 1760 892 Morgen¬
450 862 1472 923 Feind des Guten. So ist es erklärlich, daß „Lebendige
1479 873 1752 934 her Zeitung“)
324 884 1770 982 Inhalt Stunden“ nicht jenes volle Hans machten, wie „Ein= irthschaftliche
322 937 478 983 blät
336 944 1773 1024 Kodur quartierung“. Und vom Verständuis, welches die vier d. Diese Mit¬
327 1007 1493 1077 Leben Einakter Schnitzlers beim Groß der Anwesenden
341 1059 1502 1125 theilu fanden, schweigt des Sängers Höflichkeit, muß schweigen
533 1106 1492 1167 es war eben nicht wahrnehmbar. Diese vier
445 1139 1494 1219 dramatischen Bijons: „Lebendige Stunden", „Die
453 1194 1492 1269 Frau mit dem Dolche", „Die letzten Masken“ und
453 1248 1482 1312 „Literatur“ erzählen mit einer verblüffend scharfen
449 1294 1483 1366 Charakteristik, daß Künstler, seien es nur Poeten,
434 1339 1488 1401 Maler oder Schauspieler einer lebendigen Stunde
442 1394 1486 1463 Dauer über ihre Zeit hinaus zu geben sich bemühen,
441 1434 1088 1501 daß sie ihren Schmerz auch zu
1098 1443 1487 1522 festalten versuchen,
451 1483 1494 1565 daß die künstlerische Schaffensl aft sie über den
444 1532 1480 1614 Jammer der Stunde des Daseins emporhebt. Das ist
453 1586 1501 1671 der gemeinsame Grundgedanken der vier Einatter, die
444 1640 1481 1696 aber stofflich gar nicht zusammenhängen. „Lebendige
447 1686 1483 1741 Stunden" und „Letzte Masken“ erschüttern; „Die
451 1731 1482 1808 Frau mit dem Dolche“ läßt Längstvergessenes, Ererbtes
446 1777 1484 1848 der Gedanken, mit magischem Zauber in die Gegenwart
423 1820 1482 1899 hineinleuchten, Märchenglauben der Erwachsenen, werden
413 1919 1470 2009 es viele nenuen, die Erbschaft des Blutes werden
408 1995 1468 2062 Realisten sagen. Und voll sprühenden sarkastischen
423 2036 1456 2122 Humors ist der Einakter „Literatur" Es verlohnte
412 2075 1465 2162 den Gedankenspuren Schnitzlers zu folgen, aber unser
414 2138 1103 2216 Publikum lehnte Schnitzler sanft ab
1099 2145 1459 2215 — man muß sich
412 2192 1458 2244 schämen, aber es ist so — was werden ihm seine
416 2232 1448 2296 Gedankenspuren bedeuten? Konstatiert muß jedoch
405 2292 1452 2356 werden, daß unsere Kunstkräfte sich mit Hingebung
412 2338 1454 2410 dieser Sache der Kunst annahmen. Erschütternd verstand
409 2383 1461 2457 es Herr Freitag den pensionirten Beamten im
405 2444 1452 2510 ersten Stücke darzustellen, der den Tod seiner Freundin,
412 2485 1461 2546 die ihrem Sohn durch ihr Sterben die Freiheit des
418 2534 1457 2591 Schaffens wiedergeben will, nicht verwinden kann;
398 2590 1454 2644 den der Verlust der lebendigen Stunden, die der
411 2632 1456 2707 Verkehr mit ihr ihm bot, gebeugt. Einen guten Abend
418 2682 1451 2748 hatte Herr Bodanski. Er charakterisirte den
405 2737 1455 2791 strebenden Journalisten (Letzte Masken) mit treffsicherer
410 2781 1460 2844 Realistik und fand auch für den Gilbert (Literatur)
405 2819 1451 2896 den richtigen Ton. Mit einem sicheren Odilogüber¬
400 2872 1452 2958 mute spielte Frl. Bellau, die mit lebhaftem Applaus
406 2927 1449 2983 empfangene, mit schönen Blumenspenden geehrte
400 2977 1459 3043 Benefiziantin, die Margarethe in „Literatur“, da war
397 3021 1449 3087 Temperament und auch jener überlegene Humor in
405 3067 1455 3142 dieser Darstellung, der die Idee des Dichters erst im
400 3124 1441 3197 rechten Lichte erscheinen läßt. Eine prächtige Figur,
401 3169 1446 3253 die sich sehen lassen kann, war der „Clemens“ des
399 3218 1447 3281 Herrn St. Swoboda. Herr Fleischer war in
410 3270 1448 3333 den ersten zwei Stücken beschäftigt. Den Dichter
404 3315 1442 3374 Heinrich sprach er schön, mit jener gedämpften Ei¬
410 3370 1449 3421 pfindung, die eben der künstlerlischen Verwertung
412 3422 1449 3492 der Trauer vorangeht. Als Leonhard war er
408 3471 1453 3524 rollenunsicher. Frl. Pothy (Pauline) verdient lobende
408 3525 1453 3586 Erwähnung. Leider zerstörte das unmögliche Bild der
410 3571 1444 3634 Frau mit dem Dolche den ganzen Eindruck dieses
404 3617 1450 3684 Stückes. Herrn Fischer gebührt Dank dafür, daß
394 3668 1440 3728 er sich so sichtlich um Insceuirung und Einstudierung
405 3723 1440 3773 bemüht. Nur das Spieltempo war ein viel zu lang¬
406 3758 1438 3819 sames, besonders im letzten Stücke. Sein „Weihgast“
389 3817 1439 3879 war ein Kabinetstück. Herr Stössel gab den Gärtner
388 3857 1441 3920 mit guter Wirkung, als Schauspieler Jackwerth war
392 3909 1433 3966 er unverstäudlich. In Abonnement werden unsere Ge¬
387 3959 1474 4049 bildeten sich auch diese literarischen Stücke gefallen
387 4017 1496 4098 lassen. Das ist die wahre Literaturliebe nicht. Stekel.
1923 248 3123 332 Alex. Weigl's Unternehmen für Zeitungs-Ausschnitte
2795 313 3081 418 dee Ausschnitt
2169 340 2802 463 „OBSERYEF
2926 372 3112 465 Nr.
1827 479 3260 522 L. österr- behördl. conc. Bureau für Zeitungsberichte u. Personalnachrichten
1823 501 3008 592 1105 Wien, I Concordiaplarz 4.
1830 580 3258 652 Vertretungen in Berlin, Budapest, Chicago, Genf, London, Newyork, Paris, Rom.
2182 638 2905 701 Stockholm, Kristiania, St. Petersburg.
1828 746 3139 848 Aussennitt aus: Opasbinge Sadete
1816 871 2487 988 vom: 40 70 0
2024 1080 3102 1201 Theater, Künst und Literatur.
2186 1170 3101 1261 Literarischer Abend. Die unter der
2039 1238 3092 1301 Devise „Lebendige Stunden“ gestern an unserer
2046 1275 3101 1348 Bühne gegebenen, von Arthur Schnitzler
2056 1330 3087 1411 stammenden drei Einakter=Novitäten brachten eine
2051 1377 3101 1461 arge Enttäuschung. Es gibt nichts Widerlicheres,
2049 1403 3086 1504 als wenn ein Künstler — sei es auf welch'
2037 1485 3092 1558 immer Gebiete der Kunst — zum Spekulauten
2032 1527 3088 1602 wird und durch absonderliche Versuche in der
2045 1571 3090 1668 Absicht Neues, Verblüffendes, Sensationelles zu
2040 1680 3250 1783 bieten, Stoffe auf die Bühne zerrt — die in ielure
2054 1727 3216 1831 solcher Form und in solchem Kleide niemels auf Porto.
1930 1720 2028 1809 100
1932 1795 2028 1853 200
3069 1806 3229 1855 ahlbar
2053 1780 3069 1878 dem Theater eingebürgert werden können, sondern
1930 1838 2033 1892 500
2048 1830 3272 1927 höchstens in literarische, medizinische oder andere # Voruns.
1939 1880 2031 1938 900
2045 1876 3271 1972 Fachschriften gehören — wenn überhaupt Jemand ist das
3087 1952 3266 2015 ht es den
2036 1936 3144 2047 Geschmack daran finden kann. Die schon ins Un¬ zu.
2040 1982 3079 2077 siunigt, Lächerliche verrante moderne literarische
2035 2024 3268 2126 Richtung hut die Grenze überschritten, in welcher stend die
2038 2073 3265 2174 ihre Talmikunst Anspruch darauf erheben dürfte, lorgen¬
2041 2125 3260 2208 Ernst genommen zu werden und in ihrer Ver= Zeitung")
3048 2193 3278 2245 schaftliche
2026 2179 3278 2268 krüppelung klammert sie sich an den darstellenden Diese Mit¬
2026 2214 3066 2318 Künstler in der Hoffnung, daß dessen Genie solchen
2018 2268 3074 2365 Mißgeburten gerade Glieder auschmieden vermag,
2026 2326 3072 2418 auf welchen sie sich vor dem sicheren Falle auf¬
2027 2371 3064 2470 rechtzuerhalten vermögen. Auf Provinzbühnen
2021 2411 3077 2513 sind solche Experimlute doppelt schwierig, weil
2019 2466 3083 2552 da nur zu oft die Darsteller selbst auf den
2010 2511 3070 2599 eigenen Beinen nicht zu stehen vermögen. Wie
2018 2554 3068 2675 peinlich ist es wohl da für den Kritiker, immer
2008 2625 3050 2695 wieder den Stab über derlei Jammergestalten
2001 2663 3064 2756 brechen zu müssen und man kann nur über die
2005 2707 3061 2806 Kühnheit einer Bühnenleitung stannen, welche trotz
2003 2753 3049 2840 solcher peinlicher Mißerfolge immer wieder Dar¬
1998 2804 3069 2903 stellern Aufgaben zutheilt, welchen sie nicht ge¬
1994 2850 2248 2917 Fachten ##
2729 2875 2844 2917 A1
2437 2870 3057 2956 hukiler „Wir Irscll
1992 2911 3084 3006 vem Dolche“ wurde durch solche Stümperei gauz¬
1983 2941 3069 3044 unverständlich und man bedauerte Frl. v. Lin¬
1973 2985 3047 3108 den, die in ihrer ehrlichen Bemühung ans der
1983 3042 3026 3158 Rolle der „Pauline“ etwas Faßbares, Mögliches
1987 3089 3023 3186 und Erklärliches zu schaffen abselnt keine ergür
1979 3138 3033 3252 —geude Unterstützung fand. Dieses dramatische
1989 3185 3028 3315 Sezessionsbild fiel gänzlich durch. Ein krasses,
1986 3234 3031 3333 trübes Spitalbild, dessen Millien mit Tuberkeln.
1990 3288 3025 3377 geschwängert ist, bietet das Schauspiel „Die
1982 3330 3018 3438 letzten Masken“. Zwei Darsteller Herr Wil¬
1974 3376 3021 3497 helmy und Herr Pallenberg fanden darir
1977 3422 3020 3533 ein Feld, um ihre hervorragende Begabung zu
1975 3472 3030 3595 zeigen. Ihr Fleiß wäre einer besseren Sache
1969 3530 3022 3627 würdig gewesen. Wenn das so in der modernen
1965 3566 3014 3679 Bühnenliteratur fortgeht, dann können wir
1965 3622 3009 3732 nächstens vom Krankenzimmer in den Seziersaal¬
1963 3663 3006 3770 vom Seziersaal in die Gruft oder das Massen¬
1954 3731 2996 3826 grab, um dort Zeuge zu sein, wie die Würmer dies
1946 3776 3006 3876 Leichen verspeisen. Wenigsteus werden dann dier
1952 3812 3002 3925 letzten Masken vollends follen und man wird
1943 3873 2991 3979 die literarischen Würmer in ihrer
1931 3913 2979 4028 wahren Gestalt leichter erkennen. Das
1945 3958 2976 4058 letzte Stück, ein Lustspiel „Literatur“ betitelt,
1939 4004 2961 4114 hätte beinahe den Abend gerettet, weün es nicht
1937 4072 2973 4153 gar so unglaublich albern sich ausgewachsen
1942 4108 2080 4145 RRS•
