3484 4320
301 201 2457 327 16.1. Lebendige Stunden zuklus box 21/5
1413 492 2318 577 Das Schauspiel „Die Frau mit dem Dolche“
2328 490 3321 588 schüttelte Frau vortrefflich, auch die leidenschaftlich
195 492 754 607 er und Musik.
1329 536 2312 620 behandelt auch das Problem des Verhältnisses zwi¬
2335 583 3315 640 erregten Verse sprach sie gut, nur das gedehnte Spre¬
1325 602 2327 678 schen dem Künstler und dem Menschen, deren Schicksal
202 506 954 700 dae Stunden- 4 m vsr
2335 622 3314 693 chen als Ausdruck innerer Qual und tragischen Ver¬
1323 656 2329 731 er bildet. Ein uraltes Problem, das vielleicht am
231 654 852 725 Unsere Theaterleitung hat sich
2332 670 3320 734 hängnisses ist unangebracht. Herr Hellbach war
1333 707 2326 763 häufigsten bei dem Streite diskutiert wurde, ob
191 683 860 781 ung und sorgfältige Einstudierung
2331 721 3326 795 auch als Leonard temperamentvoll und sprachgewandt,
1324 747 2325 809 Goethe sittlich handelte, als er über Friederike von
188 770 857 830 Werkes ein großes Verdienst er¬
2324 762 3322 843 wenn auch unsicher im Texte. Herr Tichy war
874 636 1134 872 20
1326 799 2314 877 Sefenheim hinwegschritt. Die Szene unseres Schau¬
190 798 867 896 sverkaufte Haus und das von Akt
2333 819 3265 885 als Remigio sehr repräsentativ und wirkungsvoll.
1321 852 2322 909 spiels ist anfangs eine Bildergalerie, wo sich ein
182 864 856 935 nteresse des Publikums bilden einen
2418 864 3315 932 Das nächste Stück „Die letzten Masken“ wurde
862 843 1129 963 Idunt
1324 906 2325 973 Paar trifft. Der junge Mann liebt die Frau eines
181 909 861 977 ch vom nüchternsten Standpunkte
2324 907 3323 983 in diesem Blatte anläßlich seiner Vorlesung durch
1327 954 2323 1022 großen Künstlers, dem die Frau nur Modell, nur
2333 958 3321 1031 den Dichter ausführlich besprochen. Es ist ent¬
200 950 1134 1097 Veranstaltung literarischer Abende
1319 994 2322 1062 Gebärerin seiner künstlerischen Gestalten ist. Der
198 1004 428 1072 steht. D##
2327 1010 3318 1078 schieden das bedeutendste Stück von den vier Ein¬
456 1009 851 1080 Theater hat das
1315 1051 2316 1108 Jüngling hält der Geliebten das vor, was sie ihrem
2327 1064 3320 1118 aktern und wirkt erschütternd. Die Worte des ster¬
194 1059 863 1132 verdient, — allerdings auch jedes
1328 1099 2312 1159 Manne im Grunde nur ist, sie soll sich nicht ausbeuten
2329 1117 3319 1181 benden Rademacher gehören mit zu dem Tiefsten und
196 1114 870 1181 heater, welches es verdient. Der¬
1315 1156 2308 1216 lassen als Modell, sie soll ihm gehören als Weib.
2326 1163 3327 1230 Ergreifendsten, was Schnitzler schrieb. Das Stück
188 1164 867 1234 er „Lebendige Stunden“ litt in
1315 1197 2319 1269 Die Frau, zwiespältig und unklar in ihren Gefühlen,
2334 1209 3316 1257 ist auch kein Thesenstück, wie es die drei andern im
189 1200 860 1284 urch den Lärm der noch geraume
1325 1250 2323 1300 glaubt in einem Gemälde, das sie bei Betrachtung
2323 1251 3314 1318 Grunde sind. Es ist eine Tragödie, die sich aus
195 1254 867 1334 ginn rücksichtslos eindringenden
1326 1298 2311 1371 der Gallerie erblickt, ihres Rätsels Lösung zu fin¬
2328 1303 3323 1389 einem individuellen Menschenschicksale ergibt und den
182 1316 845 1380 rch die leise Sprechweise der Dar¬
1320 1330 1917 1402 den: die Frau mit dem Dolche.
2038 1356 2315 1412 .Die Szene
2332 1355 3325 1418 Sinn des allgemeinen Menschenschicksals verdeutlicht.
194 1356 858 1427 n psychologischen Dialog ganz und
1316 1395 2309 1451 verwandelt sich in das Atelier eines Renaissance¬
2320 1397 3326 1479 Herr Haller spielte den sterbenden Journalisten
192 1412 858 1479 klatze ist. Zwischen deutlich und
1314 1448 2312 1504 künstlers., Paola, die Gattin des berühmten Malers
2336 1451 3321 1523 sehr wirkungsvoll, die gehetzte Ungeduld und Wut,
200 1445 866 1530 einen Unterschied und namentlich
1315 1494 2310 1560 Remigio, hat die Nacht im wilden Liebestaumel mit
2325 1504 3323 1568 die dem befreundeten Todfeind entgegensieht, die über¬
197 1507 861 1580 hrt, wie man in einem Tone intim¬
1316 1542 2306 1605 dem jungen Leonardo verbracht. Leonardo haßt Re¬
2316 1565 3322 1617 windende Größe des Sterbenden. — das waren
202 1556 846 1629 wundervollsten Zartheit und ver¬
1314 1603 2312 1667 migio, weil er ein großer Künstler ist, weil er seine
2318 1597 3313 1668 schauspielerische Meisterstücke. Herr Suchanek
201 1601 846 1675 Stehgalerie. Der Einakter „Le¬
1313 1632 2314 1707 Geliebte, Paola, die ihn als Modell entflammt, als
2333 1652 3315 1713 war als lungenkranker Komödiant Jackwerth voller
202 1651 850 1737 ist ein Dialog, der an den Tod
1323 1683 2318 1768 Weib entadelt. Er haßt Remigio, weil Paola ihn
2327 1704 3323 1766 Humor und brachte namentlich bei der Entrüstungs¬
212 1706 843 1775 retrospektive Betrachtungen an¬
1321 1734 2314 1807 liebt — ihn liebt mit inbrünstiger Hingebung, mit
2318 1749 3316 1822 probe einige originelle Züge. Herr Tichy charakteri¬
188 1749 636 1822 klyse des Vergangenen
708 1756 856 1827 nach
1326 1802 2314 1855 anbetungsvoller Bewunderung. Remigio hat sie ge¬
2327 1801 3301 1862 sierte geschickt die elegante nichtssagende Aufge¬
188 1798 859 1869 Hausdorfer, der Geliebte und
1316 1841 2309 1900 malt — als Frau mit dem Dolche, und sie sieht, daß
2329 1839 3061 1917 blasenheit des Schriftstellers Weihgast.
186 1845 858 1918 r Verstorbenen, und Heinrich, ihr
1329 1892 2308 1954 ihres Wesens Tiefe ihr Mann erst in dem Bilde aus¬
2398 1904 3317 1962 In dem letzten Stücke „Literatur“ wird wieder
185 1896 857 1980 egenüber. Der Alte, ein praktischer
1325 1935 2313 1988 geschöpft habe. Was ihr selbst verborgen, bisher in
2331 1939 3316 2015 der Gegensatz zwischen Künstler und Alltagsmenschen,
189 1942 847 2019 lichen Berufes, ein naiver Lebens¬
1324 1985 2314 2067 ihr schlummerte, das hat ihr Mann aus ihr hervor¬
2328 1996 3313 2060 zwischen dem gestaltenden und dem bloß genießen¬
205 2006 850 2065 gemächlichem Pflichtgefühl seinen
1315 2041 2310 2116 geholt und im Bilde verewigt. Die grausame Tat¬
2315 2048 3311 2101 den und praktischen Menschen dargestellt. Aber dies¬
191 2052 856 2120 d mit naivem Wohlbehagen die
1327 2079 2306 2139 kraft einer Mörderin: Paola ist ein Weib voll tollen
2316 2088 3309 2160 mal in lustiger Weise. Margarethe, eine geschiedene
191 2100 854 2180 te pflückt und genießt.: Heinrich.
1312 2134 2315 2203 Widerspruches, der ein Widerspruch im Grunde doch
2317 2151 3323 2226 Frau, herzlich unbedeutend, ein echtes Weib, hat sich
188 2142 849 2222 das Leben nur soviel bietet, als er
1321 2189 2309 2237 nicht ist: dem Leonardo schenkt sie wahnsinnige
2320 2197 3222 2245 in der Münchener Bohème als Literatin versucht
190 2205 852 2268 d gestattet, dem hundert Stunden
1318 2220 2306 2288 Stunden tierischer Lust, aber deren Bedeutung ist mit
2322 2242 3308 2309 hat ihre erotischen Erlebnisse einfach zu P#er
183 2253 844 2327 erplätschern, bis eine sich ihm
1318 2273 2306 2354 ihrem Vorüberrauschen verschwunden. Ihre ganze
2331 2292 3306 2356 gebracht und dünkt sich so eine Dichterin. Clemens,
188 2293 852 2368 n Reichtune Tausender ihm schenkt.
1325 2334 2304 2401 Sehnsucht, ihre Seele gehört dem Gatten und Künst¬
2321 2342 3314 2410 ein Sportsmensch, blaues Blut, Rasse, ungepflegtes
201 2352 841 2416 siechte in jahrelanger Marter
1316 2384 2311 2439 ler, der ihrer Seele Rätsel in seiner Kunst löste.
2321 2389 3306 2456 Gehirn, von Bildung keine Spur, findet Margarethe,
188 2391 841 2467 inrich, der liebende Sohn, der
1320 2431 2305 2479 Diese Leidenschaften, die feurige Liebe und der wü¬
2315 2443 3300 2496 verliebt sich in sie, entführt sie nach Wien, will sie
190 2444 840 2511 sch, wurde durch den Anblick der
1322 2479 2312 2547 tende Haß Leonardos, der Konflikt zwischen tierischer
2327 2494 3310 2561 heiraten. Eine Bedingung: keine Literatur mehr.
189 2494 850 2571 in seinem Schaffen gehindert. Das¬
1319 2536 2314 2590 Liebe und seelischer Hingegebenheit bei Paola kommen
2319 2536 3314 2590 Gegrn die feelischen Entkleidungskünste dichtender
182 2543 843 2627 dauernd, sagen die Arzte. Da¬
1323 2582 2303 2649 in einem prachtvollen Dialoge voll bildkräftiger
2321 2583 3306 2654 Weiber sträubt sich sein Taktgefühl. Dazu ist ihm
176 2585 828 2667 ihrem Leben freiwillig ein Ende,
1320 2624 2302 2686 Gleichnisse und voll fiebernder Leidenschaft zum Aus¬
2315 2634 3305 2703 Margarethe zu gut. Margareihe hat aber noch ein¬
179 2634 834 2717 ffenskraft ihres geliebten Sohnes
1312 2679 2310 2756 drucke. Da kommt Remigio zurück. Paola gesteht
2314 2679 3315 2767 mal gesündigt: ihr Verhältnis mit dem Bohemien
172 2700 847 2755 r sein. Und nun hat der Freund¬
1314 2723 2305 2797 ihm sofort alles. Leonardo bietet sich selbst der
2314 2739 3310 2800 Gilbert, von dem Clemens natürlich nichts weiß,
175 2748 856 2816 ohne, der von Stimmungen sanft
1324 2778 2312 2842 Strafe dar. Aber Remigio weist ihn hinaus. Er
2302 2775 3313 2852 wurde ihr zum Roman. Sie gesteht, noch einmal
175 2792 846 2868 Erholungsreise zurückkehrt, das ihm
1305 2816 2311 2895 ist ihm gleichgiltig. Leonardo wütet gegen Remigin in
2316 2838 3308 2901 gedichtet zu haben und Clemens eilt wütend davon.
177 2839 842 2927 nis des Todes brutal in die Ohren
1307 2870 2305 2945 wahnsinnigem Hasse, er wird seine Schmach aus¬
2322 2887 3312 2959 Da kommt Gilbert, den sie seit Monaten nicht sah.
180 2899 832 2960 egen ist sie in den Tod gegangen,
1312 2920 2302 2974 schreien auf den Gassen, da erwacht in Paola die un¬
2311 2919 3310 2999 Er sucht sich ihr nähern. Aber seine affektierte Art,
183 2938 847 3011 Stimmungsmensch. Du bist ihr
1315 2971 2310 3037 heimliche Wildheit der Mörderin, die Remigio in ihr
2318 2978 3308 3060 die Art des stimmungsuchenden Literaten, ist ihr
192 2988 834 3054 e wirst du dankbar sein? Eine
1315 3005 2300 3071 erkannte, die er auf die Leinwand bannte. Sie
2316 3024 3303 3086 unsympathisch geworden. Der ganze Kerl ist ihr
211 3029 833 3107 schreiben und dich dadurch be¬
1311 3066 2312 3135 ersticht ihren Geliebten. Remigio aber greift zum
2318 3082 3298 3137 unappetitlich. Gilbert bringt ihr sein neuestes Werk,
208 3083 836 3168 sind alle deine unvergänglichen
1305 3117 2298 3170 Pinsel und malt die Mörderin in der jetzigen Situ¬
2312 3134 3297 3193 auch hier der Roman ihres Verhältnisses, und — was
185 3131 830 3210 m Tode der Teuren entsprießen,
1315 3175 2300 3245 ation, wo die bisher nur erahnte Eigenart so pracht¬
2307 3173 3287 3253 der Teufel des Zufalls und der dichterischen Unfähig¬
172 3169 841 3256 ge Stunde?“ Der Sohn, der an¬
1314 3213 1782 3279 voll sichtbar ist ....
1770 3216 2306 3284 Die Szene verwandelt sich
2318 3223 3294 3292 keit will: in beiden ist die gesamte Liebeskorrespon¬
173 3227 842 3299 ettert, hält dem wütenden Alltags¬
1312 3268 2299 3322 neuerdings. Wir sind wieder in der Bildergalerie
2318 3273 3292 3339 denz, die die Beiden in München gepflogen, aufgenom¬
186 3282 856 3357 e Wort entgegen: „Entweder muß¬
1307 3304 2305 3386 bei Pauline und Leonard. Sie erwacht aus ihren
2317 3314 3299 3389 men. Margarethe entsetzt sich: Clemens wird alles
174 3319 851 3404 n oder ihres Todes mich würdig
1303 3368 2299 3419 Träumen und Pauline verspricht dem Jüngling eine
2313 3363 3308 3450 erfahren. Alles ist zu Ende. Aber es glättet sich
177 3372 833 3452 lebst weiter.“— Des Dichters Ab¬
1320 3421 2308 3485 Stunde der Seligkeit. — Was ist der Sinn dieses
2314 3420 3305 3489 noch alles. Clemens kehrt zurück. Er hat die ganze
180 3426 834 3502 Typen einander gegenüberzustellen,
1314 3463 2293 3526 eigenartigen Stückes, das die Stimmung ungelöster
2305 3467 3308 3546 Auflage des Romanes vom Verleger einstampfen
169 3478 830 3554 en Gegensatz plastisch zu gestalten:
1312 3515 2308 3583 Rätselhaftigkeit zurückläßt? Wir sagten es oben:
2308 3528 3308 3595 lassen. Nur ein Exemplar will er mit seiner Ge¬
169 3518 833 3596 ünstler und den praktischen Durch¬
1304 3561 2297 3631 das Verhältnis zwischen dem Künstler und seinem
2302 3571 3300 3640 liebten zusammen lesen. Aber Mäsgarethe wirft
172 3581 841 3648 Anfangs scheinen die Sympathien
1306 3606 2305 3682 Nebenmenschen, hier seinem Weibe. Der künstlerische
2302 3633 3294 3689 auch dieses ins Feuer. Sie will von Literatur über¬
171 3622 837 3700 er Seite des Alltags zu sein, aber
1317 3655 2300 3728 Egoismus verklärt das Weib zum Modelle, er schöpft
2311 3668 3306 3727 haupt nichts mehr wissen, will nur ihrem Clemens
189 3673 834 3739 seine Stellungnahme kar: der
1312 3708 2306 3771 den lebensvollen Inhalt zu Bilderzwecken aus und
2313 3721 3300 3793 ge#iren. Hier also behält der gesunde Durchschnitts¬
177 3722 841 3797 denn möge er auch einen dritten
1311 3753 2309 3832 läßt die ausgehöhlte Form zurück. Dennoch aber
2317 3769 3289 3824 mensch recht gegenüber dem unbedeutenden Litera¬
166 3757 833 3850 negoistisch als Motiv seiner Kunst
1305 3800 2290 3876 bildet der Künstler das Schicksal der derart geopfer¬
2301 3815 3299 3892 ten, der seine Stimmungen an die große Glocke hängt,
162 3821 839 3898 chtolles Lebewesen lieben, ist denn
1314 3856 2307 3928 ten Frau, denn sie steht unter seinem suggestiven
2301 3868 3299 3940 und sich von dem Nichtliteraten dadurch auszeichnet,
163 3873 829 3943 ichtkünstlers mehr als egoistischer
1314 3902 2305 3969 Banne, und mehr noch; oft löst der Künstler erst ihres
2301 3898 3296 3981 daß er weniger Schamgefühl hat als jener. Wir
166 3920 838 3985 r die Hingabe, die den Schein des
1313 3947 2303 4010 Lebens Rätsel, zeigt ihr Kräfte, die in ihr schliefen,
2314 3966 3301 4035 glauben, daß in den Einaktern mit Ausnahme der
167 3981 801 4039 t, desto raffinierter der Genuß. —
1314 3997 2291 4069 und macht aus ihr das, was er in ihr mit Schöpfer¬
2313 4010 3298 4072 „Letzten Masken“, die eine Sonderstellung einnehmen,
165 4023 834 4095 Fangs sehr undramatisch und erhebr
1312 4060 2300 4126 phantasie erblickte. Paola und Pauline sehnen sich
2308 4058 3304 4127 immerhin eine künstlerische Maxime zum Ausdrucke
162 4083 836 4145 uf den Flügeln Schnitzler'scher
231 4120 335 4154 11: K
1315 4108 2308 4169 auch nach Stunden brutaler Luft, wo sie nichts sind
2305 4110 3297 4169 kommt: jeder Künstler ist für seinen Nebenmenschen
173 4120 495 4187 kamatiicher Höh#
