3436 4224
2096 109 2540 192 box 21/2
278 104 1952 220 16. 1. Lebendige Stunden—— Zuklug
678 717 1385 940 ## Goldschene,
725 848 1166 946 Bureau für +
556 873 696 964 I7
601 924 1296 1012 Zeitungsausschnitte und Verlag
590 984 1299 1070 der Wissenschaftlichen Revue.
520 1025 1427 1146 BERLIN M., Auguststr. 87 part.
675 1092 1257 1187 Telephon Amt III. No. 3051.
795 1204 1151 1285 Ausschnitt
448 1215 805 1295 Telearamm- Heirenen
920 1264 1028 1330 aus
425 1278 816 1350 G0LDSCHMDT. Auguststr.87.
729 1391 1382 1559 ssische Zeitung, Beriin
841 1558 1175 1670 -6 1. 02
436 1511 645 1696 2
2327 1902 2485 1964 Sesese
1932 1908 2139 1992 —
1619 1954 3376 2035 „der ihrem Sohne die Lust zu leben und zu schaffen nahm. Der, innert an Heinesche Motive,
1619 2008 2799 2067 Alte erzählte ihm das, um sich für die verlorenen Jahre zu rächen,
841 1999 1281 2079 Feuilleton.
2792 2016 3373 2076 staubte Bilder und vergilbte
1622 2035 2794 2107 die sie seiner Einsamkeit noch hätte schenken rönnen, und der Junge
2781 2046 3178 2116 zu beleben und
1631 2079 2789 2141 racht sich mit einer anderen Niederträchtigkeit, indem er sagt: Wir
3138 2083 3363 2145 ist uns
2784 2091 3069 2161 zu mischen,
741 2079 1380 2159 Deutsches Theater.
1625 2123 3357 2182 beide werden darüber hinwegkommen müssen, um leben zu können, vertraut und, einmal von
511 2135 1629 2217 Sonnabend, 4. Januar. Zum 1. Male: „Lebendige Stunden“.
1634 2169 2795 2214 und wie ich dichten werde, werden Sie im Frühjahr wieber Ihr
2780 2168 3357 2234 mußte es sehr zart angefaßt we
460 2198 1261 2255 Vier Einakter von Arthur Schnitzler.
1634 2194 2792 2256 Gärtchen bebauen. Rein gedanklich hat dieser Gegensatz des
2787 2209 3365 2259 der Fall war. In einer Bilder
505 2230 1644 2291 Aus einer Novelle von Schnitzler klingt mir der wehmüthige
1635 2245 2796 2299 armen geizigen Alters und der reichen egoistischen Jugend etwas
2788 2239 3372 2301 gewöhnlich schlafen, aber immer
468 2289 1626 2332 Satz nach, „Todte Dinge spielen das Leben“. Man kann die
1631 2284 2796 2341 Auregendes, aber ihre beiden Vertreter sind nur Instrumente des
2782 2294 3359 2338 gedämpft, auch wenn man Liebes
476 2316 1631 2374 Vorhänge niede#lassen, wenn der Frühling an die Feuster pocht,
2778 2322 3363 2373 man ein so unbeholfener Liebhaf
1632 2315 2780 2377 Gedankens, sie haben den Schein des Lebens nur, so lange sie
476 2350 1645 2418 man kann die #ugen vor der Sonne verschließen, und Frühling
1638 2356 2792 2414 sprechen. Das Stück ließ kühl, aber es gab zu zwei interessanten
2783 2349 3371 2422 Triesch war zwar genügend ka
463 2403 1639 2455 und Sonne sind nicht mehr da. Gegen alles Gegenwärtige,
1639 2402 2786 2453 schauspielerischen Leistungen Anlaß. Unter der ausgezeichneten
2786 2407 3363 2459 ihrem Begehren, aber um die F
464 2439 1637 2490 Lebende kann die Seele sich wehren, nur gegen die Erinnerung
1642 2431 2789 2496 Maske eines sehr korrekten sehr gepflegten alten Herrn hielt Herr
2778 2441 3373 2498 zu machen, hätte sie unbewußter
465 2468 1641 2522 nicht, die ungerufen kommt und sich nicht wegschicken läßt, das
1633 2473 2791 2535 Reinhardt die gehässige Bitterkeit zusammen, die sich schließlich
2777 2472 3369 2537 der Traumszene war sie etwab
469 2513 1635 2567 Gewesene besitzt uns, und die Todten haben stärkere Gewalt
1629 2518 2783 2567 gegen den Sohn erklärt, und die Trauer des Dichters um die
2777 2510 3365 2585 mit dem Dolche reichte ihre Er
468 2546 1641 2600 als die Lebenden. In diesen Einaktern mit dem etwas un¬
1637 2548 2788 2606 Mutter hatte in Herrn Rittners Verkörperung bereits etwas
2775 2556 3363 2612 unwillkürlich Fräulein Dumon
471 2593 1636 2647 klaren Titel zeigt der feine Kenner der modernen Seele, von der er
1638 2592 2792 2667 Vorgeschriebenes, nicht mehr ganz Ueberwältigendes, als ob die
2775 2598 3366 2658 Maler des Herrn Sommerst
463 2636 1636 2687 sich als Sentimentaler gern verführen, aber als Ironiker nicht
1627 2633 2580 2699 Jugend schon anfinge, sich ihr innerlich zu entziehen.
2790 2635 3371 2707 Eindruck mit der überlegenen H#
464 2674 1640 2728 täuschen läßt, die entgegengesetzte Ansicht des Lebens, das
1656 2663 2796 2735 Nach der gedanklichen Zugespitztheit dieses Stückes brachte
2782 2675 3046 2743 trag der Ver
469 2712 1634 2761 des Vergessens bedarf, um sich zu verjüngen, und die Spuren, die
1637 2702 2795 2772 „Die Frau mit dem Dolche“ mit ihrer freien Phantastik dem
2817 2701 3351 2779 „Die letzten Masken“ ents
473 2739 1628 2800 es selbst gegraben hat, gleichmüthig wieder auslöscht. Die Todten
1628 2748 2782 2806 Publikum einige Verwirrung, aus der es durch eine realistische
2780 2742 3379 2820 glänzend erfunden, glänzend aus
467 2773 1636 2831 haben immer unrecht, der eine erinnert sich des Dahingeschiedenen,
1627 2784 2789 2846 Pointe erlöst wurde. Leonhard und Pauline flirten in einer
2775 2785 3374 2845 Darstellung. Ein alter Journa##
465 2820 1641 2878 um der Seele, die auch ihren konveutionellen Stil hat, den Schmuck
1636 2830 2791 2888 Bildergalerie, sie weiß nicht recht, ob sie sich dem jungen Liebhaber
2787 2838 3375 2886 glücklicherweise nicht naturalistisch
464 2856 1636 2921 der Feierlichkeit zu geben, der Künstler dankt der Erregung ein
1627 2864 2782 2929 geben oder ihrem Manne, der zwar untren aber ein großer Dichter
2776 2869 3372 2925 zeugenden Pathos, das sich Stei
472 2894 1637 2948 Bild, ein Lied, eine Melodie, womit er sich zugleich von ihr be¬
1629 2907 2791 2948 ist, treu bleiben soll; denn sie ist eine kapriziöse Frau und sie
2784 2909 3354 2970 wurde, harrt im Spital auf sei
476 2942 1637 2993 freit, der Mime schaut gar dem Sterbenden die letzte Grimasse
1623 2941 2792 3005 spielt, oder vielmehr, sie läßt die gleitenden Augenblicke mit
2784 2955 3365 3002 Leben geglückt, besonders nicht
464 2980 1633 3039 ab, und auch das verweht mit der letzten Erinnerung
1637 2977 2780 3042 sich spielen, jeder Stimmung hingegeben, ist sie unfaßbar
2779 2981 3375 3050 letzten erleichternden Rache seine
465 3015 1623 3072 vor der Macht der lebendigen Stunden. Theodor Storm
1635 3019 2785 3069 wie dieselbe, darum auch träumerisch, sich aus dem Selbfl¬
2794 3028 3367 3082 Dichter, um ihm ins Gesicht zu
458 3046 1627 3105 hat dasselbe in einem kleinen Verse seiner Frauen=Ritor¬
1625 3050 2793 3123 bewußtsein lösend, und da sie in der Galerie das Bild der Frau
2781 3055 3362 3121 Schwindel, daß er ein Flachkopf ge
459 3100 1639 3151 nelle gesagt: „Die Welt ist gar zu lustig; es wird doch
1630 3099 2792 3160 mit dem Dolche anstarrt, das ihr ähnelt, verwandelt sie sich in
2777 3096 3376 3164 lich als Biensch, weil er ihn mit
464 3130 1637 3188 alles vergessen.“ Dieses Thema wirv in dem ersten Ein¬
1624 3131 2789 3191 diese Gestalt des alten Meisters und in einem Augenblick der
2786 3134 3374 3209 hat. Mit einem Komiker, der
467 3173 1629 3230 akter, von dem der Zyklus den Namen trägt, mit etwas zu
1622 3169 2788 3230 Träumerei durchlebt sie ihr gemaltes Schicksal. Sie ist Paola
2784 3173 3357 3245 vollem Humor gestaltet wurde,
475 3212 1636 3255 geflisseutlicher Deutlichkeit hingestellt, ein Resultat wird uns vor¬
1636 3204 2787 3270 und Lconhard ist Lionardo, sie tragen das Kostüm der Renaissance
2776 3212 3371 3281 rechnungsszene, und als der bene
465 3241 1638 3305 dozirt, das wir nur mit dem Verstande bejahen, weil es sich
1622 3249 2784 3311 und sprechen in Versen von einer Nacht, um die sie
2776 3256 3339 3321 schon verraucht, dagegen setzt
472 3288 1638 3353 mehr aus einer vorüberlegten Rechnung als aus der dramatisch
2138 3293 2784 3347 großen Maler, betrogen haben.
1624 3286 2162 3358 den Gatten Remigio, den
2780 3292 3364 3364 Bett und beklagt sein mühseliges
463 3320 1639 3380 gestalteten Wirkung von Gemüthszuständen ergiebt. Von dem
1977 3321 2280 3394 vergessen, sie
1622 3331 1983 3390 Sie hatte sich
2269 3321 2778 3392 kennt nun die Paola
2773 3342 3368 3396 Hampf um sein Ansehen, und
473 3360 1638 3418 alten Hausdorfer, der als pensionirter Beamter sein Gärtchen
1621 3370 2786 3431 dieser Nacht nicht mehr, gesteht alles dem heimkehrenden
2784 3374 3365 3434 meisterhaft demonstrirte Hohlheit
473 3400 1638 3473 pflegt, wissen wir, daß er die todte Hofräthin geliebt
1620 3408 2774 3472 Meister, sie kennt den jungen Lionardo nicht mahr, der sie besessen
2777 3409 3369 3472 dim Sterbenden die versöhnende
488 3448 1639 3500 hät, wie nur ein Einsamer eine Enttäuschte lieben
1637 3446 2777 3504 zu haben behauptet, und ersticht ihn, da er das Leben des
2776 3450 3372 3511 Glücklichen vor den Unglücklichen
466 3476 1635 3540 kann, besonders wenn sie zusammen alt werden, wir sehen aber,
1633 3487 2783 3541 Mannes bedroht. Remigio aber, dem der Haß mit der Liebe ge¬
2773 3484 3369 3553 ihnen höchstens noch schwerer w
451 3526 1639 3583 wie er gegen ihren Sohn, den Dichter, eine Niederträchtigkeit be¬
1634 3517 2781 3575 schwunden ist, wird entzückt von der Pose der Mörderin, und er
2771 3530 3363 3592 Lsbens ihre Rollen mit Anstand
470 3554 1636 3616 geht, und die Fähigkeit dazu, die wir im Leben recht gern auch
1634 3556 2788 3618 Lann ihr empfangenes Bild endlich als die „Frau mit dem Dolche“
2805 3570 3365 3624 Nach diesen drei nachdenklich
466 3591 1642 3658 von Unbekannten annehmen, muß uns im Drama erst bewiesen
1627 3592 2778 3657 beenden. — Pauline erwacht aus ihrer Traumverlorenheit in der
2793 3593 3374 3655 „Literatur“ unendliches Geläch
458 3632 2792 3707 werden. Da sind wir nun einmal gerechter. Die Hoftäthin hatte! Galerie, und da sie eine kaprizidse Frau ist, wird sie unn gerade
2771 3643 3366 3708 selbst gegen modernen Unfug los
454 3679 3376 3715 sich vergiftet, um dem langen Todeskampfe ein Ende zu machen, hrem Gatten untreu werden. Dieses dramatische Kunststück er¬ loßgkeit der Snobs, die sich vor
