3532 4384
391 57 2050 192 16.1. Lebendige Stunden Zyklus
2198 112 2656 215 box 21/2
3126 1084 3274 1165 #nt
2561 1100 3137 1182 2 Aihilole Pergamente.
1919 1125 2593 1213 Hid, einen einmal für unsere
603 1136 2584 1268 bordlechende stänzosische Armee inuß schließlich Unabhängigkeit zu führenden Kampf möglichst
2632 1165 3436 1251 Die Anlage würde vielleicht etwa einen
2561 1201 3398 1302 lichen Aufwand erfordern, wie er fi
590 1196 3426 1349 die deutsche Oberrheinfront irgendwo anpacken lange fortsetzen zu können. Umgekehrt werden Sperrfestung von St. Maurice gemacht i
589 1234 2580 1359 und so lange Basel von schweizerischer Seite Befestigungen bei Basel ihren nächsten Zweck
2557 1295 3435 1390 Durch die Geschütze jener Anlage würde
587 1276 2562 1419 offen gelassen wird, bietet sich kaum ein darin haben, daß sie uns einen Krieg
2563 1358 3441 1455 ganze Thalbecken Basels vom Fuße des B
1587 1419 2572 1511 „Lebendige Stunden"*) waren das einzige
899 1403 1308 1523 Feuilleton.
2566 1466 3416 1541 Mitleiden verkümmerten Fähigkeiten zurückgeben.
1584 1470 2566 1554 Theaterereignis des Monats. Wir brauchen diesen Rück¬
2562 1515 3435 1587 ahnt er nicht, daß reine Mutterliebe den Opferte
1596 1513 2568 1601 fall nicht als Beginn einer neuen Krise aufzufassen;
703 1514 1459 1617 Berliner Theater= und Kunstbriefe.
2568 1546 3423 1625 ihn gestorben, indem sie freiwillig die Qual des
1585 1556 2575 1639 doch ist es lehrreich, das Drama einen Augenblick mit
782 1587 1389 1668 Von Dr. Max Meyerfeld.
2567 1583 3427 1682 verkürzte. Um ihn zu demütigen, macht ihm der
1580 1594 2563 1688 dem Roman zu vergleichen. Auf der Bühne herrscht
2557 1635 3434 1719 seiner Mutter, ein pensionierter Beamter, diese
1569 1656 2568 1739 noch immer die tolle Jagd nach dem Erfolg; alle mög¬
2563 1684 3430 1756 hüllung. Ihm scheinen die Künstler insgesamt ein
850 1671 1290 1771 Diminutipkünst.
1579 1687 2567 1777 lichen Richtungen laufen kreuz und quer durcheinander;
2551 1722 3427 1810 mütig Volk: während die andern Menschen
1575 1731 2553 1813 die Hast des Schaffens führt zur Unrast; eine Samm¬
1223 1734 1537 1822 Mitte Januar.
2556 1766 3410 1846 Tod nur Thränen haben, wird er für sie zum
1573 1773 2562 1855 lung der Kräfte scheint vorderhand ausgeschlossen. Da¬
627 1765 1567 1868 Da wären wir alfö glücklich wieder bei den Ein¬
2547 1815 3428 1897 baren Moment. Man denke: ein Musiker kom
1564 1819 2550 1911 gegen leuchtet dem Roman zur Zeit eine freundlich
570 1825 1567 1917 aktern angelangt, den mit Recht so beliebten. Suder¬
2554 1853 3432 1942 am Sarge seines einzigen Kindes; die Philister
1571 1864 2548 1950 gleichmäßige Sonne; er hat die Ruhe wiedergewonnen
567 1873 1568 1961 mann eröffpete mit den „Morituri“ vor fünf Jah¬
2549 1894 3423 1988 erblickt darin den Gipfel der Frivolität. Und so
1569 1910 2554 1997 und Werke hervorgebracht, denen dies schon äußerlich
578 1910 1564 2008 ren den Reigen. Alsbald folgte Hartleben mit den „Be¬
2554 1944 3421 2022 hier im ersten Stück, das für Die drei folgende
1563 1953 2555 2040 anzumerken ist an der Zahl der Bände; die Skizze ist
574 1951 1564 2052 freiten“. Fulda und Dreyer ließen nicht lange auf sich
2541 1980 3422 2068 Taufpate war, das Thema angeschlagen: die Ki
1559 2005 2547 2076 überwunden; der Umfang nötigt zur Vertiefung, wie wir
574 2009 1556 2090 warten. Auch Arthur Schnitzler machte die Mode mit.
2537 2029 3425 2120 und der Tod. War es hier noch etwas von de
1560 2043 2549 2116 dies letzthin an Georg v. Omptedas „Cäcilie von Sarryn“
565 2038 1561 2137 Danach hörte die Einakteritis auf. Wir haben nicht
2538 2068 3408 2159 dankens Blässe angekränkelt, so gewinnt es in
1551 2088 2539 2169 und Thomas Manns „Buddenbrooks“ sahen. Wer
568 2090 1554 2182 einmal Ursache, mit ihrem Ergebnis unzufrieden zu sein:
2546 2122 3413 2207 Frau mit dem Dolche“ schon blühendere G
1551 2130 2551 2219 häue sich vor fünf Jahren getraut, einen Noman von
573 2135 1557 2216 „Fritzchen“ von Sudermann ist ein technisches Parade¬
2538 2159 3415 2251 Der Renaissancemaler Remigio greift in dem ###
1547 2174 2547 2259 mehr als tausend Seiten zu schreiben? Man ist in¬
557 2174 1559 2254 stück, ist es bis auf den heutigen Tag geblieben; und
2542 2216 3405 2297 blick zum Pinsel, da seine ungetreue Frau ihren
1546 2218 2539 2308 zwischen auf epischem Gebiet zuversichtlicher geworden,
565 2236 1558 2316 „der grüne Kakadu“ von Schnitzler ist sogar mehr:
2537 2250 3421 2341 quemen Liebhaber erdolcht. Angesichts des M
1554 2268 2533 2349 hat Vertrauen zu sich selbst und dem Publikum gefun¬
553 2259 1551 2346 eine Dichtung. Fast noch mehr denn durch ihren Er¬
2535 2304 3402 2367 denkt er an ein unvollendetes Porträt und malt.
1553 2312 2539 2392 den. Das großzügige Drama will jedoch noch immer
560 2301 1549 2400 trag interessierten diese Einaktercyklen als Symptom der
2531 2342 3408 2431 ist in einen sehr aparten, lyrischen Nahmen h
1546 2347 2528 2435 kein Lebenszeichen von sich geben. Einstweilen müssen
547 2347 1553 2446 Zeit. Es schien, als ob das Publikum seine Dichter,
2536 2378 3409 2463 komponiert und führt auf der Brücke der Trau
1551 2397 2343 2475 wir uns bei der Diminutiokunst bescheiden.
553 2396 1552 2491 als ob die Dichter ihr Publikum gesunden hätten. Die
2530 2430 3414 2515 aus der Gegenwart in das Venedig des 16. Jah
1613 2445 2543 2523 „Lebendige Stunden? Sie leben doch nicht länger
551 2440 1541 2530 Engbrüstigkeit des einen hatte an der Kurzatmigkeit der
2520 2469 3412 2561 derts, aus einer modernen Bildergalerie in Meiste
1542 2468 2531 2577 als der letzte, der sich ihrer erinnert. Es ist nicht der
544 2480 1543 2576 anderen Gefallen. Dem Publikum wurde die Anstren¬
2528 2531 3426 2599 migios Atelier. Fesselte „die Frau mit dem D#
1553 2530 2524 2617 schlechteste Beruf, solchen Stunden Dauer zu verleihen,
546 2530 1539 2623 gung eines langen Theaterabends in mehrere Abschnitte
2521 2556 3412 2651 durch den Reiz der Einkleidung, ohne psycholo
1537 2564 2537 2663 über ihre Zeit hinaus“, so spricht ein junger Dichter,
548 2581 1516 2668 zerteilt, und es freute sich der „disjecti membra poctac“;
2520 2602 3414 2686 Tiefen zu erschließen, so vereinigt der dritte Ein
1531 2617 2527 2703 der eben seine geliebte Mutter verloren. Die Leidende
545 2619 1541 2711 die Dramatiker konnten im engeren Kreis ihre Vorzüge
2519 2643 3414 2748 „Die letzten Masken“ stoffliche und inhal
1534 2660 2526 2751 hat ihn in seiner Schaffenskraft gehemmt; ihr Tod
535 2658 1545 2768 #entfalten und ihre Schwächen verbergen. Schließlich galt
2523 2697 3400 2777 Vorzüge. Das Thema selbst ist diesmal in eine
533 2704 1063 2780 die Epidemie als erloschen.
1535 2715 2532 2812 kommt ihm als Erlösung, wird ihm seine durch das
2517 2736 3415 2824 sode verlegt. Im allgemeinen Krankenhaus lausch
604 2745 1545 2843 Arthur Schnißler, der sympathische Jung=Wiener,
2525 2775 3409 2861 schwindsüchtiger Schauspieler, dem der Tod nur
1638 2773 2516 2904 Erschienen im Verlag von S. Fischer in Berlin.
527 2799 1831 2897 ist jetzt wieder zum Einaktercyklus zurückgekehrt. Seine] Preis 2 Mark.
2510 2824 3396 2910 eine kurze Frist gönnt, einem armen Teufel von I
2508 2872 3396 2978 nalisten, der in seiner Sterbestunde sein Herz durch
