3436 4384
1210 184 1289 249 S 1
374 181 2051 288 16.1. Lebendige unden zvkIus
2179 212 2671 309 box 21/2
574 717 1853 796 arbeitet. Das letzte Stück „Literatur“ steht rein künstlerisch am
1871 752 3143 831 um ihm seine Verachtung und seinen Haß ins Antlitz zu schleudern.
574 768 1843 846 höchsten. Es ist eine feine, in sich abgeschlossene kleine Satire, die nicht
1882 796 3143 876 Folgt Inhalt). Das Leben im Krankenhaus mit der geschäftigen Gleich¬
580 816 1832 875 an den psychologischen Lücken, an der Stoffvergendung oder der Stoff¬
1872 842 3139 903 giltigkeit der Aerzte und der Fürsorge der Wärterin ist mit wenigen
571 867 1847 922 protzerei der Einakter im Allgemeinen leidet. (Folgt Inhalt.) Es liegt
1874 877 3144 944 Strichen vorzüglich charakterisirt. Die beiden Todeskandidaten, von
566 887 1853 950 eine freie, prächtige Ironie in dem Ganzen, die, ohne den gebührlich ge¬
1859 916 3147 992 denen der Eine noch immer die viel zu hohe Rechnung seines Lebens
576 947 1853 1001 zeichneten dekadenten Bohemezuständen das Wort zu reden, dennoch dem
1864 942 3136 1023 aufstellt und der Andere in lustigen Grimassen seine Umgebung verspottet,
579 971 1847 1058 Pharisäerthum scharf zu Leibe geht, es kostbar an der Nase herumführt.
1870 1003 3137 1064 rufen zugleich tragische und komische Empfindungen hervor. Eine Meister¬
1864 1041 3141 1105 leistung Schnitzlers ist aber der berühmte Dichter, der mit seiner
988 1029 1436 1113 „National-Zeitung.“
1868 1075 3143 1146 Unsterblichkeit posirt und daneben über die Ungerechtigkeit der Welt klagt.
1871 1112 3138 1182 Denn während er vor zehn Jahren ein Führer der Modernen war, wird
646 1123 1842 1199 Die vier einaktigen Stücke, die Arthur Schnitzler gestern im
1858 1149 3156 1210 er jetzt von dem Jüngsten bereits zum alten Eisen geworfen. In dieser
574 1175 1843 1239 Deutschen Theater aufführen ließ, sind mit steigender Wirkung
1858 1194 3142 1260 humoristischen Auffassung der Erfolge und Kämpfe eines Schriftstellers,
565 1212 1844 1284 vom Puhlikum sehr freundlich aufgenommen worden. Auf ein innerlich
1854 1230 3148 1307 der am Cäsarenwahn leidet und sich im Mittelpunkt der Welt sieht, liegt
559 1254 1838 1307 zu knapp und anspruchsvoll gerathenes Schauspiel Lebendige Stunden“
1862 1273 3127 1347 eine sonnige Kraft und Selbstbefreiung, für die wir Schnitzler auf¬
563 1295 1837 1364 folgt eine psychologische Studie „Die Lrau mit dem Dolche“ in der
1863 1314 3137 1366 richtigen Dank wissen. Einen köstlichen Griff in die Satire ohne alle
553 1333 1845 1410 die Bedenklichkeiten des modernen Lebens den großen Leidenschaften der
1860 1344 3143 1427 ernste Beimischung hat er zum Schluß mit dem einaktigen Stück
553 1368 1845 1443 Renaissance geistvoll gegenübergestellt werden. Hierau schloß sich eine
1866 1385 3140 1457 „Literatur“ gethan. (Folgt Inhaltsangabe). Mit allerlei geistvollen
556 1413 1842 1486 Seene aus einem Wiener Krankenhause „Die letzten Masken“ worin
1861 1431 3134 1499 und lustigen Einfällen schnurrt dieser satirische Einakter in reizender
561 1453 1845 1521 tragischer Ernst und komödiantenhafter Spaß keck und originell ineinander
1862 1466 3127 1535 Weise an den Zuschauern vorbei, denen literarische Auswüchse als mensch¬
556 1495 1837 1553 greifen und der Dichter seine gestaltende Kraft in unmittelbarer Weise
1850 1503 3144 1590 liche Verschrobenheiten vorgeführt und von Grund aus lächerlich gemacht
552 1548 1842 1600 zeigte. In dem Lustspiel „Literatur“ hat er als Beschluß des Abends
1854 1544 2015 1603 werden
545 1582 1836 1621 eine drollige Satire auf unverstandene Frauen und literarisches Bohôme
551 1613 1843 1667 geschaffen, die köstlich erheiternd wirkte. Der Eindruck dieser vier Dramen,
2264 1608 2700 1683 „Deutsche Zeitung.“
551 1649 1837 1717 denen Schnitzler den Gesammtitel „Lebendige Stunden“ gegeben
1932 1671 3143 1740 Die dramatischen Zunftgenossen haben es dem Wiener Kollegen
559 1690 1838 1756 hat, war ein so eigenartig anregender, daß wir darauf noch zurückkommen
1854 1692 3142 1781 Arthur Schnitzler über die Maßen leicht gemacht, im Deutschen
1855 1765 3130 1818 Theater mit seinem Einaktercyklus „Lebendige Stunden“ den
938 1763 1383 1854 „National-Zeitung“.
1851 1797 3135 1850 ersten Bühnenerfolg in dieser Spielzeit zu erringen, dem die Kritik ihr
1852 1832 3138 1880 literarisches Visum ertheilen muß. Mit einer Plauderei setzte der Abend
1854 1867 3123 1942 ein. Das Thema des ersten Stückes, das dem Quartett den Titel ge¬
625 1862 1831 1934 In den vier einaktigen Stücken, denen Arthur Schnitzler den
1844 1911 3126 1984 geben hat, klingt auch in den übrigen an. Manchmal deutlich, manch¬
552 1910 1827 1973 Gesammttitel „Lebendige Stunden“ gegegen hat, umspannt er mit
1853 1953 3136 2009 mal nur ganz verloren. Am eindringlichsten in dem zweiten. „Die
551 1952 1835 2022 sicherer Hand ein weites Gebiet von Stoffen und Ausdrucksmitteln. Der
1847 1990 3126 2039 Frau mit dem Dolche“ bietet auch der Schauspielerkunst nur Virtuosen¬
559 1992 1832 2059 Dichter der „Liebelei“ fühlt sich dabei als Virtnose, der uns schnell und
1845 2034 3128 2087 aufgaben. Die tiefste Gabe des Abends waren „Die letzten Masken“
546 2036 1821 2109 geschickt aus einer Stimmung in die andere versetzt und doch seine Per¬
1848 2062 3133 2121 eine Tragikomödie des menschlichen Sterbens, voller Humor und nach¬
547 2073 1834 2141 sönlichkeit nicht verliert. Mit leichtem Anschlag berührt er ein Problem
1848 2113 3129 2177 denklicher Lebensphilosophie. Die Darsteller führten das Stück, das
537 2120 1831 2180 des modernen Seelenlebens und zeigt, wie zwei Menschen, die durch ein
1844 2144 3126 2215 beste, das Schnitzler je gelungen, zu einem starken, mehr als theatra¬
544 2145 1815 2221 gemeinsames Lebensschicksal mit einander verbunden sind, den Unterschied
1843 2192 3126 2247 lischem Erfolge. Ein Satirdrama „Literatur“ ein Schwankbild aus
543 2190 1822 2261 ihres Temperaments und Fühlens erkennen, um wehmuthsvoll getrennte
1833 2224 3131 2278 der Münchener Vohéme voll entzückender Selbstironisirung und einem
534 2228 1826 2308 Wege zu gehen. Dann giebt er eine interesiant durchgeführte Parallele
1842 2268 3118 2323 aus der Natue der Dinge natürlich geborenen Witz, machte den Kehraus.
537 2270 1822 2330 zwischen moderner Empfindungsweise, die durch allerlei Bedenklichkeiten
1841 2301 3128 2363 Ein Zeitlustspiel aus der Décadenee. Es hat nicht die Fülle des Lebens
549 2308 1818 2376 eingeschnürt wird, und den großen Leidenschaften der italienischen Re¬
1834 2335 3130 2416 und den positiven Gemüthsinhalt der Freytagschen „Journalisten“, aber
545 2347 1820 2418 naissance, wobei ein Traumbild die Entscheidung herbeiführt. Hierauf
1822 2385 3130 2444 1 es ist als Zeitdokument nicht weniger charakteristisch und weit eleganter
537 2371 1819 2457 giebt er sich ganz in sein Heimathgebiet zuruck und umsächen uns Mit
1837 2415 3126 2488 in der Technik, behendel im Wit, freier im Humor. Schnitzler hat
537 2429 1819 2496 Wiener Luft, in der ihm sein erster Erfolg auf der Bühne erblüht war.
1829 2460 3127 2541 an diesem Abend doch bewiesen, daß er mehr kann als „der Menschheit.
531 2470 1823 2536 Als Doktor der Heilkunde und Sohn eines namhaften Klinikers in der
1836 2493 2181 2562 Schnitzel kräuseln“.
545 2501 1808 2576 Donaustadt erinnert er sich seiner Beobachtungen in den Krankenhäusern
540 2541 1815 2618 und verwerthet sie zu einer originellen Gegenüberstellung von tragischem
2198 2563 2722 2651 „Berliner Morgenpost.“
539 2586 1808 2640 Ernst und komödiantenhaftem Spaß. Endlich läßt er eine köstliche Sa¬
527 2611 1809 2692 tire auf unverstandene Frauen und literarisches Zigennerthum an uns
1907 2629 3118 2700 Gleich der zweite Einakter: „Die Frau mit dem Dolche“ ist
527 2661 1809 2730 vorüberziehen. In allen vier Stücken finden sich Berührungen mit Kunst
1834 2692 3121 2757 eine sehr interessante Arbeit. Die Scene ist sehr geschickt behandelt.
530 2703 1818 2772 und Poesie vor, aber Schnitzler verfällt dabei nicht in die Eitelkeit
1832 2709 3124 2788 Schnitzler rührt daran an eines der größten Probleme der Natur,
529 2744 1820 2798 des berühmten Mannes, der sich unter der Maske der Ironie selbst ver¬
1824 2749 3116 2807 an das Leben, das wir vor dem gegenwärtigen Dasein geführt, und das
538 2785 1815 2851 herrlicht, sondern verfährt entweder bitter ernst oder greift zu vernichten¬
1831 2794 3111 2851 uns in manchen Momenten in plötzlicher Helligkeit auftaucht wie ein
529 2831 1804 2889 dem Spott. So klingt in der Seele der Zuschauer ein vielfaches Ge¬
1832 2826 3109 2904 fernes und doch so gegenwärtiges Bild. Sehr fein ist hier ein Leben
528 2864 1816 2931 misch von Tönen wieder, wie es nur ein wirklicher Dichter und Künstler
1835 2885 3110 2941 gegeben, geführt von einem wundersam aus der Vergangenheit in die
526 2895 1815 2958 beherrscht, der über Farbenreichthum und Gestaltungskraft, über Leiden¬
1831 2912 2367 2978 Zukunft wirkendes Geschick.
2359 2929 3120 2981 Seenisch gelang die Phantasmagorie
532 2938 1809 3011 schaft und Humor verfügt. Der gemeinsame Titel, den Schnitzler für
1826 2959 3109 3014 ausgezeichnet. Das Dritte: „Die letzten Masken“ ist eine bittere
526 2975 1802 3049 diese Stücke gewählt hat und der auf das erste von ihnen noch besonders
1827 3001 3122 3054 Satire auf das halbe, schöngeistreichelnde, vom Glück in die Höhe
532 3024 1814 3088 angewendet wird, verlangt keine tiefere Auslegung, sondern bildet mehr
1829 3028 3113 3100 gebrachte Talent. In der Figur eines kranken Komikers ist Schnitzler
521 3058 1803 3128 ein äußeres Band, das um diese Gruppe von Dramen geschlungen ist.
1829 3078 3117 3139 eine famose Gestalt gelungen. Hans Fischer Max Reinhardt
533 3095 1805 3167 Sie steigern sich in der Wirkung vortreßlich und enthalten dankbare Auf¬
1827 3109 3094 3179 und Albert Bassermann arbeiteten die Charaktere ungemein scharf
533 3140 1806 3212 gaben für die Schauspieler. Offenbar hat der Dichter das Wienerthum
1827 3150 3096 3212 und plastisch heraus. Der Schlager war der Einakter „Literatur“.
532 3175 1799 3240 in diesen kleinen Dichtungen stärkrx betont, als es bei der Darstellung
1833 3192 3102 3244 Mit einem, bei Schnitzler, der doch mehr zum Gemüthvollen und
528 3211 1789 3286 im Deutschen Theater und vor einem norddeutschen Publikum zum Aus¬
1829 3230 3111 3297 höchstens zu einer losen Heiterkeit neigt, ganz besonders überraschenden
529 3259 1797 3329 druck kommen konnte. Der Drang zum Leben, der Wunsch, sich selbst
1832 3269 3108 3337 Humor, mit prächtiger Elastizität und Gewandtheit in der Führung der
529 3304 1809 3369 anzugehören, und ein fröhliches Vertrauen in die eigene Kraft treten in
1827 3306 3104 3376 Handlung, in den Wendungen und Pointen ist das ungemein amüsante
521 3336 1784 3403 den Hauptpersonen überall hervor, in so verschiedenen Situationen sie
1827 3344 3110 3391 Lustspiel geführt. Es ist der beste Einakter unser modernen
528 3377 1808 3445 sich auch entwickeln. In dem ersten Schauspiel, das den Sondertitel
1827 3384 3110 3472 Literatur, ein Schmuck= und Paradestückchen ersten
535 3419 1804 3482 „Lebendige Stunden“ führt, befinden wir uns in einem Wiener Vor¬
1822 3425 2043 3489 Ranges.
522 3443 1799 3513 ort, wo ein pensionirter Beamter in seinem Gärtchen sich in melancholi¬
520 3495 1806 3559 schen Betrachtungen über den Tod einer Frau ergeht, die für ihn ein
2263 3484 2638 3566 „Volks-Zeitung.“
520 3533 1808 3598 Gegenstand der Verehrung war. (Folgt Inhaltsangabe). Dies Problem
1906 3548 3113 3624 Der Wiener Bühnendichter Arthur Schnitzler dessen Dramen
526 3574 1797 3635 wird in der Art eines Präludiums behandelt, das interessirt und den
1823 3591 3111 3672 „Liebelei" und „Freiwild“ in Berlin starke, nachhaltige Eindrücke
524 3613 1794 3677 Zweck verfolgt, auf Späteres vorzubereiten. Kräftiger ist das zweite
1820 3629 3101 3700 hervorriefen, bot uns gestern einen Einakter=Cyklus dar. Den Abend
526 3664 1803 3715 Schauspiel „Die Frau mit dem Dolche“ angelegt, das Wirklichkeit
1817 3673 3097 3738 eröffnete „Lebendige Stunden.“ Es folgte „Die Frau mit dem
514 3684 1804 3734 und Traum in eigenartiger Weise zusammenbringt und sich auf einem
1824 3703 3097 3793 Dolche.“ Das kleine Drama gab Frl. Irene Triesch Gelegenheit,
515 3731 1807 3789 fesselnden phantastischen Hintergrunde abspielt. (Folgt Inhalt). Die
1824 3753 3093 3807 zu zeigen, wie sicher sie in der Doppelrolle zwei Stilarten beherrscht.
516 3769 1798 3838 Sinnenwirkung des Stückes mit dem Sprung über Jahrhunderte und in
1823 3803 3108 3858 „Die letzten Masken.“ Der tragische Vorgang wirkte mächtig, dank
513 3814 1790 3876 eine ganz andere Anschauung und Gefühlswelt in ähnlicher Situation ist
1820 3834 3105 3895 der ausgezeichneten Darstellung des verbitternden Sterbenden durch Herrn
524 3843 1791 3911 von einem Reiz. dem sich feiner gestimmte Zuschauer nicht entziehen
1818 3866 3098 3930 Reinhardt. Der letzte Einakter erschien dem Publikum als die
524 3895 1793 3955 können. Die Empfindungen, die in den beiden folgenden Stücken aus¬
1821 3905 3102 3970 dankenswertheste Gabe des Abends. Er heißt „Literatur“ und is ein
512 3919 1801 3996 gelöst werden, sind von allen mystischen und schwer zu deutenden Be¬
1814 3949 3099 4019 übermüthiger Schwank. „Literatur“ ist auf den gleichen Ton gestimmt,
519 3973 1800 4017 standtheilen frei. In den „letzten Masken“ erleben wir in einem
1811 3989 3101 4054 wie Schnitzlers „Abschiedssouper,“ allein die kleine Handlung
514 3998 1791 4060 Wiener Krankenhaus das Ende eines alten Journalisten, der an die Ber¬
1809 4026 3095 4091 wurde sehr gut erfunden und der Dialog brachte viele witzige Einfälle.
512 4038 1801 4094 wirklichung seiner hoffnungslosen dichterischen Pläne noch jetzt glaubt und
1816 4065 3093 4133 Nach den ersten drei Einaktern applaudirte und jubelte ein Theil des
523 4081 1796 4148 von dem brennenden Wunsch erfüllt ist, vor seinem Tode einen zu Ruhm
1812 4116 3094 4170 Publikums, zum Schluß aber wurde der Dichter einmüthig hervor¬
514 4124 1994 4198 und Geld gekommenen Dichter, den er für seinen Gegner hält, zu sehen, i gerufen.
