3484 4384
615 76 1764 164 (Gastspiel des Deutschen Theaters.) Im Carl¬
504 151 1770 209 1Theater hat gestern das Gesammtgastspiel des Berliner Deutschen
514 187 1773 266 Theaters, dem wir mit herzlicher Freude entgegengesehen, seinen
508 242 1771 306 günstigen Anfang genommen. Der Anschluß von Berlin an Wien
508 290 1769 350 war klug hergestellt worden; die Gäste brachten uns als Neuheiten
509 337 1757 406 die Arbeiten eines der beliebtesten Wiener Autoren, vier Ein¬
505 383 1764 434 acter Dr. Arthur Schnitzler's. Der Erfolg war ein an¬
503 421 1132 492 sehnlicher. Die Darsteller
1127 435 1621 505 wurben ausgezeichnet,
1655 442 1769 503 der
512 476 1910 575 Dichter, der augenscheinlich von vorneherein der herzlichsten, ieter
498 521 1877 602 persönlichen Sympathien des ausverkauften Hauses gewiß #rio.
501 567 1150 636 sein durfte, wiederholt mit
1184 578 1890 651 ihnen. Die Temperatur sulbar
499 631 1912 691 war also über dem Normale. Diejenigen, die nicht unter Voraus.
489 666 1942 743 dem Banne dieser gesellschaftlichen Massensuggestion gestanden je das
491 698 1940 794 sind, werden wohl constatiren, daß diekersten drei Stücke blos inter¬ #i es den
481 758 1809 823 essirten, daß aber das letzte bombenhaft durchschlug. Es hat sich en.
494 828 1751 894 eben wieder einmal gezeigt, daß Arthur Schnitzler kein Psycholog
491 858 1931 938 ist, dessen Blicke über den Salonhorizont hinausreichen, wohl liend die
1752 908 1934 964 orgen¬
490 887 1926 1002 aber ein gar feiner, feuilletonistischer Spötter innerhalb der Ngnung“
495 944 856 1013 Atmosphäre, die,
891 961 1926 1038 wenn schon nicht mit unverfälschter ehaftliche
488 999 1939 1065 wienerischer Schalkhaftigkeit erfüllt, so doch mit wienerisch= diese Mit¬
491 1051 1746 1116 pariserischer Eleganz parfümirt ist. In diesem Sinne
487 1098 1742 1176 ist ja Schnitzler ein Zweisprachiger, also ein Compromiß¬
475 1136 1745 1217 literat. Die drei Schauspiele unter den vier Komödien,
482 1195 1742 1250 deren ganze Gemeinsamkeit in dem aufgeklebten Gesammttitel
493 1256 1769 1328 „Lebendige Stunden“ besteht, und ertüftelt und erkünstelt,
1922 1259 1992 1334 —
486 1298 1741 1350 richtige Schreibtischdramatik, der Schwank aber, der den Abend
481 1347 1737 1409 beschloß und den Sieg brachte, ist wie ein Naturselbstabdruck der
2277 1359 2740 1469 Telephon 12801.
487 1388 1738 1456 Welt, in der man sich geistreich und natürlich auch geistreichelnd
483 1451 1742 1523 amüsirt. — „Lebendige Stunden.“ Ein Dichter,
1900 1469 3124 1547 Alex. Weigl’s Unternehmen für Zeitungs-Ausschnitte
456 1467 1741 1546 dessen Genie den Leuten, je näher sie ihm stehen, desto un¬
2844 1532 3125 1614 Ausschnitt
469 1536 1735 1612 deutlicher sichtbar ist, erfährt, daß sich seine todkranke Mutter
465 1564 1731 1661 vergiftete, damit der Schmerz abgekürzt werde, der sein Schaffen
2111 1555 2853 1684 „OBSERYER“
2933 1584 3205 1682 Nr. 96
472 1634 1735 1702 steril gemacht hat. „Die Frau mit dem Dolche.“ Die
1778 1664 3235 1760 I. österr. oehördl. conc. Bureau für Zeitungsberichte u. Personalnachrichten
471 1682 1738 1758 mondaine Frau eines dramatischen Schriftstellers gewährt ihrem Aubeter
461 1713 1729 1816 mit dem sie in einer (gestern mit hervorragend komischen Kunstwerken
2008 1729 3027 1819 Wien, IX/1, Türkenstrasse 17.
450 1775 1728 1858 ausgestatteten) Bildergalerie regelmäßig zusammentrifft, ein ehe¬
2205 1798 2826 1881 Filiale in Budapest: „Figyelö“-
480 1818 1729 1882 brecherisches Stelldichein, nachdem sie die einem ebensolchen Vor¬
1789 1843 3226 1943 Vertretungen in Berlin, Chicago, Genf, London, Newyork, Paris, Rom, Stockholpz.
449 1849 1729 1950 fall entsprungene, überromantische Enistehungsgeschichte eines alt¬
472 1917 1719 1999 italienischen Gemäldes, eine „Frau mit dem Dolche“ darstellend,
475 1961 1262 2033 in hysterischer Ueberreizung geträumt.
1329 1976 1739 2045 „Die letzten
468 2015 1731 2091 [Masken.“ Im Allgemeinen Krankenhause liegt der herab¬
1789 1996 2308 2090 Ausschnitt aus:
475 2066 1723 2139 gekommene Journalist Rademacher im Sterben, der nur einen
2399 2000 3071 2178 Wallt Freis Prassg.
461 2102 1722 2191 letzten Wunsch hegt: einem glücklicheren Jugendfreunde ins
465 2156 1725 2251 Gesicht zu sagen, daß er, der zeitlebens Unterdrückte, der Ueber¬
1794 2136 2315 2263 vom: 1/,77/ U
465 2193 1713 2282 zählige und Verachtete, doch reicher gewesen sei, wie der gefeierte
2590 2190 3115 2311 n
459 2263 1725 2338 Autor, denn er habe dessen Weib mit Leib und Seele besessen. Er
464 2308 1724 2355 veranstaltet mit einem gleichfalls schwindsüchtigen Schmieren¬
2731 2181 2853 2371 44
467 2353 1637 2421 komödianten eine Generalprobe der Unterredung, unterläßtg
470 2397 1710 2473 das Geständniß, als der Mann, den er demüthigen will, erscheint
2035 2406 3076 2512 [Carl=Theater.] Zum erstenmale ist heute
460 2454 1711 2523 und ihm zeigt, mit welchen kleinen und erbärmlichen, bemitleidens¬
2015 2467 2966 2544 SLutsche Theater in Wien als Gast erschienen, und
462 2502 1717 2563 werthen Mitteln der „Nachruhm“ schon bei Lebzeiten aufrecht
2007 2510 2880 2592 Haus begrüßte es in animirtester Stimmung
459 2551 1720 2621 erhalten werden muß. — „Literatur.“ Eine unverstandene
2008 2557 2907 2623 Kunst kann nicht sympathischer aufgenommen, ihr
465 2586 1704 2673 Frau, die sich von einem Wollhändler scheiden ließ, für einige
1999 2615 2923 2676 nicht dankbarer anerkannt werden. Das Deu
455 2632 1701 2725 Zeit in der Bohème untertauchte und nun eine Turfbaron zum
1988 2638 2978 2714 begann mit einer Novität: Vier Einactern von
3077 2667 3156 2722 thur
2003 2694 2955 2750 Schnitzler, der bei den Berliner Directoren v
450 2687 1697 2757 legitimen Lebensgefährten ergattern will, hat — man sieht,
3070 2710 3168 2763 und¬
2009 2729 3035 2796 lichere und gerechtere Würdigung findet als bei den B
421 2736 1702 2831 die vier Eingeter würden am zutreffendsten „Literatur“
3064 2753 3163 2813 hnen¬
2005 2779 3139 2842 leitern Wiens. „Lebendige Stunden“, das erste Stück, ist ein
422 2796 1687 2875 genannt — einen Roman geschrieben, der die Summe ihrer
1998 2828 3163 2885 flüchtige Skizze, die den Abschluß eines trüben Liebeslebens
430 2848 1693 2919 bisherigen, erotischen Erfahrungen und unter Anderem auch den
1997 2876 3167 2947 erzählt: „Die Frau mit dem Dolche“, ein nicht sehr krästiges
430 2894 1687 2984 vollständigen Briefwechsel enthält, den sie mit einem verbummelten
1990 2916 3000 2968 romantisches Schauspiel, läßt ein Gemälde lebendig
3023 2922 3157 2975 werden,
1784 2925 1895 2992 Für
1990 2939 3012 3012 um einen Roman fortzuspinnen; „Die letzten Masken“
418 2930 1674 3037 Literaten unterhalten. Dieser hat ebenfalls diese menschlichen,
3052 2964 3172 3024 ühren
1906 2967 3175 3044 100 ins Krankenhaus, an das Sterbebett eines Journalisten, der
422 2990 1685 3070 allzu menschlichen Documente in Romanform drucken lassen. Der
1901 3004 3203 3117 200 nach einem verpfuschten Leben seinen Jugendgenossen, einen s.
1888 3050 1990 3100 500
415 3033 1615 3119 Herr Baron sorgt für die Lösung des Conflictes.
1996 3071 3176 3146 berühmt gewordenen Schriftsteller wiedersehen will. Unter der
1881 3093 1997 3147 1000
417 3082 1680 3172 er dem Verleger seiner Geliebten die ganze Auflage
2001 3118 3242 3166 „letzten Maske“ erkennt er die Nichtigkeit des für bedeutender las
419 3138 1672 3204 abkauft, um sie einstampfen zu lassen, weil er es für
1999 3164 3249 3227 Geltenden — und stirbt., Die hübscheste Gabe des Abends ist ien
1804 3156 1975 3229 Abonnen
422 3184 1675 3266 unanständig hält, daß seine zukünftige Frau überhaupt ins
1993 3197 3189 3285 das Lustspiel „Literatur“, das die moderne Poctin mit ihrer
1804 3221 1975 3279 Abonnen
409 3235 1667 3304 Dichten geht. Die prasselnden Witze dieses lustigen Vorganges
1993 3253 3160 3316 schlüpfrigen Phantasie und gewollten Frivolität in der an¬
410 3277 1680 3355 wurben mit hellem Jubel aufgenommen. — Die Darstellung
1996 3297 3241 3362 muthigsten Weise verspottet. Ein Zug des heiteren Geistes der dle
3158 3338 3238 3383 n.
406 3331 1673 3411 war eine Freude und in ihrer Vorzüglichkeit wahrlich auch eine
1995 3339 3237 3418 „Kameraden“ geht durch das Stück, welcher eigentlich von #)
1798 3345 1980 3434 Hihaltre
1993 3377 3244 3462 Molière abstammt. Die deutsche Bühne, für die so viel Stück= one
406 3370 1665 3463 Nothwendigkeit; denn mit zweitelassigen oder unzulänglichen
1814 3422 1971 3472 wodurch
1985 3414 3245 3485 fabrikanten schreiben, hat lange kein ähnlich geistvolles Lust= Lit¬
419 3425 1665 3504 Schausvielern wären die complieirten Sächelchen einfach
1807 3460 1978 3509 Leben d
1991 3473 3164 3535 spiel gesehen. Es ist recht bezeichnend für unsere Theaterverhält¬
412 3471 1669 3540 unmöglich. Unter den neuen Erscheinungen interessirte die
1811 3501 1970 3567 theilung
1987 3513 3157 3559 nisse, daß der Stadt Bauernfeld's diese graziöse Arbeit eines
407 3516 1668 3598 Wienerin Irene Triesch am meisten. Sie nähert
1972 3538 3167 3623 Wieners auf dem Umwege über Berlin geboten wird. Um die
400 3566 1666 3641 sich da der Art der Sarah Bernhardt, dort jener der
1972 3581 3153 3649 Darstellung machten sich die Herren Reinhardt,
401 3611 1659 3685 Odilon, und ist eine Salonschlange von tadelloser Geschmeidigkeit.
1971 3632 3181 3684 Rittner, Kayßler, Bassermann und Fräulein
406 3667 1663 3740 Als Meister spielten namentlich Max Reinhardt, Rudolf
1982 3666 3182 3739 Triesch besonders verdient. Autor, Schauspieler und in
1971 3725 2960 3793 Beiden das Deutsche Theater wurden warm gefeiert.
405 3715 1667 3772 Rittner, sowie Albert Bassermann, der in den
402 3757 1640 3839 „Letzten Masken“ den literarischen Poseur und in „Literatur“
396 3801 1660 3870 das aristokratische Pferdegigerl mit unübertrefflicher Charakteristik
401 3866 1661 3948 gab. Solche Bassermann'sche Gestalten ließen wir uns rudelweise
393 3900 592 3968 gefallen.
