3484 4320
1042 281 2458 369 der „Literatur", kaum daß er von der Szene zurückgetreten war, wo er
1044 320 2222 407 sich dem Publikum dankend gezeigt hatte, einigermaßen erregt:
1173 378 2446 455 „Ich muß mir erlauben, um Aufklärung zu bitten, Herr Doktor, ob
1053 417 2451 506 Herr Kutschera auf Ihre Anweisung hin oder mit Ihrer Einwilligung
1040 471 2445 550 die Buchausgabe meines „Letzten Knopf“ als Requisit benützt hat? Ich
1039 511 2446 600 habe mit dem Glase ganz deutlich den Titelkopf und meinen Namen lesen
1040 560 1708 630 können und das Titelbild erkannt.“
1159 615 2447 682 Schuitzler war wie aus den Wolken gefallen. Er erklärte der
1035 653 2446 737 Wahrheit gemäß, daß er von der ganzen Sache nichts wisse und keine
1047 702 2442 795 Ahnung hatte, welches Buch Kutschera=Gilbert als „Roman“ auf die
1044 741 1530 812 Bühne mitnehmen werde.
1155 805 2447 887 Ludassy dankte für die Aufklärung und wandte sich nun an die
1042 837 1814 911 zweite Kompetenz, den Regisseur Hertzka.
1157 889 2440 960 „Ich gebe Ihnen mein Ehrenwort, Herr Doktor,“ antwortet der
1041 931 2440 1022 Regisseur voll Eifer, „daß Sie mir etwas ganz Neues mittheilen. Der
1034 979 2436 1065 Requisitenmeister oder Herr Kutschera selbst werden Ihnen gewiß voll¬
1030 1026 1733 1092 kommene Aufklärung geben können.“
1156 1073 2446 1165 Im nächsten Momente schon stand der Schriftsteller in der Garderobe
1037 1122 2434 1217 Kutschera's. Das corpus delicti lag noch auf dem Schminktische des
1031 1170 2162 1254 Schauspielers. Ludassy hob es hoch in die Höhe und zugte:
1159 1227 2445 1306 „Sie werden wohl ahnen, lieber Herr Kutschera: ich komme weges#
1036 1257 1505 1323 dieses da. Wieso —“
1146 1300 2440 1420 Weiter konnte der Dichter des „Letzten Knopf“ nicht sprechen, denn
1028 1351 1709 1425 Kutschera fiel ihm sofort ins Wort.
1141 1415 2434 1488 „Aber, lieber Herr Doktor,“ sagte der Künstler in seinem treuherzigen
1036 1456 2433 1544 Wienerisch, „ich habe mir gar nicht denken können, daß man im Publikum
1027 1496 2415 1569 den Titel des Buches wird lesen können! Sicherlich hat's auch Niemand,
1028 1550 2416 1626 als wie Sie allein im ganzen Haus erkannt! Daß die Geschichte nicht
1021 1599 2419 1680 gegen Sie war, brauch' ich Ihnen nicht ernstlich zu versichern. An der ganzen
1027 1638 2429 1720 Sache ist eigentlich nur der Schneider Schuld, der mir den Havelock
1028 1693 2406 1767 gemacht hat. Sie wissen ja, der Schnitzler schreibt mir ausdrücklich so
1023 1734 2413 1812 einen Havelock vor, und in der Tasche des vernachlässigten Rocks hab' ich
1015 1781 2421 1860 meinen Roman mitzubringen. Und a hat mir unser Requisitenmeister drei
1023 1821 2418 1905 broschürte Bücher aus unserer Theate bibliothek gebracht — natürlich lauter
1020 1876 2404 1950 Stücke, die bei uns einmal aufg'führt worden sind. Andre hab'n wir ja
1017 1916 2416 2003 nicht dort'n. Also das erste Büchel war die „Chrysis“ von Pierre Louis
1021 1973 2412 2027 und Otto v. Ernst, das ist, wie Sie wissen, ein Oktavbanderl und viel zu
1015 2013 2408 2095 klein. Das hätt' mir aus der Tasche fallen können und das Malheur wär
1018 2058 2410 2134 fertig g’wesen. Das zweite Buch waren die „Krannerbub'n“ von Dörmann,
1016 2098 2413 2187 das war wieder ein bissel zu groß, das hätt' ich zusammenbiegen müssen,
1008 2146 2407 2230 um's in die Tasche zu bringen, und dann hätt' ich erst noch vor'm Publikum
1012 2194 2395 2281 herumbandeln müssen, eh' ich's herausbring — und das ist doch unangenehm!
1018 2243 2406 2325 Das dritte Büchel aber, das war eben Ihr „Letzter Knopf“ und der hat
1004 2289 2404 2372 geradezu wunderbar hineingepaßt! Deshalb hab' ich ihn auch
1002 2345 2408 2420 g'nommen. Das ichel rutscht — probirn Sie amal selber mit mein Havelock
1066 2391 2404 2453 so fein und glatt in die Tasche hinein und wieder heraus, daß es eine
1004 2416 2404 2527 wahre Freud' war für mich. Aber wenn Sie sich beleidigen, so werd' ich
1004 2464 2055 2555 von morgen ab ein ganz ein anderes Buch verwenden.“
1111 2537 2407 2615 Herr Dr. Ludassy mußte nun aus ganzem Herzen lachen. Zu dem
1010 2558 2396 2655 alten Satze, daß Bücher ihre Schicksale haben, hatte er eine ganz neue
1002 2614 2401 2699 Fußnote selbst erlebt. Die beiden Herren gingen gemüthlich auseinander...
1002 2663 2394 2746 Wer aber jetzt vom Zuschauerraum des Volkstheaters aus, bei einer Auf¬
994 2711 2398 2794 führung der „Letzten Stunden“ mit dem Glase nach dem Titel von Gilbert's
995 2758 2399 2844 Roman auslugt, der wird mit aller Genauigkeit wahrnehmen und buch¬
1004 2806 2396 2884 stabiren können, daß Herr Kutschera das „Egyptische Traumbuch“ als sein
996 2860 1785 2912 jüngstes Werk seiner Partnerin überreicht.
1112 2902 2396 2993 „Das is' nämlich von Niemandem,“ sagte Herr Kutschera, „und
991 2941 1776 3030 drum kann auch Niemand beleidigt sein.“
2176 2992 2385 3078 J. St.
1163 3032 2414 3159 Im Hofburgtheater findet Dinstag eine Aufführung von
987 3099 2425 3183 Otto Ludwig's Trauerspiel „Der Erbförster“ statt. Herr Baumeister!
995 3147 2380 3235 wird in diesem Stücke vor seiner Urlaubhreise zum letztenmale auftreten.“
1171 3210 2403 3288 Die im Hofoperntheater Montag stattfindende Vor¬
990 3249 2389 3318 stellung („Die Puppenfee“. — „Sonne und Erde“: — „Wiener
985 3297 2380 3370 Walzer“.) dürfte insoferne besonderes Interesse erwecken, als in derselben
983 3352 2391 3416 alle vier Mitglieder des kaiserlichen Marientheaters in Petersburg
984 3385 2384 3465 Frl. Kschesinska, die Herren Legat, Obuchow und Bekefy
989 3432 2380 3513 mitwirken werden und auch unsere erste Tänzerin Frl. Sinoni auf¬
974 3488 2374 3541 treten wird. — Dinstag wird „Louise“ mit den Dame Gutheil¬
976 3527 2377 3603 Schoder, Petru, Kaulich, Michalek, Pohlner, Kittel, Bayer, Urban und
981 3575 2370 3654 den Herren Schrödter, Demuth, Preuß, Hesch, Schittenhelm, Pacal, Stoll,
977 3622 1933 3692 Breuer, Felix, Stehmann und Marian aufgeführt.
1179 3657 2385 3759 Im Deutschen Volkstyeater spielt heute Nachmittags
977 3711 2377 3782 Herr M. Millmann als zweite Gastrolle den Kommerzialrath Müller
986 3750 2383 3823 in dem Volksstück Gebildete Menschen“ von Viktor Léon und beendigt
981 3798 2376 3868 morgen Montag sein Gastspiel mit der Darstellung des Valentin im
982 3839 1358 3894 Verschwender“. —
1357 3847 2377 3908 Heute Abends gelangt „Auserstehung“ mit Fräulein
983 3860 2295 3954 Sandrock und Herrn Kutschera in den Hauptrollen zur Wiederholung.
1146 3925 2369 3993 Die vom Akademischen Verein für Kunst und
970 3964 2374 4022 Literatur am 18. April l. J. im Deutschen Volkstheater veranstaltete
988 4011 2370 4062 Aufführung von Gerhart Hauptmann's Jugenddrama „Vor Sonnen¬
973 4052 2378 4116 aufgang“ ist die erste für Wien. Die Regie dieser sowohl in literarischer
962 4101 2385 4179 als historischer Beziehung interessanten Vorstellung hat Herr Ferdinand
2405 1212 2463 1276 K
2573 4178 2714 4211 Sesunt ene eche
