<?xml version="1.0" encoding="UTF-8" standalone="yes"?>
<PcGts xmlns="http://schema.primaresearch.org/PAGE/gts/pagecontent/2013-07-15" xmlns:xsi="http://www.w3.org/2001/XMLSchema-instance" xsi:schemaLocation="http://schema.primaresearch.org/PAGE/gts/pagecontent/2013-07-15 http://schema.primaresearch.org/PAGE/gts/pagecontent/2013-07-15/pagecontent.xsd">
    <Metadata>
        <Creator>prov=University of Rostock/Institute of Mathematics/CITlab/Gundram Leifert/gundram.leifert@uni-rostock.de:name=ONB_Newseye_GT_M1+(htr_id=10810)::::v=2.4.2
prov=University of Rostock/Institute of Mathematics/CITlab/Tobias Gruening/tobias.gruening@uni-rostock.de:name=de.uros.citlab.module.baseline2polygon.B2PSeamMultiOriented:v=2.4.2
prov=University of Rostock/Institute of Mathematics/CITlab/Tobias Gruening/tobias.gruening@uni-rostock.de:name=/mnt/transkribus/LA/DEA/URO/LA_news_onb_att.pb:de.uros.citlab.segmentation.CITlab_LA_ML:v=2.4.2
Transkribus</Creator>
        <Created>2019-10-07T11:35:42.231+02:00</Created>
        <LastChange>2019-10-08T18:13:07.217+02:00</LastChange>
        <TranskribusMetadata docId="223975" pageId="9501946" pageNr="458" tsid="16605940" status="IN_PROGRESS" userId="40391" imgUrl="https://files.transkribus.eu/Get?id=EKNSMIEKXUWTNHEYRPRYMWZX&amp;fileType=view" xmlUrl="https://files.transkribus.eu/Get?id=JHUPRKAJWNTSKUFKZDUIEXKE" imageId="6192168"/>
    </Metadata>
    <Page imageFilename="223975_0458.jpeg" imageWidth="3484" imageHeight="4320">
        <ReadingOrder>
            <OrderedGroup id="ro_1711449913368" caption="Regions reading order">
                <RegionRefIndexed index="0" regionRef="r1"/>
            </OrderedGroup>
        </ReadingOrder>
        <TextRegion orientation="0.0" id="r1" custom="readingOrder {index:0;}">
            <Coords points="293,268 293,3297 3378,3297 3378,268"/>
            <TextLine id="r1l1" custom="readingOrder {index:0;}">
                <Coords points="2056,287 2125,325 2182,314 2214,332 2259,311 2334,333 2445,297 2543,299 2542,244 2510,250 2449,224 2396,241 2341,231 2262,261 2149,253 2108,229 2055,240"/>
                <Baseline points="2065,298 2091,298 2117,298 2143,298 2169,298 2195,298 2221,298 2247,299 2273,299 2299,299 2325,299 2351,299 2377,298 2403,298 2429,297 2455,296 2481,295 2507,293 2533,291"/>
                <TextEquiv>
                    <Unicode>box 21/3</Unicode>
                </TextEquiv>
            </TextLine>
            <TextLine id="r1l2" custom="readingOrder {index:1;}">
                <Coords points="283,324 1925,324 1875,247 1765,234 1523,301 1335,232 1072,296 903,239 567,307 283,261"/>
                <Baseline points="293,319 374,326 455,331 536,334 617,337 698,338 779,338 860,338 941,337 1022,335 1104,334 1185,331 1266,329 1347,327 1428,324 1509,322 1590,321 1671,319 1752,319 1833,319 1915,321"/>
                <TextEquiv>
                    <Unicode>16.1. Lebendige Stunden zuklus</Unicode>
                </TextEquiv>
            </TextLine>
            <TextLine id="r1l3" custom="readingOrder {index:2;}">
                <Coords points="927,1676 1332,1668 1332,1621 1314,1629 1255,1611 1188,1629 1158,1617 1050,1631 990,1627 967,1605 927,1601"/>
                <Baseline points="936,1672 961,1669 987,1666 1013,1664 1038,1663 1064,1662 1090,1662 1116,1662 1141,1663 1167,1663 1193,1664 1219,1665 1244,1666 1270,1667 1296,1667 1322,1668"/>
                <TextEquiv>
                    <Unicode>100 — </Unicode>
                </TextEquiv>
            </TextLine>
            <TextLine id="r1l4" custom="readingOrder {index:3;}">
                <Coords points="918,1783 2268,1788 2426,1767 2426,1722 918,1733"/>
                <Baseline points="929,1774 1003,1772 1077,1771 1151,1770 1226,1769 1300,1769 1374,1769 1449,1770 1523,1770 1597,1771 1672,1771 1746,1771 1820,1772 1894,1772 1969,1771 2043,1771 2117,1769 2192,1767 2266,1765 2340,1762 2415,1758"/>
                <TextEquiv>
                    <Unicode>schen Geschick predigt. Das deutsche Drama hat von </Unicode>
                </TextEquiv>
            </TextLine>
            <TextLine id="r1l5" custom="readingOrder {index:4;}">
                <Coords points="1998,1827 3047,1842 3309,1814 3347,1743 1998,1764"/>
                <Baseline points="2008,1813 2074,1812 2140,1811 2207,1811 2273,1811 2340,1811 2406,1811 2472,1811 2539,1811 2605,1811 2672,1811 2738,1811 2804,1811 2871,1811 2937,1810 3004,1810 3070,1808 3136,1806 3203,1804 3269,1801 3336,1798"/>
                <TextEquiv>
                    <Unicode>Dettelbach, Tochter des Herrn Commerzialrathes Jungserngasse</Unicode>
                </TextEquiv>
            </TextLine>
            <TextLine id="r1l6" custom="readingOrder {index:5;}">
                <Coords points="921,1826 1022,1850 1071,1828 1542,1831 1590,1823 1590,1776 921,1792"/>
                <Baseline points="930,1823 962,1822 995,1822 1027,1821 1060,1821 1092,1820 1125,1820 1157,1819 1190,1819 1222,1818 1255,1818 1287,1818 1320,1818 1352,1818 1385,1818 1417,1818 1450,1819 1482,1820 1515,1821 1547,1822 1580,1824"/>
                <TextEquiv>
                    <Unicode>ihm noch Größeres zu erwarten.</Unicode>
                </TextEquiv>
            </TextLine>
            <TextLine id="r1l7" custom="readingOrder {index:6;}">
                <Coords points="3065,1854 3084,1861 3124,1847 3179,1864 3242,1864 3252,1854 3295,1857 3309,1869 3345,1855 3364,1863 3364,1807 3340,1794 3309,1814 3271,1804 3255,1814 3228,1807 3208,1821 3133,1804 3104,1814 3066,1806"/>
                <Baseline points="3075,1850 3100,1849 3125,1848 3151,1849 3176,1849 3201,1850 3227,1851 3252,1852 3277,1852 3303,1852 3328,1850 3354,1849"/>
                <TextEquiv>
                    <Unicode>9 Uhr Abends</Unicode>
                </TextEquiv>
            </TextLine>
            <TextLine id="r1l8" custom="readingOrder {index:7;}">
                <Coords points="1996,1892 2033,1904 2127,1867 2152,1881 2180,1864 2383,1863 2414,1879 2454,1864 2453,1833 2352,1813 2336,1827 2295,1814 2259,1833 2236,1815 2212,1831 1995,1827"/>
                <Baseline points="2006,1871 2031,1868 2057,1866 2083,1864 2108,1863 2134,1862 2160,1860 2185,1860 2211,1860 2237,1860 2263,1859 2288,1860 2314,1860 2340,1860 2365,1860 2391,1860 2417,1860 2443,1860"/>
                <TextEquiv>
                    <Unicode>Hans Dettelbach, statt.</Unicode>
                </TextEquiv>
            </TextLine>
            <TextLine id="r1l9" custom="readingOrder {index:8;}">
                <Coords points="1010,1872 1978,1874 1978,1839 1899,1818 1743,1849 1657,1819 1237,1844 1010,1815"/>
                <Baseline points="1021,1873 1068,1872 1115,1872 1162,1871 1210,1871 1257,1870 1304,1870 1352,1869 1399,1869 1446,1869 1494,1868 1541,1868 1588,1867 1635,1867 1683,1867 1730,1867 1777,1867 1825,1867 1872,1867 1919,1867 1967,1867"/>
                <TextEquiv>
                    <Unicode>Für unser Schauspielhaus bilden die „Lebendigen</Unicode>
                </TextEquiv>
            </TextLine>
            <TextLine id="r1l10" custom="readingOrder {index:9;}">
                <Coords points="3061,1907 3097,1920 3148,1911 3195,1923 3217,1903 3333,1909 3347,1923 3379,1925 3379,1868 3361,1870 3349,1858 3335,1868 3262,1854 3241,1864 3061,1857"/>
                <Baseline points="3071,1904 3098,1904 3125,1904 3152,1904 3179,1904 3206,1904 3233,1905 3260,1905 3287,1905 3314,1904 3341,1903 3369,1902"/>
                <TextEquiv>
                    <Unicode>(täglich von 10</Unicode>
                </TextEquiv>
            </TextLine>
            <TextLine id="r1l11" custom="readingOrder {index:10;}">
                <Coords points="2130,1924 2992,1926 3045,1915 3044,1836 2735,1827 2677,1855 2528,1830 2458,1881 2129,1879"/>
                <Baseline points="2139,1916 2183,1915 2228,1914 2273,1912 2318,1911 2363,1910 2407,1908 2452,1908 2497,1907 2542,1906 2587,1905 2631,1905 2676,1904 2721,1904 2766,1904 2811,1904 2855,1904 2900,1905 2945,1905 2990,1907 3035,1908"/>
                <TextEquiv>
                    <Unicode>(Todesfälle.) Gestern Abends verschied die</Unicode>
                </TextEquiv>
            </TextLine>
            <TextLine id="r1l12" custom="readingOrder {index:11;}">
                <Coords points="917,1915 993,1941 1985,1922 1970,1872 917,1879"/>
                <Baseline points="928,1923 980,1922 1032,1921 1085,1920 1137,1920 1189,1919 1242,1919 1294,1919 1346,1919 1399,1919 1451,1919 1503,1919 1556,1919 1608,1919 1660,1919 1713,1919 1765,1918 1817,1918 1870,1917 1922,1916 1975,1914"/>
                <TextEquiv>
                    <Unicode>Stunden“ — warum alle vier Stücke diesen Gesammt¬</Unicode>
                </TextEquiv>
            </TextLine>
            <TextLine id="r1l13" custom="readingOrder {index:12;}">
                <Coords points="3062,1967 3097,1960 3132,1973 3154,1962 3229,1960 3245,1970 3338,1957 3367,1982 3390,1982 3388,1915 3357,1901 3317,1919 3239,1909 3195,1924 3148,1912 3110,1921 3061,1906"/>
                <Baseline points="3073,1955 3098,1956 3123,1956 3149,1956 3174,1955 3200,1955 3225,1953 3250,1952 3276,1951 3301,1950 3327,1949 3352,1949 3378,1949"/>
                <TextEquiv>
                    <Unicode>tags): Ständi</Unicode>
                </TextEquiv>
            </TextLine>
            <TextLine id="r1l14" custom="readingOrder {index:13;}">
                <Coords points="1995,1979 3052,1976 3051,1914 2155,1929 2047,1894 1995,1923"/>
                <Baseline points="2005,1964 2056,1964 2108,1964 2160,1963 2212,1963 2264,1962 2315,1962 2367,1961 2419,1960 2471,1960 2523,1959 2574,1958 2626,1957 2678,1957 2730,1957 2782,1956 2833,1956 2885,1956 2937,1957 2989,1958 3041,1959"/>
                <TextEquiv>
                    <Unicode>Private Fräulein Elise v. Dükhausen im Alter von</Unicode>
                </TextEquiv>
            </TextLine>
            <TextLine id="r1l15" custom="readingOrder {index:14;}">
                <Coords points="918,1986 1869,1993 1985,1975 1985,1943 1120,1918 918,1956"/>
                <Baseline points="928,1972 980,1973 1032,1973 1084,1973 1137,1973 1189,1973 1241,1973 1294,1973 1346,1972 1398,1972 1451,1971 1503,1971 1555,1970 1607,1969 1660,1969 1712,1968 1764,1967 1817,1967 1869,1966 1921,1965 1974,1965"/>
                <TextEquiv>
                    <Unicode>titel führen, weiß Niemand — ein glänzendes Ruhmes¬</Unicode>
                </TextEquiv>
            </TextLine>
            <TextLine id="r1l16" custom="readingOrder {index:15;}">
                <Coords points="3058,2037 3094,2010 3114,2028 3139,2011 3212,2027 3242,2006 3313,2018 3376,1996 3375,1946 3316,1965 3191,1970 3174,1960 3114,1971 3057,1943"/>
                <Baseline points="3067,2000 3094,2002 3121,2002 3148,2003 3175,2002 3202,2002 3229,2001 3256,2001 3283,2000 3310,1999 3337,1999 3365,1999"/>
                <TextEquiv>
                    <Unicode>Kunstgewerber</Unicode>
                </TextEquiv>
            </TextLine>
            <TextLine id="r1l17" custom="readingOrder {index:16;}">
                <Coords points="1998,2028 3061,2023 3060,1979 3018,1963 1997,1979"/>
                <Baseline points="2007,2016 2059,2016 2111,2016 2163,2016 2215,2016 2267,2015 2319,2014 2372,2013 2424,2012 2476,2011 2528,2010 2580,2009 2632,2008 2684,2007 2737,2007 2789,2006 2841,2006 2893,2006 2945,2007 2997,2008 3050,2009"/>
                <TextEquiv>
                    <Unicode>92 Jahren. — In St. Peter im Hause Nr. 166 ist</Unicode>
                </TextEquiv>
            </TextLine>
            <TextLine id="r1l18" custom="readingOrder {index:17;}">
                <Coords points="929,2022 1978,2032 1955,1973 928,1987"/>
                <Baseline points="938,2024 989,2025 1041,2026 1092,2026 1144,2026 1195,2026 1247,2025 1298,2024 1350,2023 1401,2022 1453,2021 1504,2020 1556,2019 1607,2018 1659,2018 1710,2017 1762,2017 1813,2018 1865,2018 1916,2020 1968,2021"/>
                <TextEquiv>
                    <Unicode>blatt. Herr Haid, der verdienstvolle Spielleiter, schuf</Unicode>
                </TextEquiv>
            </TextLine>
            <TextLine id="r1l19" custom="readingOrder {index:18;}">
                <Coords points="3060,2056 3091,2063 3111,2049 3127,2064 3174,2071 3196,2057 3247,2070 3259,2062 3269,2071 3292,2061 3336,2064 3337,2015 3272,2016 3244,2003 3211,2027 3177,2012 3136,2011 3114,2021 3096,2010 3083,2020 3061,2012"/>
                <Baseline points="3071,2053 3096,2051 3122,2051 3147,2052 3173,2052 3199,2053 3224,2055 3250,2056 3275,2056 3301,2055 3327,2053"/>
                <TextEquiv>
                    <Unicode>9 Uhr Vorm</Unicode>
                </TextEquiv>
            </TextLine>
            <TextLine id="r1l20" custom="readingOrder {index:19;}">
                <Coords points="1988,2075 3045,2057 3044,2023 2961,2013 1987,2032"/>
                <Baseline points="1997,2066 2048,2064 2100,2062 2152,2061 2204,2060 2256,2059 2308,2059 2360,2059 2412,2058 2464,2058 2516,2058 2567,2058 2619,2058 2671,2058 2723,2058 2775,2057 2827,2057 2879,2056 2931,2055 2983,2053 3035,2051"/>
                <TextEquiv>
                    <Unicode>gestern um 8 Uhr Abends die Finanz=Landes=Offieials¬</Unicode>
                </TextEquiv>
            </TextLine>
            <TextLine id="r1l21" custom="readingOrder {index:20;}">
                <Coords points="929,2086 1976,2079 1975,2026 928,2021"/>
                <Baseline points="938,2075 989,2075 1040,2075 1092,2075 1143,2075 1195,2074 1246,2074 1297,2073 1349,2072 1400,2071 1452,2070 1503,2070 1554,2069 1606,2068 1657,2067 1709,2067 1760,2067 1811,2067 1863,2067 1914,2067 1966,2068"/>
                <TextEquiv>
                    <Unicode>in dem Anton Kausdorfer und dem sterbenden Journa¬</Unicode>
                </TextEquiv>
            </TextLine>
            <TextLine id="r1l22" custom="readingOrder {index:21;}">
                <Coords points="3067,2119 3119,2109 3148,2123 3176,2113 3213,2122 3255,2110 3294,2120 3294,2066 3262,2063 3241,2077 3205,2057 3177,2071 3128,2064 3112,2050 3089,2062 3067,2058"/>
                <Baseline points="3076,2104 3101,2103 3127,2103 3153,2104 3179,2105 3205,2105 3231,2105 3257,2105 3283,2103"/>
                <TextEquiv>
                    <Unicode>Kunstgen</Unicode>
                </TextEquiv>
            </TextLine>
            <TextLine id="r1l23" custom="readingOrder {index:22;}">
                <Coords points="1993,2124 2973,2134 3050,2117 3050,2068 1993,2069"/>
                <Baseline points="2003,2111 2054,2111 2106,2112 2158,2112 2210,2112 2262,2111 2313,2111 2365,2110 2417,2109 2469,2108 2521,2107 2572,2107 2624,2106 2676,2105 2728,2105 2780,2105 2831,2105 2883,2106 2935,2106 2987,2108 3039,2109"/>
                <TextEquiv>
                    <Unicode>Witwe und gewesene Hausbesitzerin Frau Therese</Unicode>
                </TextEquiv>
            </TextLine>
            <TextLine id="r1l24" custom="readingOrder {index:23;}">
                <Coords points="930,2131 1959,2136 1985,2097 1917,2071 1622,2102 1441,2073 929,2086"/>
                <Baseline points="940,2128 991,2128 1043,2128 1095,2128 1146,2128 1198,2127 1250,2126 1301,2125 1353,2124 1405,2123 1457,2122 1508,2121 1560,2120 1612,2119 1663,2119 1715,2118 1767,2118 1818,2118 1870,2118 1922,2118 1974,2120"/>
                <TextEquiv>
                    <Unicode>listen zwei lebensvoll gezeichnete Charaktergestalten,</Unicode>
                </TextEquiv>
            </TextLine>
            <TextLine id="r1l25" custom="readingOrder {index:24;}">
                <Coords points="3068,2157 3137,2165 3145,2173 3196,2160 3240,2174 3255,2164 3293,2167 3295,2120 3246,2111 3211,2122 3177,2113 3146,2123 3118,2108 3069,2117"/>
                <Baseline points="3079,2153 3104,2152 3130,2152 3155,2154 3181,2156 3206,2157 3232,2158 3257,2156 3283,2153"/>
                <TextEquiv>
                    <Unicode>bis 4 Uhr</Unicode>
                </TextEquiv>
            </TextLine>
            <TextLine id="r1l26" custom="readingOrder {index:25;}">
                <Coords points="2003,2169 2095,2193 2243,2159 2811,2176 2837,2170 2837,2115 2003,2128"/>
                <Baseline points="2014,2163 2054,2162 2095,2161 2135,2161 2176,2160 2217,2160 2257,2159 2298,2159 2339,2159 2379,2159 2420,2159 2461,2159 2501,2159 2542,2159 2583,2159 2623,2159 2664,2158 2705,2158 2745,2157 2786,2156 2827,2155"/>
                <TextEquiv>
                    <Unicode>Swobada im 89. Lebensjahre gestorben.</Unicode>
                </TextEquiv>
            </TextLine>
            <TextLine id="r1l27" custom="readingOrder {index:26;}">
                <Coords points="921,2189 1984,2188 1983,2129 1940,2123 1304,2155 920,2122"/>
                <Baseline points="931,2179 983,2179 1035,2178 1087,2178 1139,2177 1191,2177 1243,2176 1296,2176 1348,2175 1400,2174 1452,2174 1504,2173 1556,2172 1608,2172 1661,2171 1713,2171 1765,2170 1817,2170 1869,2169 1921,2169 1974,2169"/>
                <TextEquiv>
                    <Unicode>denen man schon einmal im Leben begegnet zu sein</Unicode>
                </TextEquiv>
            </TextLine>
            <TextLine id="r1l28" custom="readingOrder {index:27;}">
                <Coords points="3071,2208 3129,2222 3174,2213 3190,2221 3210,2207 3235,2220 3316,2210 3363,2219 3363,2162 3320,2166 3304,2149 3268,2171 3174,2162 3144,2172 3071,2159"/>
                <Baseline points="3081,2205 3108,2205 3135,2206 3162,2206 3189,2207 3217,2207 3244,2207 3271,2207 3298,2207 3325,2208 3353,2208"/>
                <TextEquiv>
                    <Unicode>Steiermär</Unicode>
                </TextEquiv>
            </TextLine>
            <TextLine id="r1l29" custom="readingOrder {index:28;}">
                <Coords points="2135,2215 3066,2221 3066,2145 2970,2132 2895,2173 2648,2185 2135,2177"/>
                <Baseline points="2145,2214 2190,2214 2236,2214 2281,2214 2327,2214 2372,2213 2418,2213 2463,2212 2509,2211 2554,2211 2600,2210 2645,2209 2691,2209 2736,2208 2782,2208 2827,2208 2873,2208 2918,2208 2964,2209 3009,2210 3055,2211"/>
                <TextEquiv>
                    <Unicode>(Bürgerrecht.) In der gestrigen vertraulichen</Unicode>
                </TextEquiv>
            </TextLine>
            <TextLine id="r1l30" custom="readingOrder {index:29;}">
                <Coords points="920,2239 1997,2227 1996,2192 1919,2173 1160,2173 919,2209"/>
                <Baseline points="930,2234 982,2232 1035,2230 1088,2228 1141,2227 1194,2227 1246,2226 1299,2226 1352,2226 1405,2225 1458,2225 1510,2225 1563,2225 1616,2224 1669,2224 1722,2223 1774,2221 1827,2220 1880,2218 1933,2215 1986,2212"/>
                <TextEquiv>
                    <Unicode>glaubt. Fräulein Sussin hatte — ganz ihr Fall —</Unicode>
                </TextEquiv>
            </TextLine>
            <TextLine id="r1l31" custom="readingOrder {index:30;}">
                <Coords points="3062,2253 3111,2271 3180,2275 3190,2265 3263,2273 3279,2258 3293,2267 3356,2264 3356,2213 3285,2222 3255,2212 3234,2220 3208,2208 3190,2220 3145,2214 3129,2223 3096,2211 3062,2219"/>
                <Baseline points="3073,2255 3100,2256 3127,2257 3155,2258 3182,2259 3210,2259 3237,2260 3264,2259 3292,2257 3319,2255 3347,2251"/>
                <TextEquiv>
                    <Unicode>berggasse 2: J</Unicode>
                </TextEquiv>
            </TextLine>
            <TextLine id="r1l32" custom="readingOrder {index:31;}">
                <Coords points="1993,2260 2346,2288 2413,2259 2679,2274 2717,2244 3052,2273 3052,2221 2969,2211 2871,2237 1993,2210"/>
                <Baseline points="2003,2262 2054,2263 2106,2263 2158,2263 2210,2263 2262,2263 2314,2262 2366,2262 2418,2261 2470,2261 2522,2260 2573,2260 2625,2260 2677,2259 2729,2259 2781,2259 2833,2260 2885,2260 2937,2261 2989,2262 3041,2263"/>
                <TextEquiv>
                    <Unicode>Gemeinderathssitzung wurde dem Herrn Heinrich</Unicode>
                </TextEquiv>
            </TextLine>
            <TextLine id="r1l33" custom="readingOrder {index:32;}">
                <Coords points="923,2299 1960,2280 1990,2278 1990,2229 923,2245"/>
                <Baseline points="933,2285 985,2282 1037,2281 1090,2279 1142,2278 1195,2277 1247,2276 1299,2276 1352,2275 1404,2275 1457,2275 1509,2274 1561,2274 1614,2274 1666,2274 1719,2273 1771,2272 1823,2271 1876,2270 1928,2268 1981,2266"/>
                <TextEquiv>
                    <Unicode>zwei „complicirie“ Frauentyven, die Pauline und die</Unicode>
                </TextEquiv>
            </TextLine>
            <TextLine id="r1l34" custom="readingOrder {index:33;}">
                <Coords points="3057,2313 3136,2321 3186,2307 3203,2320 3217,2311 3272,2312 3286,2324 3324,2310 3361,2318 3361,2261 3280,2259 3264,2273 3203,2265 3107,2273 3057,2254"/>
                <Baseline points="3067,2306 3092,2306 3118,2307 3144,2307 3170,2307 3196,2307 3221,2308 3247,2308 3273,2308 3299,2307 3325,2307 3351,2305"/>
                <TextEquiv>
                    <Unicode>tagen von 10 1</Unicode>
                </TextEquiv>
            </TextLine>
            <TextLine id="r1l35" custom="readingOrder {index:34;}">
                <Coords points="2006,2331 2531,2304 3055,2331 3054,2273 3008,2265 2006,2267"/>
                <Baseline points="2015,2319 2066,2317 2117,2315 2169,2313 2220,2312 2272,2311 2323,2310 2375,2309 2426,2309 2478,2308 2529,2308 2580,2308 2632,2308 2683,2308 2735,2308 2786,2308 2838,2309 2889,2309 2941,2310 2992,2311 3044,2312"/>
                <TextEquiv>
                    <Unicode>Hasenlechner, Mühlen= und Sägebesitzer, über sein</Unicode>
                </TextEquiv>
            </TextLine>
            <TextLine id="r1l36" custom="readingOrder {index:35;}">
                <Coords points="931,2332 1947,2338 1978,2335 1977,2280 930,2298"/>
                <Baseline points="941,2331 992,2331 1043,2331 1094,2330 1146,2330 1197,2330 1248,2329 1300,2328 1351,2328 1402,2327 1454,2326 1505,2326 1556,2324 1607,2324 1659,2323 1710,2322 1761,2321 1813,2320 1864,2319 1915,2318 1967,2316"/>
                <TextEquiv>
                    <Unicode>Margarethe, darzustellen, wovon die letztere ihrem Geiste</Unicode>
                </TextEquiv>
            </TextLine>
            <TextLine id="r1l37" custom="readingOrder {index:36;}">
                <Coords points="3067,2356 3118,2372 3177,2356 3256,2368 3284,2362 3304,2372 3369,2362 3369,2313 3298,2311 3286,2323 3219,2311 3203,2321 3189,2309 3103,2322 3067,2310"/>
                <Baseline points="3078,2356 3103,2354 3129,2353 3154,2354 3180,2354 3205,2355 3231,2356 3256,2357 3282,2356 3307,2355 3333,2353 3359,2349"/>
                <TextEquiv>
                    <Unicode>von 4 Uhr Na</Unicode>
                </TextEquiv>
            </TextLine>
            <TextLine id="r1l38" custom="readingOrder {index:37;}">
                <Coords points="1998,2383 3002,2375 3050,2340 2537,2307 1997,2336"/>
                <Baseline points="2007,2363 2058,2363 2110,2363 2162,2362 2213,2362 2265,2361 2317,2361 2368,2361 2420,2360 2472,2360 2524,2360 2575,2359 2627,2359 2679,2359 2730,2359 2782,2358 2834,2358 2885,2358 2937,2358 2989,2358 3041,2358"/>
                <TextEquiv>
                    <Unicode>Ansuchen das Bürgerrecht der Stadt Graz verliehen.</Unicode>
                </TextEquiv>
            </TextLine>
            <TextLine id="r1l39" custom="readingOrder {index:38;}">
                <Coords points="916,2374 1988,2391 1987,2334 1908,2323 1746,2348 916,2326"/>
                <Baseline points="927,2378 979,2379 1032,2380 1084,2380 1137,2380 1189,2380 1242,2379 1294,2379 1347,2378 1399,2377 1452,2376 1504,2375 1557,2374 1609,2373 1662,2372 1714,2370 1767,2369 1819,2368 1872,2367 1924,2367 1977,2366"/>
                <TextEquiv>
                    <Unicode>und ihrem Humor weiten Spielraum bot. In beiden</Unicode>
                </TextEquiv>
            </TextLine>
            <TextLine id="r1l40" custom="readingOrder {index:39;}">
                <Coords points="3071,2405 3249,2423 3290,2410 3316,2422 3326,2412 3371,2412 3371,2361 3257,2368 3200,2358 3115,2371 3070,2359"/>
                <Baseline points="3081,2403 3106,2404 3131,2405 3157,2405 3182,2405 3207,2405 3233,2405 3258,2404 3283,2404 3309,2403 3334,2403 3360,2403"/>
                <TextEquiv>
                    <Unicode>und Feiertagen</Unicode>
                </TextEquiv>
            </TextLine>
            <TextLine id="r1l41" custom="readingOrder {index:40;}">
                <Coords points="2145,2425 2707,2428 2794,2400 3060,2428 3036,2366 2849,2353 2145,2376"/>
                <Baseline points="2155,2416 2199,2414 2244,2413 2289,2411 2334,2411 2379,2410 2423,2409 2468,2408 2513,2408 2558,2408 2603,2408 2647,2408 2692,2408 2737,2409 2782,2409 2827,2410 2871,2411 2916,2413 2961,2414 3006,2415 3051,2417"/>
                <TextEquiv>
                    <Unicode>(Die Bürgermeisterwahl in Marburg)</Unicode>
                </TextEquiv>
            </TextLine>
            <TextLine id="r1l42" custom="readingOrder {index:41;}">
                <Coords points="927,2428 1986,2428 1986,2395 1906,2374 927,2388"/>
                <Baseline points="937,2427 989,2428 1041,2430 1093,2430 1145,2431 1197,2431 1249,2431 1301,2430 1353,2430 1405,2429 1457,2428 1509,2426 1561,2425 1613,2423 1665,2422 1717,2421 1769,2419 1821,2418 1873,2417 1925,2416 1977,2414"/>
                <TextEquiv>
                    <Unicode>Rollen hatte sie an Herrn Mehnert einen eben¬</Unicode>
                </TextEquiv>
            </TextLine>
            <TextLine id="r1l43" custom="readingOrder {index:42;}">
                <Coords points="3079,2463 3124,2463 3144,2471 3161,2463 3197,2471 3213,2461 3240,2473 3274,2471 3307,2461 3307,2414 3278,2410 3252,2426 3227,2414 3195,2422 3158,2410 3152,2416 3102,2410 3079,2416"/>
                <Baseline points="3089,2453 3115,2455 3141,2456 3167,2457 3193,2458 3219,2458 3245,2457 3271,2455 3297,2451"/>
                <TextEquiv>
                    <Unicode>Mittags. —</Unicode>
                </TextEquiv>
            </TextLine>
            <TextLine id="r1l44" custom="readingOrder {index:43;}">
                <Coords points="2004,2473 2375,2456 2401,2479 2750,2478 2823,2470 2823,2413 2494,2415 2462,2436 2086,2424 2052,2402 2003,2420"/>
                <Baseline points="2014,2469 2056,2466 2098,2464 2140,2463 2182,2461 2224,2461 2266,2460 2308,2460 2350,2459 2392,2459 2434,2460 2476,2460 2518,2460 2560,2460 2602,2460 2644,2460 2686,2460 2728,2460 2770,2459 2813,2458"/>
                <TextEquiv>
                    <Unicode>findet heute um 3 Uhr Nachmittags, stati.</Unicode>
                </TextEquiv>
            </TextLine>
            <TextLine id="r1l45" custom="readingOrder {index:44;}">
                <Coords points="928,2497 1995,2492 1995,2419 1279,2453 928,2428"/>
                <Baseline points="938,2481 990,2480 1042,2480 1095,2480 1147,2479 1199,2479 1252,2479 1304,2479 1356,2478 1409,2478 1461,2478 1513,2477 1566,2477 1618,2476 1670,2475 1723,2474 1775,2473 1827,2472 1880,2471 1932,2469 1985,2467"/>
                <TextEquiv>
                    <Unicode>bürtigen Partner. In der „Literatur“ gesellte sich als</Unicode>
                </TextEquiv>
            </TextLine>
            <TextLine id="r1l46" custom="readingOrder {index:45;}">
                <Coords points="3073,2521 3122,2513 3140,2524 3161,2512 3197,2510 3207,2521 3248,2513 3274,2526 3291,2512 3309,2522 3333,2510 3361,2515 3362,2478 3320,2459 3275,2471 3216,2462 3143,2471 3074,2456"/>
                <Baseline points="3083,2505 3109,2505 3136,2505 3163,2505 3190,2506 3217,2507 3244,2507 3271,2507 3298,2508 3325,2508 3352,2508"/>
                <TextEquiv>
                    <Unicode>Stempfergasse</Unicode>
                </TextEquiv>
            </TextLine>
            <TextLine id="r1l47" custom="readingOrder {index:46;}">
                <Coords points="2149,2512 2283,2536 2995,2528 3068,2517 3068,2476 2441,2482 2376,2456 2148,2480"/>
                <Baseline points="2159,2519 2203,2517 2248,2516 2293,2515 2338,2514 2383,2513 2428,2512 2473,2512 2518,2511 2563,2510 2608,2510 2652,2510 2697,2510 2742,2510 2787,2510 2832,2510 2877,2510 2922,2510 2967,2510 3012,2510 3057,2510"/>
                <TextEquiv>
                    <Unicode>(Fußballsport.) Am Östersonntag svielte</Unicode>
                </TextEquiv>
            </TextLine>
            <TextLine id="r1l48" custom="readingOrder {index:47;}">
                <Coords points="923,2532 1195,2559 1399,2522 1554,2552 1986,2538 1985,2469 922,2497"/>
                <Baseline points="932,2529 984,2530 1036,2531 1088,2532 1140,2532 1192,2532 1244,2531 1297,2531 1349,2530 1401,2529 1453,2528 1505,2527 1557,2526 1609,2525 1662,2524 1714,2523 1766,2522 1818,2521 1870,2520 1922,2520 1975,2519"/>
                <TextEquiv>
                    <Unicode>ausgezeichneter Dritter hinzu Herr Marr, der dem</Unicode>
                </TextEquiv>
            </TextLine>
            <TextLine id="r1l49" custom="readingOrder {index:48;}">
                <Coords points="3066,2563 3139,2573 3155,2562 3202,2557 3230,2570 3267,2557 3322,2572 3348,2557 3374,2558 3373,2500 3310,2520 3272,2512 3260,2525 3247,2513 3207,2520 3196,2510 3142,2522 3115,2513 3065,2518"/>
                <Baseline points="3075,2555 3101,2555 3127,2555 3153,2556 3179,2556 3205,2556 3232,2555 3258,2555 3284,2553 3310,2551 3336,2549 3363,2545"/>
                <TextEquiv>
                    <Unicode>Volkshibli</Unicode>
                </TextEquiv>
            </TextLine>
            <TextLine id="r1l50" custom="readingOrder {index:49;}">
                <Coords points="2001,2568 2967,2574 3062,2563 3062,2517 2001,2531"/>
                <Baseline points="2012,2562 2064,2563 2116,2563 2168,2563 2220,2563 2272,2563 2324,2563 2376,2562 2428,2562 2480,2562 2532,2561 2584,2561 2636,2560 2688,2560 2740,2560 2792,2559 2844,2559 2896,2559 2948,2560 3000,2560 3052,2561"/>
                <TextEquiv>
                    <Unicode>der Cillier Sportverein gegen den Laibacher</Unicode>
                </TextEquiv>
            </TextLine>
            <TextLine id="r1l51" custom="readingOrder {index:50;}">
                <Coords points="930,2600 1204,2574 1326,2604 1537,2574 1888,2599 1997,2579 1997,2535 930,2550"/>
                <Baseline points="940,2582 992,2582 1044,2583 1097,2583 1149,2583 1202,2582 1254,2582 1306,2581 1359,2580 1411,2579 1464,2578 1516,2577 1568,2576 1621,2575 1673,2573 1726,2572 1778,2571 1830,2570 1883,2570 1935,2569 1988,2569"/>
                <TextEquiv>
                    <Unicode>vom Dichter mit viel Humor bedachten Schriftsteller</Unicode>
                </TextEquiv>
            </TextLine>
            <TextLine id="r1l52" custom="readingOrder {index:51;}">
                <Coords points="3125,2623 3167,2614 3196,2624 3208,2614 3236,2614 3254,2624 3271,2612 3323,2626 3333,2616 3366,2611 3366,2559 3319,2571 3258,2557 3228,2573 3179,2559 3124,2576"/>
                <Baseline points="3134,2608 3161,2607 3189,2607 3216,2607 3244,2607 3272,2607 3299,2607 3327,2607 3355,2605"/>
                <TextEquiv>
                    <Unicode>Uhr Vorm.</Unicode>
                </TextEquiv>
            </TextLine>
            <TextLine id="r1l53" custom="readingOrder {index:52;}">
                <Coords points="3094,2610 3104,2613 3109,2610 3114,2614 3121,2611 3129,2614 3141,2573 3131,2570 3130,2567 3126,2566 3117,2568 3107,2565"/>
                <Baseline points="3106,2604 3120,2608"/>
                <TextEquiv>
                    <Unicode>3</Unicode>
                </TextEquiv>
            </TextLine>
            <TextLine id="r1l54" custom="readingOrder {index:53;}">
                <Coords points="2004,2635 2797,2606 3065,2630 3065,2565 2393,2565 2349,2597 2282,2565 2004,2566"/>
                <Baseline points="2015,2612 2067,2612 2119,2612 2171,2612 2223,2613 2275,2613 2327,2613 2379,2612 2431,2612 2483,2612 2535,2612 2587,2612 2639,2612 2691,2612 2743,2612 2795,2612 2847,2613 2899,2613 2951,2613 3003,2614 3055,2614"/>
                <TextEquiv>
                    <Unicode>Sportverein. Das Ergebniß (0:0 beweist, daß</Unicode>
                </TextEquiv>
            </TextLine>
            <TextLine id="r1l55" custom="readingOrder {index:54;}">
                <Coords points="924,2614 1020,2647 1996,2639 1995,2575 1876,2603 1841,2577 924,2584"/>
                <Baseline points="935,2629 987,2630 1040,2631 1092,2631 1145,2632 1197,2632 1250,2632 1302,2631 1355,2630 1407,2630 1460,2629 1512,2628 1565,2627 1617,2625 1670,2624 1722,2623 1775,2621 1827,2621 1880,2619 1932,2618 1985,2617"/>
                <TextEquiv>
                    <Unicode>Gilbert eine seiner frappanten Masken verlieh. Als</Unicode>
                </TextEquiv>
            </TextLine>
            <TextLine id="r1l56" custom="readingOrder {index:55;}">
                <Coords points="3069,2677 3092,2665 3149,2674 3171,2664 3291,2671 3305,2659 3345,2667 3346,2624 3313,2626 3299,2614 3248,2624 3236,2613 3175,2623 3155,2613 3094,2614 3070,2600"/>
                <Baseline points="3080,2653 3105,2655 3131,2657 3156,2657 3182,2658 3208,2658 3233,2657 3259,2657 3284,2657 3310,2657 3336,2657"/>
                <TextEquiv>
                    <Unicode>Nachmittags</Unicode>
                </TextEquiv>
            </TextLine>
            <TextLine id="r1l57" custom="readingOrder {index:56;}">
                <Coords points="1996,2686 3059,2661 3059,2626 2959,2610 1996,2625"/>
                <Baseline points="2005,2665 2057,2664 2109,2664 2161,2664 2213,2663 2266,2663 2318,2663 2370,2663 2422,2662 2474,2662 2527,2662 2579,2662 2631,2661 2683,2661 2735,2661 2788,2661 2840,2661 2892,2661 2944,2660 2996,2660 3049,2660"/>
                <TextEquiv>
                    <Unicode>die Mannschaften einander ebenbürtig sind. — Tags</Unicode>
                </TextEquiv>
            </TextLine>
            <TextLine id="r1l58" custom="readingOrder {index:57;}">
                <Coords points="931,2687 1960,2689 1984,2634 931,2661"/>
                <Baseline points="941,2682 992,2681 1044,2680 1095,2680 1147,2680 1199,2680 1250,2680 1302,2680 1353,2680 1405,2681 1457,2681 1508,2681 1560,2680 1611,2680 1663,2679 1715,2678 1766,2676 1818,2674 1869,2672 1921,2669 1973,2665"/>
                <TextEquiv>
                    <Unicode>guter Schauspieler erwies sich gestern auch Herr Felix,</Unicode>
                </TextEquiv>
            </TextLine>
            <TextLine id="r1l59" custom="readingOrder {index:58;}">
                <Coords points="2008,2725 3378,2707 3359,2662 2008,2666"/>
                <Baseline points="2018,2718 2085,2717 2153,2716 2220,2715 2288,2714 2355,2713 2423,2712 2490,2711 2558,2710 2625,2709 2693,2709 2760,2708 2828,2707 2895,2707 2963,2706 3030,2706 3098,2706 3165,2706 3233,2707 3300,2707 3368,2708"/>
                <TextEquiv>
                    <Unicode>darauf spielte in Laibach die Mannschaft des Marine= Volksbüche</Unicode>
                </TextEquiv>
            </TextLine>
            <TextLine id="r1l60" custom="readingOrder {index:59;}">
                <Coords points="938,2735 1997,2742 1997,2683 938,2696"/>
                <Baseline points="948,2729 1002,2729 1057,2729 1112,2729 1166,2729 1221,2729 1276,2729 1330,2729 1385,2729 1440,2729 1494,2729 1549,2728 1604,2727 1658,2726 1713,2725 1768,2724 1822,2722 1877,2720 1932,2718 1987,2715"/>
                <TextEquiv>
                    <Unicode>der einen alten Gärtner und den lungenkranken Komö¬</Unicode>
                </TextEquiv>
            </TextLine>
            <TextLine id="r1l61" custom="readingOrder {index:60;}">
                <Coords points="2001,2777 3374,2777 3374,2718 2000,2730"/>
                <Baseline points="2011,2769 2078,2768 2146,2767 2213,2766 2281,2765 2349,2764 2416,2763 2484,2762 2552,2762 2619,2761 2687,2760 2755,2760 2822,2759 2890,2759 2958,2759 3025,2759 3093,2759 3161,2759 3228,2759 3296,2759 3364,2759"/>
                <TextEquiv>
                    <Unicode>Fußballclubs gegen den Laibacher Sport=] Entlehnungsstu</Unicode>
                </TextEquiv>
            </TextLine>
            <TextLine id="r1l62" custom="readingOrder {index:61;}">
                <Coords points="941,2794 1994,2789 1959,2720 1847,2748 940,2737"/>
                <Baseline points="951,2778 1002,2779 1054,2780 1105,2781 1157,2781 1209,2782 1260,2782 1312,2781 1363,2781 1415,2781 1467,2780 1518,2779 1570,2778 1621,2778 1673,2777 1725,2776 1776,2775 1828,2774 1879,2773 1931,2773 1983,2772"/>
                <TextEquiv>
                    <Unicode>dianten darzustellen hatte und Herr de Grach sprach</Unicode>
                </TextEquiv>
            </TextLine>
            <TextLine id="r1l63" custom="readingOrder {index:62;}">
                <Coords points="2008,2830 3359,2812 3336,2761 2007,2778"/>
                <Baseline points="2018,2820 2084,2818 2151,2817 2217,2816 2284,2815 2350,2815 2417,2814 2483,2814 2550,2813 2616,2813 2683,2812 2750,2812 2816,2812 2883,2811 2949,2811 3016,2810 3082,2809 3149,2808 3215,2807 3282,2806 3349,2805"/>
                <TextEquiv>
                    <Unicode>verein und schlug denselben 7:1. Demnach ist die von 6 Uhr b</Unicode>
                </TextEquiv>
            </TextLine>
            <TextLine id="r1l64" custom="readingOrder {index:63;}">
                <Coords points="930,2831 1294,2862 1996,2839 1995,2790 1958,2779 930,2795"/>
                <Baseline points="941,2835 993,2834 1045,2833 1097,2832 1149,2831 1202,2830 1254,2830 1306,2829 1358,2828 1410,2828 1463,2827 1515,2827 1567,2826 1619,2826 1671,2825 1724,2825 1776,2824 1828,2824 1880,2823 1932,2822 1985,2821"/>
                <TextEquiv>
                    <Unicode>und spielte seinen gottbegnadeten, nervösen Dichter mit</Unicode>
                </TextEquiv>
            </TextLine>
            <TextLine id="r1l65" custom="readingOrder {index:64;}">
                <Coords points="3072,2881 3117,2876 3131,2862 3184,2873 3212,2862 3228,2874 3372,2861 3371,2816 3345,2808 3329,2821 3255,2812 3213,2824 3154,2811 3138,2825 3124,2815 3071,2814"/>
                <Baseline points="3082,2864 3107,2862 3132,2861 3158,2861 3183,2861 3208,2861 3234,2861 3259,2861 3284,2860 3310,2859 3335,2857 3361,2853"/>
                <TextEquiv>
                    <Unicode>(7 Uhr Abend</Unicode>
                </TextEquiv>
            </TextLine>
            <TextLine id="r1l66" custom="readingOrder {index:65;}">
                <Coords points="2021,2876 3070,2884 3069,2827 3012,2813 2020,2827"/>
                <Baseline points="2030,2871 2081,2869 2132,2867 2184,2866 2235,2865 2287,2864 2338,2863 2390,2863 2441,2862 2493,2862 2544,2862 2595,2861 2647,2861 2698,2861 2750,2861 2801,2861 2853,2861 2904,2860 2956,2860 3007,2860 3059,2860"/>
                <TextEquiv>
                    <Unicode>Spielstärke der Marineure eine recht gute, denn die</Unicode>
                </TextEquiv>
            </TextLine>
            <TextLine id="r1l67" custom="readingOrder {index:66;}">
                <Coords points="939,2889 965,2889 1005,2914 1069,2888 1168,2898 1215,2886 1215,2856 1201,2859 1164,2837 1136,2847 1114,2838 1087,2852 1043,2839 1000,2849 970,2841 955,2853 939,2851"/>
                <Baseline points="948,2878 973,2880 999,2881 1024,2881 1050,2881 1076,2881 1101,2881 1127,2881 1152,2882 1178,2882 1204,2883"/>
                <TextEquiv>
                    <Unicode>Verständniß.</Unicode>
                </TextEquiv>
            </TextLine>
            <TextLine id="r1l68" custom="readingOrder {index:67;}">
                <Coords points="3071,2918 3177,2917 3193,2927 3209,2915 3234,2922 3264,2907 3282,2919 3370,2917 3368,2864 3225,2874 3137,2861 3119,2876 3071,2883"/>
                <Baseline points="3081,2910 3106,2910 3131,2910 3157,2910 3182,2910 3207,2910 3233,2910 3258,2909 3283,2908 3309,2906 3334,2905 3360,2903"/>
                <TextEquiv>
                    <Unicode>achtzig Ta</Unicode>
                </TextEquiv>
            </TextLine>
            <TextLine id="r1l69" custom="readingOrder {index:68;}">
                <Coords points="2015,2921 3072,2932 3072,2883 3027,2865 2571,2894 2479,2866 2343,2894 2248,2864 2015,2876"/>
                <Baseline points="2025,2919 2076,2918 2128,2918 2180,2917 2232,2916 2284,2915 2335,2914 2387,2913 2439,2913 2491,2912 2543,2912 2594,2911 2646,2911 2698,2910 2750,2910 2802,2910 2853,2910 2905,2910 2957,2911 3009,2911 3061,2912"/>
                <TextEquiv>
                    <Unicode>Reise von Pola nach Graz, das Spiel in Graz und</Unicode>
                </TextEquiv>
            </TextLine>
            <TextLine id="r1l70" custom="readingOrder {index:69;}">
                <Coords points="1042,2931 2000,2934 1999,2883 1899,2852 1776,2890 1508,2864 1390,2898 1041,2895"/>
                <Baseline points="1051,2931 1097,2931 1144,2931 1191,2931 1238,2931 1285,2931 1332,2930 1379,2930 1426,2929 1473,2928 1520,2927 1566,2926 1613,2925 1660,2924 1707,2923 1754,2923 1801,2922 1848,2921 1895,2921 1942,2921 1989,2920"/>
                <TextEquiv>
                    <Unicode>Unseren Künstlern mit Einschluß der ungenannten</Unicode>
                </TextEquiv>
            </TextLine>
            <TextLine id="r1l71" custom="readingOrder {index:70;}">
                <Coords points="3072,2984 3130,2964 3165,2964 3175,2974 3223,2965 3256,2976 3270,2966 3295,2975 3343,2964 3342,2914 3281,2919 3263,2909 3235,2922 3204,2916 3192,2929 3174,2917 3070,2919"/>
                <Baseline points="3082,2960 3107,2959 3132,2959 3157,2959 3182,2959 3207,2959 3232,2958 3257,2958 3282,2957 3307,2955 3332,2954"/>
                <TextEquiv>
                    <Unicode>platz (7 U</Unicode>
                </TextEquiv>
            </TextLine>
            <TextLine id="r1l72" custom="readingOrder {index:71;}">
                <Coords points="2007,2978 3038,2979 3064,2914 2007,2925"/>
                <Baseline points="2017,2969 2068,2969 2120,2969 2172,2968 2224,2968 2276,2967 2328,2967 2380,2966 2432,2965 2484,2964 2536,2964 2587,2963 2639,2962 2691,2961 2743,2960 2795,2960 2847,2959 2899,2959 2951,2959 3003,2958 3055,2958"/>
                <TextEquiv>
                    <Unicode>Nachts darauf die Reise nach Laibach genügen allein</Unicode>
                </TextEquiv>
            </TextLine>
            <TextLine id="r1l73" custom="readingOrder {index:72;}">
                <Coords points="936,2996 1893,2997 2001,2979 2000,2931 935,2953"/>
                <Baseline points="945,2984 997,2984 1049,2983 1101,2982 1154,2982 1206,2981 1258,2981 1311,2981 1363,2980 1415,2980 1468,2979 1520,2979 1572,2979 1624,2978 1677,2977 1729,2977 1781,2976 1834,2974 1886,2973 1938,2971 1991,2970"/>
                <TextEquiv>
                    <Unicode>Darsteller der kleineren Rollen gebührt ihr Antheil an</Unicode>
                </TextEquiv>
            </TextLine>
            <TextLine id="r1l74" custom="readingOrder {index:73;}">
                <Coords points="3081,3021 3104,3023 3118,3012 3138,3028 3197,3011 3215,3025 3282,3014 3347,3024 3367,3015 3367,2965 3348,2971 3318,2963 3296,2976 3223,2964 3174,2973 3158,2963 3150,2971 3125,2966 3099,2982 3081,2978"/>
                <Baseline points="3091,3008 3117,3010 3144,3010 3170,3010 3197,3009 3224,3009 3250,3008 3277,3007 3303,3007 3330,3007 3357,3008"/>
                <TextEquiv>
                    <Unicode>„Die Frau mi</Unicode>
                </TextEquiv>
            </TextLine>
            <TextLine id="r1l75" custom="readingOrder {index:74;}">
                <Coords points="2009,3031 2681,3036 2922,3009 2818,2967 2634,2984 2512,2958 2135,2997 2009,2976"/>
                <Baseline points="2019,3018 2063,3018 2108,3018 2152,3017 2197,3017 2242,3016 2286,3016 2331,3015 2376,3014 2420,3014 2465,3013 2510,3013 2554,3012 2599,3012 2644,3012 2688,3011 2733,3011 2778,3011 2822,3010 2867,3010 2912,3010"/>
                <TextEquiv>
                    <Unicode>schon, um sonst kräftige Naturen zu ermüden.</Unicode>
                </TextEquiv>
            </TextLine>
            <TextLine id="r1l76" custom="readingOrder {index:75;}">
                <Coords points="934,3038 1944,3043 1993,3038 1992,2982 933,2998"/>
                <Baseline points="943,3031 995,3031 1047,3031 1099,3031 1151,3032 1203,3032 1255,3032 1307,3031 1359,3031 1411,3031 1463,3030 1515,3030 1567,3029 1619,3028 1671,3028 1723,3027 1775,3026 1827,3025 1879,3023 1931,3022 1983,3020"/>
                <TextEquiv>
                    <Unicode>dem lebhaften selbst nach dem Spitals=Dramolet nicht</Unicode>
                </TextEquiv>
            </TextLine>
            <TextLine id="r1l77" custom="readingOrder {index:76;}">
                <Coords points="3106,3056 3124,3056 3144,3073 3156,3065 3309,3071 3325,3060 3355,3066 3354,3021 3285,3014 3227,3025 3202,3014 3166,3014 3150,3029 3105,3034"/>
                <Baseline points="3115,3058 3140,3058 3166,3058 3191,3058 3217,3057 3242,3057 3268,3056 3293,3055 3319,3055 3345,3055"/>
                <TextEquiv>
                    <Unicode>„Litergtur“,</Unicode>
                </TextEquiv>
            </TextLine>
            <TextLine id="r1l78" custom="readingOrder {index:77;}">
                <Coords points="2143,3074 3066,3083 3066,3020 2211,3016 2143,3039"/>
                <Baseline points="2153,3069 2198,3069 2243,3069 2288,3069 2333,3068 2379,3068 2424,3067 2469,3067 2514,3066 2559,3066 2605,3065 2650,3064 2695,3064 2740,3063 2785,3063 2831,3062 2876,3062 2921,3061 2966,3061 3011,3060 3057,3060"/>
                <TextEquiv>
                    <Unicode>(Vom Theater.) Zur morgigen Meister¬</Unicode>
                </TextEquiv>
            </TextLine>
            <TextLine id="r1l79" custom="readingOrder {index:78;}">
                <Coords points="938,3082 1797,3101 2003,3077 2003,3031 938,3045"/>
                <Baseline points="948,3082 1000,3082 1052,3082 1104,3082 1157,3082 1209,3082 1261,3082 1313,3082 1366,3081 1418,3081 1470,3080 1522,3079 1575,3078 1627,3077 1679,3076 1731,3075 1784,3074 1836,3073 1888,3071 1940,3069 1993,3068"/>
                <TextEquiv>
                    <Unicode>verstummenden Beifall, mit dem Schnitzier's Miniaturen</Unicode>
                </TextEquiv>
            </TextLine>
            <TextLine id="r1l80" custom="readingOrder {index:79;}">
                <Coords points="3069,3108 3090,3117 3110,3108 3163,3120 3258,3112 3303,3118 3325,3100 3339,3100 3339,3071 3213,3065 3203,3074 3169,3066 3144,3074 3124,3056 3091,3070 3069,3066"/>
                <Baseline points="3080,3106 3107,3108 3135,3110 3162,3110 3190,3110 3217,3110 3245,3109 3272,3109 3300,3108 3328,3106"/>
                <TextEquiv>
                    <Unicode>Nachmittags</Unicode>
                </TextEquiv>
            </TextLine>
            <TextLine id="r1l81" custom="readingOrder {index:80;}">
                <Coords points="2011,3129 3072,3127 3039,3069 2886,3060 2010,3075"/>
                <Baseline points="2021,3121 2073,3120 2125,3119 2177,3119 2229,3118 2281,3117 2333,3115 2385,3114 2437,3113 2489,3113 2541,3112 2593,3111 2645,3110 2697,3110 2749,3109 2801,3109 2853,3109 2905,3109 2957,3110 3009,3111 3062,3112"/>
                <TextEquiv>
                    <Unicode>singer=Vorstellung sind Blockkarten und Ermäßigungen</Unicode>
                </TextEquiv>
            </TextLine>
            <TextLine id="r1l82" custom="readingOrder {index:81;}">
                <Coords points="940,3144 1995,3136 1994,3083 1940,3076 1792,3105 940,3100"/>
                <Baseline points="951,3130 1002,3132 1054,3133 1106,3134 1157,3134 1209,3134 1261,3134 1312,3133 1364,3132 1416,3131 1468,3130 1519,3129 1571,3127 1623,3126 1674,3124 1726,3123 1778,3122 1829,3121 1881,3121 1933,3120 1985,3120"/>
                <TextEquiv>
                    <Unicode>aufgenommen wurden, die jedenfalls, man mag über</Unicode>
                </TextEquiv>
            </TextLine>
            <TextLine id="r1l83" custom="readingOrder {index:82;}">
                <Coords points="3078,3171 3106,3161 3135,3171 3204,3164 3242,3174 3255,3164 3265,3174 3299,3166 3350,3172 3372,3164 3372,3115 3348,3117 3333,3105 3303,3117 3163,3120 3110,3110 3078,3118"/>
                <Baseline points="3089,3154 3116,3157 3143,3158 3171,3158 3198,3158 3226,3157 3253,3156 3280,3156 3308,3155 3335,3156 3363,3158"/>
                <TextEquiv>
                    <Unicode>Cinéma=Theät</Unicode>
                </TextEquiv>
            </TextLine>
            <TextLine id="r1l84" custom="readingOrder {index:83;}">
                <Coords points="2012,3180 2040,3179 2051,3189 2075,3182 2089,3196 2137,3177 2162,3192 2204,3171 2237,3186 2286,3185 2285,3146 2271,3149 2248,3131 2217,3126 2153,3138 2140,3128 2086,3139 2063,3130 2049,3140 2029,3125 2010,3129"/>
                <Baseline points="2021,3170 2046,3170 2071,3170 2097,3170 2122,3169 2148,3169 2173,3168 2198,3167 2224,3166 2249,3165 2275,3163"/>
                <TextEquiv>
                    <Unicode>nicht giltig.</Unicode>
                </TextEquiv>
            </TextLine>
            <TextLine id="r1l85" custom="readingOrder {index:84;}">
                <Coords points="947,3187 1142,3212 1203,3185 2000,3180 1999,3136 1898,3129 947,3159"/>
                <Baseline points="957,3183 1008,3183 1060,3183 1111,3183 1163,3182 1215,3182 1266,3182 1318,3181 1369,3180 1421,3180 1473,3179 1524,3179 1576,3178 1627,3177 1679,3177 1731,3176 1782,3175 1834,3175 1885,3174 1937,3174 1989,3173"/>
                <TextEquiv>
                    <Unicode>ihren Gehalt denken wie man will, in der Farben¬</Unicode>
                </TextEquiv>
            </TextLine>
            <TextLine id="r1l86" custom="readingOrder {index:85;}">
                <Coords points="3069,3203 3146,3224 3162,3216 3189,3222 3205,3210 3219,3222 3272,3212 3288,3221 3296,3212 3335,3207 3335,3180 3315,3182 3288,3168 3207,3165 3195,3172 3104,3161 3087,3175 3069,3175"/>
                <Baseline points="3080,3205 3107,3205 3134,3205 3161,3206 3188,3205 3215,3205 3242,3205 3269,3205 3296,3206 3324,3207"/>
                <TextEquiv>
                    <Unicode>Vorstellung.</Unicode>
                </TextEquiv>
            </TextLine>
            <TextLine id="r1l87" custom="readingOrder {index:86;}">
                <Coords points="2152,3220 3055,3224 3067,3175 2797,3154 2604,3183 2486,3157 2152,3186"/>
                <Baseline points="2163,3216 2207,3216 2252,3215 2297,3215 2341,3214 2386,3214 2431,3213 2475,3213 2520,3212 2565,3212 2610,3211 2654,3211 2699,3210 2744,3210 2788,3209 2833,3209 2878,3208 2922,3208 2967,3207 3012,3207 3057,3206"/>
                <TextEquiv>
                    <Unicode>(Grazer Orpheum.) Der neue Spielplan, der</Unicode>
                </TextEquiv>
            </TextLine>
            <TextLine id="r1l88" custom="readingOrder {index:87;}">
                <Coords points="938,3237 1630,3263 1800,3223 1977,3242 2002,3180 937,3199"/>
                <Baseline points="947,3233 999,3233 1051,3233 1103,3233 1156,3234 1208,3234 1260,3233 1312,3233 1365,3233 1417,3233 1469,3232 1521,3232 1574,3231 1626,3231 1678,3230 1730,3229 1783,3228 1835,3226 1887,3225 1939,3224 1992,3222"/>
                <TextEquiv>
                    <Unicode>wirkung und der Zeichnung der Figuren die Hand</Unicode>
                </TextEquiv>
            </TextLine>
            <TextLine id="r1l89" custom="readingOrder {index:88;}">
                <Coords points="1844,3275 3383,3281 3351,3211 1844,3230"/>
                <Baseline points="1854,3281 1929,3278 2005,3275 2081,3272 2157,3270 2233,3268 2309,3267 2385,3265 2461,3264 2537,3263 2613,3262 2688,3261 2764,3261 2840,3260 2916,3259 2992,3258 3068,3258 3144,3257 3220,3256 3296,3254 3372,3253"/>
                <TextEquiv>
                    <Unicode>St. gestern begonnen wurde, erfuhr eine sehr freundliche mannshaus</Unicode>
                </TextEquiv>
            </TextLine>
            <TextLine id="r1l90" custom="readingOrder {index:89;}">
                <Coords points="934,3284 1009,3322 1033,3307 1224,3320 1303,3291 1427,3315 1473,3308 1473,3259 1378,3240 1077,3254 988,3241 933,3267"/>
                <Baseline points="943,3285 969,3286 995,3286 1021,3286 1047,3286 1073,3286 1099,3286 1125,3286 1151,3285 1177,3285 1203,3285 1229,3284 1255,3284 1281,3284 1307,3283 1333,3283 1359,3283 1385,3283 1411,3283 1437,3283 1464,3284"/>
                <TextEquiv>
                    <Unicode>eines Meisters verrathen.</Unicode>
                </TextEquiv>
            </TextLine>
            <TextEquiv>
                <Unicode>box 21/3
16.1. Lebendige Stunden zuklus
100 — 
schen Geschick predigt. Das deutsche Drama hat von 
Dettelbach, Tochter des Herrn Commerzialrathes Jungserngasse
ihm noch Größeres zu erwarten.
9 Uhr Abends
Hans Dettelbach, statt.
Für unser Schauspielhaus bilden die „Lebendigen
(täglich von 10
(Todesfälle.) Gestern Abends verschied die
Stunden“ — warum alle vier Stücke diesen Gesammt¬
tags): Ständi
Private Fräulein Elise v. Dükhausen im Alter von
titel führen, weiß Niemand — ein glänzendes Ruhmes¬
Kunstgewerber
92 Jahren. — In St. Peter im Hause Nr. 166 ist
blatt. Herr Haid, der verdienstvolle Spielleiter, schuf
9 Uhr Vorm
gestern um 8 Uhr Abends die Finanz=Landes=Offieials¬
in dem Anton Kausdorfer und dem sterbenden Journa¬
Kunstgen
Witwe und gewesene Hausbesitzerin Frau Therese
listen zwei lebensvoll gezeichnete Charaktergestalten,
bis 4 Uhr
Swobada im 89. Lebensjahre gestorben.
denen man schon einmal im Leben begegnet zu sein
Steiermär
(Bürgerrecht.) In der gestrigen vertraulichen
glaubt. Fräulein Sussin hatte — ganz ihr Fall —
berggasse 2: J
Gemeinderathssitzung wurde dem Herrn Heinrich
zwei „complicirie“ Frauentyven, die Pauline und die
tagen von 10 1
Hasenlechner, Mühlen= und Sägebesitzer, über sein
Margarethe, darzustellen, wovon die letztere ihrem Geiste
von 4 Uhr Na
Ansuchen das Bürgerrecht der Stadt Graz verliehen.
und ihrem Humor weiten Spielraum bot. In beiden
und Feiertagen
(Die Bürgermeisterwahl in Marburg)
Rollen hatte sie an Herrn Mehnert einen eben¬
Mittags. —
findet heute um 3 Uhr Nachmittags, stati.
bürtigen Partner. In der „Literatur“ gesellte sich als
Stempfergasse
(Fußballsport.) Am Östersonntag svielte
ausgezeichneter Dritter hinzu Herr Marr, der dem
Volkshibli
der Cillier Sportverein gegen den Laibacher
vom Dichter mit viel Humor bedachten Schriftsteller
Uhr Vorm.
3
Sportverein. Das Ergebniß (0:0 beweist, daß
Gilbert eine seiner frappanten Masken verlieh. Als
Nachmittags
die Mannschaften einander ebenbürtig sind. — Tags
guter Schauspieler erwies sich gestern auch Herr Felix,
darauf spielte in Laibach die Mannschaft des Marine= Volksbüche
der einen alten Gärtner und den lungenkranken Komö¬
Fußballclubs gegen den Laibacher Sport=] Entlehnungsstu
dianten darzustellen hatte und Herr de Grach sprach
verein und schlug denselben 7:1. Demnach ist die von 6 Uhr b
und spielte seinen gottbegnadeten, nervösen Dichter mit
(7 Uhr Abend
Spielstärke der Marineure eine recht gute, denn die
Verständniß.
achtzig Ta
Reise von Pola nach Graz, das Spiel in Graz und
Unseren Künstlern mit Einschluß der ungenannten
platz (7 U
Nachts darauf die Reise nach Laibach genügen allein
Darsteller der kleineren Rollen gebührt ihr Antheil an
„Die Frau mi
schon, um sonst kräftige Naturen zu ermüden.
dem lebhaften selbst nach dem Spitals=Dramolet nicht
„Litergtur“,
(Vom Theater.) Zur morgigen Meister¬
verstummenden Beifall, mit dem Schnitzier's Miniaturen
Nachmittags
singer=Vorstellung sind Blockkarten und Ermäßigungen
aufgenommen wurden, die jedenfalls, man mag über
Cinéma=Theät
nicht giltig.
ihren Gehalt denken wie man will, in der Farben¬
Vorstellung.
(Grazer Orpheum.) Der neue Spielplan, der
wirkung und der Zeichnung der Figuren die Hand
St. gestern begonnen wurde, erfuhr eine sehr freundliche mannshaus
eines Meisters verrathen.</Unicode>
            </TextEquiv>
        </TextRegion>
    </Page>
</PcGts>
