3484 4256
2067 124 2519 231 box 21/2
247 123 1926 245 16.1. Lebendige Stunden zyklus
156 538 372 742 dsch,
146 709 337 801 u für 4
142 788 443 883 tte und Verlag
142 850 435 920 lichen Revue.
149 903 439 986 uststr. 87 p
430 907 546 995 art.
186 964 262 1041 No.
1860 1659 3092 1733 teren in eine fortschrittlich=liberale Partei wurde Danew am 13. De¬
1873 1720 3093 1779 zember 1900 zum Chef derselben gewählt. Der neue Finanzminister
1873 1806 3112 1873 auf ihn zu und ersticht ihn mit dem Dolche, der nun als Motiv für
659 1818 1876 1878 ldur des schmerzliche Erlebniß, ihn in seinem Idyll zur Zeit der
124 1836 251 1922 on.
1877 1849 3112 1919 die Vollendung des Bildes dient. Hierauf verändert sich wiederum
662 1872 1886 1939 letzten chönen Herbsttage aufsucht. Er hat die Freude am literari¬
1869 1889 3108 1945 die Scenerie zu der Galerie, in der wir uns zu Anfang des Stückes
678 1908 1887 1968 schen Schaffen verloren und sucht sich durch neue Eindrücke geistig
1884 1946 3112 1995 befanden. Die Frau erwacht aus ihrem Traum, dessen Zeuge wir
679 1937 1885 2002 wieder aufzuraffen, ohne in diesem Seelenzustande von dem alten
117 1940 307 2007 eater.
1889 1984 3101 2032 waren, und fühlt jetzt aus der Seele der Renaissance heraus, daß sie
113 1993 1884 2049 Denen Arthur Schnitzler Freunde seiner Familie verstanden zu werden. Während Dieser sich
1876 2018 3119 2070 ein Recht besitze, dem Manne anzugehören, den sie liebt. Schnitzler
130 2026 1893 2086 tundenn in seiner Trauer verliert, erwartet Jener von der Arbeit und
1886 2050 3113 2113 hat es mit nicht gewöhnlicher Kunst verstanden, zwei ganz verschie¬
680 2064 1882 2119 der künstlerischen Ausgestaltung seines Wehs den einzigen Trost.
121 2064 702 2148 eites Gebiet von Stoffen und
1880 2089 3122 2152 dene Weltanschauungen gegen einander zu halten. Der Uebergang
679 2109 1899 2160 Eine solche Auffassung vom Leben verletzt den Beamten und in dieser
117 2107 691 2177 „Liebelei“ fühlt sich dabei als
1878 2121 3106 2193 aus dem modernen Konversationston in die gehobene Verssprache
122 2146 1897 2201 Et aus einer Stimmung in die Stimmung theilt er den Inhalt eines nur für ihn bestimmten Briefes
1883 2177 3107 2225 der Italiener, aus dem heutigen Alltagskostüm in die bunten Pracht¬
120 2182 1902 2250 önlichleit nicht verliert. Mit dem Schriftsteller mit, woraus hervorgeht, daß dessen Mutter ihrem
1882 2219 3109 2271 gewänder des Cinquecento, aus der Rücksichtnahme auf unsere bür¬
118 2232 1882 2281 kroblem des modernen Seelen= Leben voll Qualen und Leiden selbst ein Ende gemacht hat, um ihren
1878 2240 3117 2303 gerliche Ordnung in das leidenschaftliche Begehren jener Zeit übt
686 2255 1895 2315 Sohn von dem Druck ihres langsamen Sterbens zu befreien. Im
122 2249 692 2324 En, die durch ein gemeinsames
1887 2292 3111 2344 einen ungemein packenden Eindruck aus. Während der wirkliche
119 2307 1890 2365 en sind, den Unterschied ihres Gespräch über diese traurigen Begebe heiten erkennen die beiden
1879 2336 3110 2381 Vorgang sich auf einer kurzen Dekoration unmittelbar vor der Büh¬
118 2338 1893 2406 n. um wehmuthsvoll getrennte) Männer, was sie von einander trennt, und während der Alte unter
1883 2357 3121 2426 nenrampe abspielt, geht der Traum hinter einer Gardine von dün¬
121 2387 1892 2443 interessant durchgeführte Pa=den entlaubten Bäumen vor seinen Häuschen an seinen Lebensabend
1883 2398 3118 2469 ner durchscheinender Gaze in einem tiefen Prunkatelier vor sich. Der
683 2423 1885 2473 denkt, zieht es den Jungen zum Glauben an die Gegenwart und
111 2428 692 2494 gsweise, die durch allerlei Be¬
1894 2448 3118 2511 Vorgang ist als Ganzes fast zu zart für den Realismus der Bühne
690 2444 1888 2509 zur geistigen Arbeit hinaus. Dies Problem wird in der Art eines
120 2466 694 2521 den großen Leidenschaften der
1892 2469 3116 2543 und der Uebergang aus einer Zeit in die andere verzögert sich leider
684 2498 1893 2547 Präludiums behandelt, das interessirt, ohne voll zu wirken, und den
133 2500 695 2563 Traumbild die Entscheidung
1889 2514 3124 2581 mehrere Minuten, da die Darsteller ihre Kostüme wechseln müssen.
128 2534 1895 2607 nz in sein Heimathgebiet zurück Zweck verfolgt, auf Späteres vorzubereiten. Kräftiger ist das zweite
1882 2559 3128 2625 Aber die Sinnenwirkung des Stückes mit dem Sprung über Jahr¬
683 2563 1885 2639 Schauspiel „Die Frau mit dem Dolche“ angelegt, das Wirklichkeit
136 2569 702 2640 , in der hm sein erster Erfolg
1884 2600 3130 2659 hunderte und in eine ganz andere Anschauung und Gefühlswelt in
696 2614 1897 2669 und Traum in eigenartiger Weise zusammenbringt und sich auf
110 2617 699 2684 Doktor der Heilkunde und Sohn
1891 2643 3130 2721 ähnlicher Situation ist von einem Reiz, dem sich feiner gestimmte
696 2651 1894 2706 einem fesselnden phantastischen Hintergrunde abspielt. Eine junge
108 2664 704 2722 naustadt erinnert er sich seiner
1881 2687 2517 2758 Zuschauer nicht entziehen können.
691 2679 1889 2755 Frau hat ihrem Verehrer in einer Gemäldegalerie ein Stelldichein
111 2702 699 2756 Ern und verwerthet sie zu einer
1966 2710 3127 2781 Die Empfindungen, die in den beiden folgenden Stücken aus¬
686 2740 1899 2788 bewilligt und erklärt ihm, daß sie ihn leidenschaftlich liebe. Sie
119 2746 696 2803 kgischem Ernst und komödianten¬
1884 2752 3130 2827 gelöst werden, sind von allen mystischen und schwer zu deutenden Be¬
696 2771 1894 2829 habe jedoch ihrem Mann die Gefahr, in der sie sich befinde, ehrlich
124 2774 701 2833 köstliche Satire auf unverstan¬
1894 2808 3122 2857 standtheilen frei. In den „letzten Masken“ erleben wir in
685 2814 1887 2861 eingestanden und Beide seien entschlossen, zur Heilung ihrer Wunde
119 2815 704 2878 nerthum an uns vorüberziehen.
1893 2851 3124 2903 einem Wiener Krankenhaus das Ende eines alten Journalisten, der
694 2844 1889 2907 sofort nach dem Süden abzureisen. Die Begegnung spielt sich vor
108 2861 707 2909 ührungen mit Kunst und Poesie
1886 2880 3132 2947 an die Verwirklichung seiner hoffnungslosen dichterischen Pläne
691 2885 1896 2941 einem alten Gemälde ab, auf dem ein italienischer Meister aus dem
120 2899 698 2952 cht in die Eitelkeit des berühm¬
1889 2928 3121 2969 noch jetzt glaubt und von dem brennenden Wunsch erfüllt ist, vor
693 2903 1891 2981 sechzehnten Jahrhundert eine Frau darstellt, wie sie mit einem Dolch
104 2937 693 3001 le der Ironie selbst verherrlicht,
1884 2968 3127 3026 seinem Tode einen zu Ruhm und Geld gekommenen Dichter, den er
701 2963 1892 3018 in der Hand auf die Leiche eines von ihr getödteten jungen Mannes
117 2982 694 3037 Eist oder greift zu vernichtendem
1894 3000 3129 3058 für seinen Gegner hält, zu sehen, um ihm seine Verachtung und
698 3013 1896 3058 herniederschaut. Mit dem Gesichtsausdruck und dem lang wallen¬
110 3012 695 3082 Buschauer ein vielfaches Gemisch
1899 3023 3130 3105 seinen Haß ins Antlitz zu schleudern. Bevor der Erwartete kommt,
689 3047 1899 3096 den blonden Haar gleicht das Bildniß der Dame, die ihrem Freunde
116 3062 697 3108 wirklicher Dichter und Künstler
1894 3087 3129 3132 übernimmt dessen Rolle ein schwindsüchtiger Schauspieler, der eben¬
688 3089 1894 3137 ihr Herzensgeheimniß und die Nothwendigkeit der Entsagung soeben
113 3092 705 3155 m und Gestaltungskraft, über
1898 3120 3126 3176 falls einem baldigen Tode geweiht ist, aber bei dem Gedanken an
690 3101 1903 3175 bekannt hat. Wie sie das Gemälde vor Augen hat, schwinden ihr
120 3131 701 3193 Der gemeinsame Titel, den
1893 3151 3121 3218 seine Genesung zu allerhand Schnurren aufgelegt ist. Er lenkt den
688 3147 1891 3215 die Sinne und sie lehnt sich ohnmächtig an ihren Begleiter. In die¬
125 3162 703 3236 hat und der auf das erste von
1886 3188 3125 3258 Sturm der Entrüstung, den der alte Journalist nicht mehr zurück¬
687 3196 1897 3259 sem Augenblick verdunkelt sich die Scene und nach wenigen Minuten
116 3210 705 3279 ird, verlangt keine tiefere Aus¬
1895 3231 3130 3290 halten kann, auf sich ab, so daß innerhalb der Possenreißerei, die er
689 3237 1902 3292 erblicken wir auf der Bühne einen Auftritt aus der Zeit der italieni¬
116 3244 701 3309 res Band, das um diese Gruppe
1895 3275 3134 3338 anstellt, das tragische Schicksal dieses Mannes vor uns lebendig wird.
701 3280 1899 3333 schen Renaissance. Wir sind im Atelier des Malers, der seine Frau
119 3289 712 3350 keigern sich in der Wirkung vor¬
1894 3313 3129 3372 Endlich erscheint der gefeierte Dichter wirklich vor dem Bett des
684 3318 1904 3388 fast genau so wie auf dem Bilde in der Galerie portraitirt hat,
122 3324 659 3394 fgaben für die Schauspieler.
1888 3348 3119 3411 Sterbenden, der ihn zu sich rufen ließ, und überschüttet ihn mit so
699 3355 1901 3407 ohne doch das Letzte in der Haltung und Charakteristik bereits ge¬
132 3354 706 3420 Wienerthum in diesen kleinen
1890 3393 3130 3453 viel geschwollenen und süßen Redensarten, spricht so unaufhörlich
697 3390 1906 3448 funden zu haben. Die Gemahlin des Künstlers hat in dessen Ab¬
136 3410 698 3465 i der Darstellung im Deutschen
1891 3416 3126 3490 von sich und seiner Bedeutung, daß der Andere gar nicht sagen
689 3430 1895 3482 wesenheit die Nacht mit einem Fremden zugebracht, den sie glühend
117 3450 706 3499 n Publikum zum Ausdruck kom¬
1896 3470 3135 3540 kann, was er kurz vor seiner Todesstunde eigentlich auf dem Herzen
695 3470 1901 3525 liebt, und zögert keinen Augenblick, ihrem Gatten beim dämmernden
115 3484 700 3542 n, der Wunsch, sich selbst anzu¬
1896 3507 3127 3555 hat. Das Leben im Krankenhaus mit der geschäftigen Gleichgiltig¬
692 3498 1894 3561 Morgen das Vorgefallene zu betennen. Der Liebhaber verlangt von
111 3512 703 3581 en in die eigene Kraft treten in
1890 3550 3132 3602 keit der Aerzte und der Fürsorge der Wärterin ist mit wenigen
697 3554 1895 3603 dem Eheherrn, daß dieser ihn tödte, aber der Maler wendet sich ver¬
121 3570 698 3614 in so verschiedenen Situationen
1898 3577 3133 3646 Strichen vorzüglich charakterisirt. Die beiden Todeskandidaten, von
693 3585 1906 3647 ächtlich von ihm wie von seinem Weibe ab, das ihm etwas Fremdes
117 3581 712 3681 en Schauspiel, das den Sonder¬
1897 3629 3129 3674 denen der Eine noch immer die viel zu hohe Rechnung seines Lebens
705 3610 1903 3680 und Gleichgiltiges geworden ist. Der Schänder seiner Ehre wird aber
151 3630 713 3698 führt, befinden wir uns in
1895 3670 3119 3723 aufstellt und der Andere in lustigen Grimassen seine Umgebung ver¬
701 3663 1903 3718 immer dringlicher und fordert wiederholt den Tod von der Hand des
117 3675 712 3734 nirter Beamter in seinem Gärt¬
1897 3708 3129 3768 spottet, rufen zugleich tragische und komische Empfindungen hervor.
696 3694 1898 3759 Betrogenen. Er droht, ihn zum Vollzug der Rache durch einen
117 3720 709 3771 ungen über den Tod einer Frau
1899 3744 3127 3800 Eine Meisterleistung Schnitzlers ist aber der berühmte Dichter, der
696 3744 1905 3801 öffentlichen Schimpf zwingen zu wollen. Er werde, ruft er im Wahn¬
122 3761 711 3816 der Verehrung war. Der So'n
119 3798 3129 3846 ichter, der auf seinen eigenen sinn seiner Leidenschaft aus, das Geheimniß dieser Nacht verrathen, mit seiner Unsterblichkeit posirt und daneben über die Ungerechtigkeit
123 3846 3129 3909 fremdet war und, tief erschütertl so lange er lebe. In diesem Augenblick stürzt die Frau des Malers der Welt klagt, denn während er vor zehn Jahren ein Führer der
