<?xml version="1.0" encoding="UTF-8" standalone="yes"?>
<PcGts xmlns="http://schema.primaresearch.org/PAGE/gts/pagecontent/2013-07-15" xmlns:xsi="http://www.w3.org/2001/XMLSchema-instance" xsi:schemaLocation="http://schema.primaresearch.org/PAGE/gts/pagecontent/2013-07-15 http://schema.primaresearch.org/PAGE/gts/pagecontent/2013-07-15/pagecontent.xsd">
    <Metadata>
        <Creator>prov=University of Rostock/Institute of Mathematics/CITlab/Gundram Leifert/gundram.leifert@uni-rostock.de:name=ONB_Newseye_GT_M1+(htr_id=10810)::::v=2.4.2
prov=University of Rostock/Institute of Mathematics/CITlab/Tobias Gruening/tobias.gruening@uni-rostock.de:name=de.uros.citlab.module.baseline2polygon.B2PSeamMultiOriented:v=2.4.2
prov=University of Rostock/Institute of Mathematics/CITlab/Tobias Gruening/tobias.gruening@uni-rostock.de:name=/mnt/transkribus/LA/DEA/URO/LA_news_onb_att.pb:de.uros.citlab.segmentation.CITlab_LA_ML:v=2.4.2
Transkribus</Creator>
        <Created>2019-10-07T11:33:58.516+02:00</Created>
        <LastChange>2019-10-08T13:35:01.172+02:00</LastChange>
        <TranskribusMetadata docId="223975" pageId="9500616" pageNr="138" tsid="16582168" status="IN_PROGRESS" userId="40391" imgUrl="https://files.transkribus.eu/Get?id=ETVBDKNYFEDYDKADAIRHRTBI&amp;fileType=view" xmlUrl="https://files.transkribus.eu/Get?id=OEJETQRYWYZBPMDPREOJEKZC" imageId="6190838"/>
    </Metadata>
    <Page imageFilename="223975_0138.jpeg" imageWidth="3484" imageHeight="4256">
        <ReadingOrder>
            <OrderedGroup id="ro_1711449726399" caption="Regions reading order">
                <RegionRefIndexed index="0" regionRef="r1"/>
            </OrderedGroup>
        </ReadingOrder>
        <TextRegion orientation="0.0" id="r1" custom="readingOrder {index:0;}">
            <Coords points="358,206 358,4219 2852,4219 2852,206"/>
            <TextLine id="r1l1" custom="readingOrder {index:0;}">
                <Coords points="346,248 2045,276 1869,185 1572,244 1429,182 347,167"/>
                <Baseline points="358,229 441,235 525,241 609,245 693,249 776,252 860,254 944,256 1028,257 1111,258 1195,258 1279,258 1363,259 1446,259 1530,260 1614,261 1698,262 1781,264 1865,266 1949,269 2033,273"/>
                <TextEquiv>
                    <Unicode>16.1. Lebendige Stunden zyklus</Unicode>
                </TextEquiv>
            </TextLine>
            <TextLine id="r1l2" custom="readingOrder {index:1;}">
                <Coords points="2164,280 2245,272 2304,287 2368,262 2479,291 2531,273 2607,282 2609,196 2538,207 2370,184 2329,210 2247,205 2223,186 2166,190"/>
                <Baseline points="2176,251 2202,252 2228,252 2254,253 2281,254 2307,255 2333,256 2359,256 2386,257 2412,258 2438,259 2464,259 2491,259 2517,259 2543,259 2569,259 2596,258"/>
                <TextEquiv>
                    <Unicode>box 21/2</Unicode>
                </TextEquiv>
            </TextLine>
            <TextLine id="r1l3" custom="readingOrder {index:2;}">
                <Coords points="1115,659 1138,650 1168,667 1479,639 1518,627 1515,584 1428,596 1235,586 1204,610 1157,585 1110,600"/>
                <Baseline points="1126,660 1151,658 1176,656 1202,654 1227,652 1253,650 1278,648 1303,646 1329,644 1354,641 1380,640 1405,638 1430,636 1456,635 1481,634 1507,633"/>
                <TextEquiv>
                    <Unicode>Telefon 12801.</Unicode>
                </TextEquiv>
            </TextLine>
            <TextLine id="r1l4" custom="readingOrder {index:3;}">
                <Coords points="643,800 1877,725 2001,681 1998,643 1538,656 1426,702 853,727 642,778"/>
                <Baseline points="655,804 721,798 788,791 855,785 922,779 989,773 1055,768 1122,762 1189,756 1256,751 1323,745 1389,740 1456,734 1523,729 1590,723 1657,718 1723,711 1790,705 1857,699 1924,693 1991,686"/>
                <TextEquiv>
                    <Unicode>Alex. Weigl's Unternehmen für Zeitungs-Ausschnitte</Unicode>
                </TextEquiv>
            </TextLine>
            <TextLine id="r1l5" custom="readingOrder {index:4;}">
                <Coords points="1672,764 1688,758 1713,771 1734,772 1755,761 1780,780 1798,762 1815,765 1844,742 1860,741 1858,710 1837,716 1824,705 1789,713 1784,708 1775,719 1734,729 1700,720 1669,727"/>
                <Baseline points="1683,763 1710,762 1738,760 1766,758 1793,756 1821,753 1849,751"/>
                <TextEquiv>
                    <Unicode>Ausschaltt</Unicode>
                </TextEquiv>
            </TextLine>
            <TextLine id="r1l6" custom="readingOrder {index:5;}">
                <Coords points="1000,898 1052,920 1383,868 1449,894 1604,852 1859,860 2023,804 2020,764 1947,743 1832,789 1747,762 1597,818 1426,796 1237,857 1072,818 997,855"/>
                <Baseline points="1013,900 1062,894 1112,888 1162,883 1212,878 1262,873 1312,869 1362,865 1412,861 1462,858 1512,854 1561,850 1611,846 1661,842 1711,839 1761,835 1811,830 1861,826 1911,822 1961,817 2011,811"/>
                <TextEquiv>
                    <Unicode>„Oosekven N 38</Unicode>
                </TextEquiv>
            </TextLine>
            <TextLine id="r1l7" custom="readingOrder {index:6;}">
                <Coords points="591,1014 2071,911 2020,841 1675,852 588,974"/>
                <Baseline points="602,1009 674,1002 747,995 820,988 893,982 965,976 1038,970 1111,964 1184,958 1256,953 1329,948 1402,942 1475,936 1547,931 1620,926 1693,920 1766,914 1838,908 1911,902 1984,896 2057,890"/>
                <TextEquiv>
                    <Unicode>I. österr. behördl. conc. Bureau für Zeitungsberichte u. Personalnachrichten</Unicode>
                </TextEquiv>
            </TextLine>
            <TextLine id="r1l8" custom="readingOrder {index:7;}">
                <Coords points="795,1094 1929,996 1924,932 789,1023"/>
                <Baseline points="804,1070 859,1066 915,1062 970,1058 1026,1053 1082,1048 1137,1043 1193,1038 1248,1032 1304,1027 1360,1022 1415,1017 1471,1012 1526,1007 1582,1002 1638,998 1693,994 1749,990 1804,988 1860,985 1916,983"/>
                <TextEquiv>
                    <Unicode>Wien, IX/, Türkenstrasse 17.</Unicode>
                </TextEquiv>
            </TextLine>
            <TextLine id="r1l9" custom="readingOrder {index:8;}">
                <Coords points="1020,1139 1375,1128 1615,1091 1653,1066 1722,1072 1717,1018 1586,1042 1501,1023 1440,1058 1282,1039 1249,1066 1015,1085"/>
                <Baseline points="1031,1125 1066,1122 1102,1119 1138,1116 1173,1113 1209,1110 1245,1107 1281,1105 1316,1101 1352,1098 1388,1095 1424,1092 1459,1089 1495,1085 1531,1081 1567,1078 1602,1074 1638,1069 1674,1065 1710,1060"/>
                <TextEquiv>
                    <Unicode> Piiale in Budapest: „Pigreis“ —</Unicode>
                </TextEquiv>
            </TextLine>
            <TextLine id="r1l10" custom="readingOrder {index:9;}">
                <Coords points="635,1234 2089,1127 2082,1049 1956,1045 631,1189"/>
                <Baseline points="647,1227 718,1222 789,1217 861,1211 932,1205 1004,1199 1075,1193 1146,1187 1218,1181 1289,1174 1361,1168 1432,1161 1503,1155 1575,1149 1646,1143 1718,1137 1789,1132 1860,1127 1932,1122 2003,1117 2075,1113"/>
                <TextEquiv>
                    <Unicode>Vertretungen in Berlin, Chicago, Genf, London, Newyork, Paris, Rom, Stockholm.</Unicode>
                </TextEquiv>
            </TextLine>
            <TextLine id="r1l11" custom="readingOrder {index:10;}">
                <Coords points="643,1362 804,1352 893,1370 971,1334 1123,1342 1143,1323 1188,1324 1181,1246 1077,1275 939,1275 889,1299 857,1285 821,1308 770,1296 638,1313"/>
                <Baseline points="655,1356 682,1354 709,1351 736,1349 764,1346 791,1343 818,1341 846,1338 873,1335 900,1333 928,1330 955,1328 982,1325 1010,1323 1037,1320 1064,1318 1092,1316 1119,1313 1146,1312 1174,1310"/>
                <TextEquiv>
                    <Unicode>Ausschnitt aus:</Unicode>
                </TextEquiv>
            </TextLine>
            <TextLine id="r1l12" custom="readingOrder {index:11;}">
                <Coords points="1349,1446 1448,1471 1498,1454 1713,1481 1768,1462 1850,1486 1952,1460 1980,1472 1983,1394 1848,1406 1723,1385 1684,1419 1636,1381 1352,1377"/>
                <Baseline points="1362,1443 1392,1444 1422,1446 1453,1447 1483,1448 1513,1449 1544,1451 1574,1452 1604,1453 1635,1454 1665,1455 1695,1456 1726,1458 1756,1459 1786,1460 1817,1461 1847,1462 1877,1463 1908,1464 1938,1465 1969,1466"/>
                <TextEquiv>
                    <Unicode>Rohemia (Prag)</Unicode>
                </TextEquiv>
            </TextLine>
            <TextLine id="r1l13" custom="readingOrder {index:12;}">
                <Coords points="644,1505 724,1515 833,1495 914,1518 956,1495 982,1514 1165,1502 1165,1446 1106,1447 1069,1423 1005,1436 947,1476 737,1435 645,1453"/>
                <Baseline points="656,1500 682,1497 708,1494 734,1493 760,1493 786,1493 812,1493 839,1494 865,1495 891,1496 917,1497 943,1499 969,1500 996,1501 1022,1501 1048,1501 1074,1501 1100,1500 1126,1498 1153,1495"/>
                <TextEquiv>
                    <Unicode>vom </Unicode>
                </TextEquiv>
            </TextLine>
            <TextLine id="r1l14" custom="readingOrder {index:13;}">
                <Coords points="1890,1901 2864,1904 2865,1824 1890,1849"/>
                <Baseline points="1902,1886 1949,1886 1997,1886 2044,1886 2092,1886 2139,1887 2187,1887 2234,1888 2282,1888 2329,1889 2377,1889 2424,1890 2472,1890 2519,1891 2567,1891 2614,1891 2662,1891 2709,1890 2757,1890 2804,1889 2852,1888"/>
                <TextEquiv>
                    <Unicode>steht und mit dem Leben, das ihm so viele</Unicode>
                </TextEquiv>
            </TextLine>
            <TextLine id="r1l15" custom="readingOrder {index:14;}">
                <Coords points="923,1922 1855,1938 1881,1929 1881,1858 1045,1848 923,1900"/>
                <Baseline points="935,1928 981,1925 1028,1922 1074,1921 1121,1920 1168,1919 1214,1918 1261,1918 1308,1918 1354,1918 1401,1918 1448,1919 1494,1919 1541,1919 1588,1919 1634,1920 1681,1919 1728,1919 1774,1919 1821,1918 1868,1916"/>
                <TextEquiv>
                    <Unicode>„Lebendige Stunden“ von Arthur</Unicode>
                </TextEquiv>
            </TextLine>
            <TextLine id="r1l16" custom="readingOrder {index:15;}">
                <Coords points="1889,1932 2062,1959 2370,1935 2457,1959 2583,1931 2847,1954 2848,1911 2119,1884 1889,1908"/>
                <Baseline points="1902,1932 1948,1933 1995,1933 2042,1934 2088,1935 2135,1935 2182,1936 2228,1937 2275,1937 2322,1938 2369,1938 2415,1938 2462,1938 2509,1939 2555,1939 2602,1938 2649,1938 2695,1938 2742,1938 2789,1937 2836,1936"/>
                <TextEquiv>
                    <Unicode>Enttäuschungen brachte, abrechnen möchte, hält</Unicode>
                </TextEquiv>
            </TextLine>
            <TextLine id="r1l17" custom="readingOrder {index:16;}">
                <Coords points="1891,2002 2205,1973 2236,2002 2851,1988 2851,1933 2480,1957 1891,1931"/>
                <Baseline points="1902,1984 1948,1984 1995,1983 2042,1983 2089,1984 2136,1984 2183,1984 2229,1985 2276,1985 2323,1985 2370,1986 2417,1986 2464,1986 2511,1986 2557,1986 2604,1986 2651,1985 2698,1984 2745,1983 2792,1982 2839,1980"/>
                <TextEquiv>
                    <Unicode>sich der andere für genesen und schmiedet die</Unicode>
                </TextEquiv>
            </TextLine>
            <TextLine id="r1l18" custom="readingOrder {index:17;}">
                <Coords points="1249,2015 1311,2027 1320,2017 1406,2020 1427,2009 1512,2018 1529,2002 1576,2002 1576,1938 1534,1926 1250,1937"/>
                <Baseline points="1262,1995 1287,1995 1312,1995 1337,1995 1362,1995 1387,1995 1413,1995 1438,1995 1463,1996 1488,1996 1513,1996 1538,1996 1564,1996"/>
                <TextEquiv>
                    <Unicode>Schnitzler.</Unicode>
                </TextEquiv>
            </TextLine>
            <TextLine id="r1l19" custom="readingOrder {index:18;}">
                <Coords points="1890,2040 2861,2045 2834,1986 2600,2013 2562,1982 1890,1991"/>
                <Baseline points="1903,2034 1950,2033 1997,2032 2044,2032 2092,2031 2139,2031 2186,2031 2234,2032 2281,2032 2328,2032 2376,2032 2423,2033 2470,2033 2517,2033 2565,2033 2612,2032 2659,2032 2707,2031 2754,2030 2801,2029 2849,2027"/>
                <TextEquiv>
                    <Unicode>schönsten Pläne für die Zukunft. Der Arzt</Unicode>
                </TextEquiv>
            </TextLine>
            <TextLine id="r1l20" custom="readingOrder {index:19;}">
                <Coords points="1388,2054 1558,2082 1641,2068 1669,2080 1719,2062 1766,2088 1806,2070 1870,2073 1871,2025 1778,2025 1710,2003 1662,2024 1603,2006 1388,2021"/>
                <Baseline points="1400,2052 1425,2054 1450,2054 1476,2056 1501,2056 1527,2057 1552,2057 1578,2057 1603,2057 1629,2057 1654,2057 1679,2057 1705,2057 1730,2057 1756,2057 1781,2058 1807,2058 1832,2058 1858,2059"/>
                <TextEquiv>
                    <Unicode>Berlin, 5. Jänner.</Unicode>
                </TextEquiv>
            </TextLine>
            <TextLine id="r1l21" custom="readingOrder {index:20;}">
                <Coords points="1898,2082 2844,2078 2844,2045 2733,2031 1898,2044"/>
                <Baseline points="1910,2080 1956,2078 2002,2077 2048,2076 2094,2076 2140,2076 2186,2076 2233,2076 2279,2077 2325,2077 2371,2078 2417,2079 2463,2079 2509,2079 2556,2080 2602,2080 2648,2079 2694,2078 2740,2077 2786,2076 2833,2074"/>
                <TextEquiv>
                    <Unicode>macht seinen Abendbesuch. Rademacher bittet</Unicode>
                </TextEquiv>
            </TextLine>
            <TextLine id="r1l22" custom="readingOrder {index:21;}">
                <Coords points="1029,2109 1875,2130 1891,2068 1521,2085 1368,2042 1174,2035 1029,2061"/>
                <Baseline points="1041,2103 1082,2105 1124,2107 1166,2109 1208,2110 1250,2112 1291,2113 1333,2114 1375,2115 1417,2115 1459,2116 1500,2116 1542,2117 1584,2117 1626,2117 1668,2117 1709,2117 1751,2117 1793,2116 1835,2116 1877,2116"/>
                <TextEquiv>
                    <Unicode>Arthur Schnitzler, unstreitig das</Unicode>
                </TextEquiv>
            </TextLine>
            <TextLine id="r1l23" custom="readingOrder {index:22;}">
                <Coords points="1888,2125 2848,2148 2849,2077 2323,2107 2186,2078 1888,2087"/>
                <Baseline points="1900,2124 1946,2124 1993,2124 2040,2124 2087,2125 2134,2125 2181,2126 2227,2126 2274,2127 2321,2127 2368,2127 2415,2128 2462,2128 2509,2128 2555,2128 2602,2127 2649,2127 2696,2126 2743,2125 2790,2123 2837,2122"/>
                <TextEquiv>
                    <Unicode>ihn flehentlich, ihm noch schnell einen heißen</Unicode>
                </TextEquiv>
            </TextLine>
            <TextLine id="r1l24" custom="readingOrder {index:23;}">
                <Coords points="939,2157 1874,2171 1874,2126 1768,2109 939,2110"/>
                <Baseline points="952,2155 997,2157 1042,2158 1088,2159 1133,2160 1179,2161 1224,2161 1270,2161 1315,2161 1361,2162 1406,2162 1451,2161 1497,2161 1542,2161 1588,2161 1633,2161 1679,2161 1724,2161 1770,2162 1815,2162 1861,2163"/>
                <TextEquiv>
                    <Unicode>stärkste Talent der jüngeren Wiener Schule,</Unicode>
                </TextEquiv>
            </TextLine>
            <TextLine id="r1l25" custom="readingOrder {index:24;}">
                <Coords points="1888,2175 2841,2175 2841,2135 2794,2130 2434,2126 2316,2156 2226,2123 2122,2147 1888,2130"/>
                <Baseline points="1900,2171 1946,2171 1993,2172 2039,2173 2086,2173 2132,2174 2179,2174 2225,2174 2272,2175 2318,2175 2365,2175 2411,2175 2458,2175 2504,2175 2551,2175 2597,2174 2644,2174 2690,2173 2737,2172 2783,2171 2830,2170"/>
                <TextEquiv>
                    <Unicode>Wunsch zu erfüllen: er möchte seinen Jugend¬</Unicode>
                </TextEquiv>
            </TextLine>
            <TextLine id="r1l26" custom="readingOrder {index:25;}">
                <Coords points="931,2220 1885,2221 1885,2169 1847,2166 931,2161"/>
                <Baseline points="942,2202 988,2204 1035,2206 1081,2208 1128,2209 1174,2210 1221,2210 1267,2211 1314,2210 1360,2210 1407,2210 1454,2209 1500,2208 1547,2208 1593,2207 1640,2207 1686,2207 1733,2207 1779,2207 1826,2208 1873,2209"/>
                <TextEquiv>
                    <Unicode>hat mit seinem neuesten Einacter=Quartett</Unicode>
                </TextEquiv>
            </TextLine>
            <TextLine id="r1l27" custom="readingOrder {index:26;}">
                <Coords points="1896,2225 2838,2239 2821,2175 1896,2176"/>
                <Baseline points="1907,2220 1953,2220 1999,2221 2045,2221 2091,2222 2137,2222 2183,2222 2229,2223 2275,2223 2321,2223 2367,2223 2413,2223 2459,2223 2505,2223 2551,2223 2597,2223 2643,2223 2689,2222 2735,2222 2781,2222 2827,2222"/>
                <TextEquiv>
                    <Unicode>freund, den Schrifsteller Weihgast noch diesen</Unicode>
                </TextEquiv>
            </TextLine>
            <TextLine id="r1l28" custom="readingOrder {index:27;}">
                <Coords points="934,2272 1566,2249 1879,2270 1879,2222 1834,2213 935,2220"/>
                <Baseline points="946,2247 992,2249 1038,2250 1084,2251 1130,2252 1176,2252 1222,2253 1268,2253 1314,2253 1360,2253 1406,2253 1452,2253 1498,2253 1544,2253 1590,2253 1636,2253 1682,2253 1728,2254 1774,2254 1820,2255 1867,2256"/>
                <TextEquiv>
                    <Unicode>„Lebendige Stunden“*) am Deutschen</Unicode>
                </TextEquiv>
            </TextLine>
            <TextLine id="r1l29" custom="readingOrder {index:28;}">
                <Coords points="1888,2270 2841,2264 2841,2227 2794,2224 2389,2220 2295,2246 1888,2225"/>
                <Baseline points="1899,2266 1945,2266 1992,2267 2038,2268 2085,2269 2131,2269 2178,2269 2224,2270 2271,2270 2317,2270 2364,2270 2411,2270 2457,2270 2504,2269 2550,2269 2597,2268 2643,2268 2690,2267 2736,2267 2783,2266 2830,2265"/>
                <TextEquiv>
                    <Unicode>Abend sprechen, da er ihm etwas sehr Wichti¬</Unicode>
                </TextEquiv>
            </TextLine>
            <TextLine id="r1l30" custom="readingOrder {index:29;}">
                <Coords points="746,2314 1875,2318 1875,2271 1802,2260 747,2250"/>
                <Baseline points="758,2295 813,2294 868,2294 923,2294 979,2294 1034,2295 1089,2296 1145,2297 1200,2299 1255,2299 1311,2301 1366,2302 1421,2303 1476,2304 1532,2305 1587,2305 1642,2305 1698,2305 1753,2304 1808,2303 1864,2300"/>
                <TextEquiv>
                    <Unicode> Fur 50 Theater einen ziemlich gedämpft einsetzenden,</Unicode>
                </TextEquiv>
            </TextLine>
            <TextLine id="r1l31" custom="readingOrder {index:30;}">
                <Coords points="1896,2330 2225,2311 2497,2342 2838,2314 2812,2276 2679,2264 2632,2290 1896,2276"/>
                <Baseline points="1907,2318 1955,2316 2003,2315 2052,2315 2100,2314 2148,2314 2197,2314 2245,2314 2293,2315 2342,2315 2390,2315 2439,2316 2487,2316 2535,2316 2584,2316 2632,2316 2680,2316 2729,2315 2777,2314 2826,2312"/>
                <TextEquiv>
                    <Unicode>ges mitzutheilen habe. Der Arzt, der mit Weih¬</Unicode>
                </TextEquiv>
            </TextLine>
            <TextLine id="r1l32" custom="readingOrder {index:31;}">
                <Coords points="848,2342 1889,2361 1890,2314 1849,2308 849,2297"/>
                <Baseline points="860,2327 910,2333 961,2337 1012,2341 1063,2344 1114,2346 1164,2348 1215,2349 1266,2349 1317,2350 1368,2350 1418,2349 1469,2349 1520,2349 1571,2349 1622,2349 1672,2349 1723,2350 1774,2351 1825,2353 1876,2355"/>
                <TextEquiv>
                    <Unicode>100 dann aber ständig steigenden und zuletzt mächtig</Unicode>
                </TextEquiv>
            </TextLine>
            <TextLine id="r1l33" custom="readingOrder {index:32;}">
                <Coords points="1886,2374 2842,2379 2842,2339 2714,2320 2539,2317 2497,2343 1886,2324"/>
                <Baseline points="1897,2367 1943,2365 1990,2363 2037,2362 2083,2362 2130,2362 2177,2362 2223,2362 2270,2363 2317,2364 2364,2364 2410,2365 2457,2366 2504,2366 2550,2367 2597,2367 2644,2367 2690,2366 2737,2365 2784,2363 2831,2361"/>
                <TextEquiv>
                    <Unicode>gast befreundet ist, verspricht, ihn zu bringen.</Unicode>
                </TextEquiv>
            </TextLine>
            <TextLine id="r1l34" custom="readingOrder {index:33;}">
                <Coords points="848,2381 864,2379 871,2373 914,2373 946,2364 945,2333 871,2337 858,2346 844,2348"/>
                <Baseline points="859,2369 885,2367 911,2364 937,2359"/>
                <TextEquiv>
                    <Unicode>200</Unicode>
                </TextEquiv>
            </TextLine>
            <TextLine id="r1l35" custom="readingOrder {index:34;}">
                <Coords points="856,2407 1861,2410 1883,2367 1009,2350 856,2378"/>
                <Baseline points="867,2403 917,2400 967,2398 1017,2395 1067,2394 1118,2393 1168,2392 1218,2392 1268,2392 1318,2393 1369,2393 1419,2394 1469,2394 1519,2395 1569,2396 1620,2397 1670,2397 1720,2397 1770,2397 1820,2397 1871,2396"/>
                <TextEquiv>
                    <Unicode>500 anschwellenden Erfolg erzielt. Die vier Stücke,</Unicode>
                </TextEquiv>
            </TextLine>
            <TextLine id="r1l36" custom="readingOrder {index:35;}">
                <Coords points="1888,2430 2851,2412 2851,2384 2770,2367 1888,2369"/>
                <Baseline points="1900,2411 1946,2410 1993,2409 2040,2409 2087,2409 2134,2409 2181,2410 2228,2410 2275,2411 2322,2411 2369,2412 2415,2412 2462,2413 2509,2413 2556,2413 2603,2412 2650,2412 2697,2411 2744,2410 2791,2408 2838,2406"/>
                <TextEquiv>
                    <Unicode>Der Schauspieler fragt neugierig, was Rade¬</Unicode>
                </TextEquiv>
            </TextLine>
            <TextLine id="r1l37" custom="readingOrder {index:36;}">
                <Coords points="783,2472 958,2443 1855,2454 1874,2409 958,2396 783,2425"/>
                <Baseline points="795,2457 848,2452 901,2448 955,2446 1008,2444 1062,2443 1115,2442 1168,2442 1222,2443 1275,2443 1329,2445 1382,2445 1435,2446 1489,2447 1542,2448 1596,2448 1649,2448 1702,2448 1756,2447 1809,2445 1863,2442"/>
                <TextEquiv>
                    <Unicode>„ 1000 die ungleich in jeder Hinsicht sind, haben nur</Unicode>
                </TextEquiv>
            </TextLine>
            <TextLine id="r1l38" custom="readingOrder {index:37;}">
                <Coords points="1896,2462 2833,2468 2833,2425 2781,2416 1896,2424"/>
                <Baseline points="1907,2454 1952,2455 1998,2456 2044,2457 2089,2457 2135,2458 2181,2459 2226,2459 2272,2459 2318,2460 2364,2460 2409,2460 2455,2460 2501,2460 2546,2459 2592,2459 2638,2459 2683,2458 2729,2457 2775,2456 2821,2455"/>
                <TextEquiv>
                    <Unicode>macher denn noch so Eiliges zu beichten habe,</Unicode>
                </TextEquiv>
            </TextLine>
            <TextLine id="r1l39" custom="readingOrder {index:38;}">
                <Coords points="876,2511 1854,2506 1880,2461 1070,2444 876,2468"/>
                <Baseline points="887,2497 936,2495 985,2493 1034,2492 1083,2492 1132,2491 1181,2491 1230,2491 1279,2491 1328,2491 1377,2491 1426,2491 1475,2492 1524,2492 1573,2492 1622,2492 1671,2492 1720,2492 1769,2491 1818,2491 1867,2490"/>
                <TextEquiv>
                    <Unicode>Im das Eine gemeinsam, daß in sämmtlichen Ver¬</Unicode>
                </TextEquiv>
            </TextLine>
            <TextLine id="r1l40" custom="readingOrder {index:39;}">
                <Coords points="1894,2513 2845,2499 2845,2463 1894,2461"/>
                <Baseline points="1905,2503 1951,2504 1997,2504 2044,2505 2090,2506 2137,2506 2183,2506 2229,2507 2276,2507 2322,2507 2369,2507 2415,2508 2461,2508 2508,2508 2554,2507 2601,2507 2647,2507 2693,2507 2740,2506 2786,2506 2833,2505"/>
                <TextEquiv>
                    <Unicode>und dieser entgegegnet: er wolle sich vor seinem</Unicode>
                </TextEquiv>
            </TextLine>
            <TextLine id="r1l41" custom="readingOrder {index:40;}">
                <Coords points="754,2562 1810,2554 1885,2542 1885,2499 754,2517"/>
                <Baseline points="767,2555 822,2550 877,2546 932,2542 988,2539 1043,2537 1098,2536 1154,2535 1209,2535 1264,2535 1320,2536 1375,2536 1430,2537 1485,2538 1541,2538 1596,2539 1651,2539 1707,2539 1762,2538 1817,2537 1873,2535"/>
                <TextEquiv>
                    <Unicode>Abonnem treter der Literatur und Kunst die Hauptrollen</Unicode>
                </TextEquiv>
            </TextLine>
            <TextLine id="r1l42" custom="readingOrder {index:41;}">
                <Coords points="1886,2562 2719,2568 2830,2561 2831,2511 1886,2520"/>
                <Baseline points="1897,2553 1943,2552 1989,2552 2035,2552 2081,2552 2127,2552 2173,2552 2219,2553 2265,2553 2311,2554 2358,2555 2404,2555 2450,2555 2496,2556 2542,2556 2588,2556 2634,2556 2680,2555 2726,2554 2772,2553 2819,2551"/>
                <TextEquiv>
                    <Unicode>Ende die Genugtthuung verschaffen, dem ehema¬</Unicode>
                </TextEquiv>
            </TextLine>
            <TextLine id="r1l43" custom="readingOrder {index:42;}">
                <Coords points="748,2590 1740,2604 1851,2597 1879,2545 959,2539 748,2571"/>
                <Baseline points="759,2591 814,2589 869,2587 925,2586 980,2584 1036,2583 1091,2583 1146,2582 1202,2582 1257,2582 1313,2582 1368,2583 1423,2583 1479,2584 1534,2584 1590,2584 1645,2584 1700,2585 1756,2585 1811,2585 1867,2584"/>
                <TextEquiv>
                    <Unicode>Abonnent spielen. Der Gesammttitel „Lebendige Stunden“.</Unicode>
                </TextEquiv>
            </TextLine>
            <TextLine id="r1l44" custom="readingOrder {index:43;}">
                <Coords points="1875,2589 1998,2627 2282,2599 2847,2615 2847,2546 2111,2571 1875,2540"/>
                <Baseline points="1886,2601 1933,2601 1981,2600 2028,2600 2076,2600 2123,2600 2171,2601 2218,2602 2266,2602 2313,2603 2361,2603 2408,2604 2456,2604 2503,2604 2551,2604 2598,2604 2646,2604 2693,2602 2741,2601 2788,2599 2836,2597"/>
                <TextEquiv>
                    <Unicode>ligen Freunde, der unverdient so große äußer¬</Unicode>
                </TextEquiv>
            </TextLine>
            <TextLine id="r1l45" custom="readingOrder {index:44;}">
                <Coords points="937,2628 1874,2647 1874,2602 1817,2590 1748,2613 1670,2587 1417,2610 937,2588"/>
                <Baseline points="948,2625 993,2627 1039,2629 1085,2631 1130,2632 1176,2633 1222,2633 1267,2634 1313,2634 1359,2634 1405,2634 1450,2634 1496,2634 1542,2633 1587,2633 1633,2632 1679,2632 1724,2631 1770,2631 1816,2630 1862,2630"/>
                <TextEquiv>
                    <Unicode>ist ziemlich willkürlich dem Titel des ersten</Unicode>
                </TextEquiv>
            </TextLine>
            <TextLine id="r1l46" custom="readingOrder {index:45;}">
                <Coords points="1883,2666 2832,2660 2832,2620 2778,2606 1997,2626 1883,2600"/>
                <Baseline points="1894,2649 1940,2649 1986,2650 2032,2650 2079,2650 2125,2650 2171,2650 2217,2651 2264,2650 2310,2650 2356,2650 2402,2650 2449,2650 2495,2650 2541,2650 2587,2650 2634,2650 2680,2650 2726,2651 2772,2651 2819,2651"/>
                <TextEquiv>
                    <Unicode>liche Erfolge im Leben davongetragen habe,</Unicode>
                </TextEquiv>
            </TextLine>
            <TextLine id="r1l47" custom="readingOrder {index:46;}">
                <Coords points="887,2680 1874,2693 1874,2646 1843,2638 887,2636"/>
                <Baseline points="898,2664 946,2667 994,2670 1042,2673 1090,2675 1139,2677 1187,2678 1235,2679 1283,2680 1331,2681 1380,2681 1428,2681 1476,2682 1524,2682 1572,2681 1621,2681 1669,2681 1717,2680 1765,2680 1813,2680 1862,2680"/>
                <TextEquiv>
                    <Unicode>D Stückchens entlehnt, das diese Ehre umso</Unicode>
                </TextEquiv>
            </TextLine>
            <TextLine id="r1l48" custom="readingOrder {index:47;}">
                <Coords points="1879,2710 2845,2715 2844,2649 1879,2649"/>
                <Baseline points="1891,2696 1938,2697 1985,2697 2032,2698 2079,2699 2126,2699 2173,2699 2220,2699 2267,2699 2314,2699 2362,2699 2409,2698 2456,2698 2503,2697 2550,2697 2597,2696 2644,2695 2691,2695 2738,2694 2785,2694 2833,2693"/>
                <TextEquiv>
                    <Unicode>unverblümt zu sagen, daß er ihn stets in seiner</Unicode>
                </TextEquiv>
            </TextLine>
            <TextLine id="r1l49" custom="readingOrder {index:48;}">
                <Coords points="771,2722 1878,2738 1878,2688 1848,2685 1296,2700 771,2660"/>
                <Baseline points="782,2714 836,2716 890,2717 944,2718 998,2719 1053,2721 1107,2722 1161,2723 1215,2724 1269,2725 1324,2726 1378,2727 1432,2728 1486,2728 1540,2728 1595,2728 1649,2728 1703,2728 1757,2728 1811,2727 1866,2726"/>
                <TextEquiv>
                    <Unicode>Inhalts weniger verdiente, als es das schwächste unter</Unicode>
                </TextEquiv>
            </TextLine>
            <TextLine id="r1l50" custom="readingOrder {index:49;}">
                <Coords points="1895,2753 2844,2745 2844,2702 1895,2701"/>
                <Baseline points="1907,2750 1953,2748 1999,2746 2045,2746 2091,2745 2138,2744 2184,2744 2230,2744 2276,2744 2322,2744 2369,2745 2415,2745 2461,2745 2507,2746 2553,2746 2600,2746 2646,2746 2692,2746 2738,2746 2784,2745 2831,2744"/>
                <TextEquiv>
                    <Unicode>ganzen Hohlheit durchschaut habe, ja daß sich</Unicode>
                </TextEquiv>
            </TextLine>
            <TextLine id="r1l51" custom="readingOrder {index:50;}">
                <Coords points="777,2765 789,2764 799,2771 832,2769 839,2763 846,2768 855,2757 881,2758 891,2765 907,2756 930,2755 928,2715 881,2725 857,2719 833,2723 827,2731 793,2721 774,2723"/>
                <Baseline points="788,2756 814,2754 840,2752 866,2750 892,2749 919,2747"/>
                <TextEquiv>
                    <Unicode>blütt</Unicode>
                </TextEquiv>
            </TextLine>
            <TextLine id="r1l52" custom="readingOrder {index:51;}">
                <Coords points="933,2785 1868,2780 1868,2737 1767,2729 934,2740"/>
                <Baseline points="946,2766 991,2767 1037,2769 1082,2769 1128,2770 1173,2771 1219,2772 1264,2772 1310,2772 1355,2772 1401,2773 1447,2773 1492,2773 1538,2773 1583,2774 1629,2774 1674,2774 1720,2775 1765,2776 1811,2777 1857,2778"/>
                <TextEquiv>
                    <Unicode>den vieren ist. Von des Gedankens Blässe an¬</Unicode>
                </TextEquiv>
            </TextLine>
            <TextLine id="r1l53" custom="readingOrder {index:52;}">
                <Coords points="777,2814 836,2800 860,2801 870,2808 881,2797 904,2793 942,2798 939,2755 906,2755 893,2766 883,2759 878,2764 861,2758 845,2769 838,2762 829,2770 814,2766 805,2772 786,2761 774,2762"/>
                <Baseline points="789,2793 817,2794 845,2792 873,2790 901,2787 929,2785"/>
                <TextEquiv>
                    <Unicode>wodurel</Unicode>
                </TextEquiv>
            </TextLine>
            <TextLine id="r1l54" custom="readingOrder {index:53;}">
                <Coords points="1885,2818 2011,2789 2837,2800 2808,2755 2685,2746 1885,2751"/>
                <Baseline points="1897,2797 1943,2796 1989,2794 2036,2793 2082,2792 2129,2792 2175,2792 2221,2791 2268,2791 2314,2791 2361,2791 2407,2792 2453,2792 2500,2792 2546,2792 2593,2792 2639,2792 2685,2791 2732,2791 2778,2790 2825,2789"/>
                <TextEquiv>
                    <Unicode>sogar die eigene Gattin des „großen" Mannes</Unicode>
                </TextEquiv>
            </TextLine>
            <TextLine id="r1l55" custom="readingOrder {index:54;}">
                <Coords points="941,2830 1873,2834 1874,2779 941,2782"/>
                <Baseline points="954,2817 999,2818 1044,2819 1090,2820 1135,2820 1181,2821 1226,2821 1271,2822 1317,2822 1362,2822 1408,2822 1453,2822 1498,2823 1544,2823 1589,2823 1635,2823 1680,2823 1725,2824 1771,2824 1816,2825 1862,2825"/>
                <TextEquiv>
                    <Unicode>gekränkelt, behandelt dieser Auftact zu den</Unicode>
                </TextEquiv>
            </TextLine>
            <TextLine id="r1l56" custom="readingOrder {index:55;}">
                <Coords points="785,2839 828,2841 840,2848 877,2831 899,2837 941,2837 939,2795 927,2795 920,2803 903,2794 830,2803 782,2794"/>
                <Baseline points="796,2834 822,2833 848,2833 875,2831 901,2829 928,2826"/>
                <TextEquiv>
                    <Unicode>des In</Unicode>
                </TextEquiv>
            </TextLine>
            <TextLine id="r1l57" custom="readingOrder {index:56;}">
                <Coords points="1890,2841 2683,2857 2846,2842 2846,2802 1890,2806"/>
                <Baseline points="1902,2842 1948,2841 1995,2840 2041,2840 2088,2840 2135,2840 2181,2840 2228,2840 2274,2840 2321,2841 2368,2841 2414,2841 2461,2841 2507,2841 2554,2841 2601,2841 2647,2840 2694,2840 2740,2839 2787,2838 2834,2837"/>
                <TextEquiv>
                    <Unicode>angeekelt von ihm abgewandt und ihre Liebe</Unicode>
                </TextEquiv>
            </TextLine>
            <TextLine id="r1l58" custom="readingOrder {index:57;}">
                <Coords points="781,2877 1753,2889 1883,2880 1883,2832 781,2837"/>
                <Baseline points="793,2874 846,2871 900,2869 954,2867 1008,2865 1062,2865 1116,2864 1170,2864 1224,2865 1278,2865 1332,2866 1385,2867 1439,2868 1493,2868 1547,2869 1601,2870 1655,2870 1709,2870 1763,2870 1817,2870 1871,2869"/>
                <TextEquiv>
                    <Unicode>werden folgenden, lebensvollen und geistsprühenden</Unicode>
                </TextEquiv>
            </TextLine>
            <TextLine id="r1l59" custom="readingOrder {index:58;}">
                <Coords points="1884,2901 2339,2888 2403,2914 2535,2885 2847,2910 2847,2844 1884,2849"/>
                <Baseline points="1896,2887 1943,2888 1990,2888 2037,2888 2084,2888 2131,2889 2178,2889 2225,2889 2272,2889 2319,2890 2366,2890 2413,2889 2460,2889 2507,2889 2554,2889 2601,2888 2648,2887 2695,2886 2742,2885 2789,2884 2836,2882"/>
                <TextEquiv>
                    <Unicode>dem verkannten, vom Schicksal so arg mitge¬</Unicode>
                </TextEquiv>
            </TextLine>
            <TextLine id="r1l60" custom="readingOrder {index:59;}">
                <Coords points="924,2917 1878,2921 1878,2888 1807,2878 924,2877"/>
                <Baseline points="937,2908 983,2909 1029,2910 1076,2911 1122,2912 1169,2913 1215,2913 1262,2914 1308,2914 1355,2915 1401,2915 1447,2916 1494,2916 1540,2916 1587,2917 1633,2917 1680,2917 1726,2917 1773,2917 1819,2917 1866,2917"/>
                <TextEquiv>
                    <Unicode>Dichtungen die erklügelte Frage, ob das ganze</Unicode>
                </TextEquiv>
            </TextLine>
            <TextLine id="r1l61" custom="readingOrder {index:60;}">
                <Coords points="1879,2940 2650,2956 2842,2932 2825,2883 2392,2917 2340,2889 1879,2883"/>
                <Baseline points="1890,2933 1937,2934 1984,2934 2031,2935 2078,2935 2125,2935 2172,2935 2219,2935 2266,2935 2313,2935 2360,2935 2407,2935 2454,2935 2501,2935 2548,2934 2595,2934 2642,2933 2689,2932 2736,2932 2783,2931 2830,2930"/>
                <TextEquiv>
                    <Unicode>nommenen Journalisten geschenkt habe. Als</Unicode>
                </TextEquiv>
            </TextLine>
            <TextLine id="r1l62" custom="readingOrder {index:61;}">
                <Coords points="922,2951 1007,2975 1873,2979 1873,2932 1819,2922 922,2915"/>
                <Baseline points="934,2957 980,2958 1026,2959 1073,2960 1119,2960 1166,2961 1212,2961 1258,2961 1305,2962 1351,2962 1398,2962 1444,2962 1490,2962 1537,2962 1583,2963 1630,2963 1676,2963 1722,2964 1769,2965 1815,2966 1862,2967"/>
                <TextEquiv>
                    <Unicode>dichterische Schaffen des Sohnes auch nur eine</Unicode>
                </TextEquiv>
            </TextLine>
            <TextLine id="r1l63" custom="readingOrder {index:62;}">
                <Coords points="1885,2989 2806,2996 2846,2932 2652,2955 1885,2940"/>
                <Baseline points="1897,2976 1943,2977 1990,2979 2037,2980 2084,2981 2131,2982 2178,2983 2225,2983 2272,2984 2319,2984 2366,2984 2412,2985 2459,2985 2506,2984 2553,2984 2600,2984 2647,2983 2694,2983 2741,2982 2788,2981 2835,2980"/>
                <TextEquiv>
                    <Unicode>dann aber Weihgast wirklich kommt und mit</Unicode>
                </TextEquiv>
            </TextLine>
            <TextLine id="r1l64" custom="readingOrder {index:63;}">
                <Coords points="932,3018 1886,3012 1858,2976 1697,2966 932,2980"/>
                <Baseline points="943,3008 989,3008 1036,3008 1082,3008 1129,3008 1175,3008 1222,3008 1268,3009 1315,3009 1361,3010 1408,3011 1455,3011 1501,3012 1548,3012 1594,3013 1641,3013 1687,3014 1734,3014 1780,3014 1827,3014 1874,3014"/>
                <TextEquiv>
                    <Unicode>„Lebendige Stunde“ der Mutter aufzuwiegen</Unicode>
                </TextEquiv>
            </TextLine>
            <TextLine id="r1l65" custom="readingOrder {index:64;}">
                <Coords points="1882,3028 2833,3038 2833,2995 2774,2986 1882,2992"/>
                <Baseline points="1893,3026 1939,3028 1985,3030 2032,3031 2078,3032 2125,3033 2171,3033 2218,3033 2264,3033 2311,3033 2357,3032 2403,3032 2450,3031 2496,3031 2543,3030 2589,3030 2636,3029 2682,3029 2729,3029 2775,3029 2822,3029"/>
                <TextEquiv>
                    <Unicode>seiner hohlen Schönrednerei nichtssagende</Unicode>
                </TextEquiv>
            </TextLine>
            <TextLine id="r1l66" custom="readingOrder {index:65;}">
                <Coords points="921,3067 1818,3074 1879,3067 1880,3013 1785,3036 1371,3003 921,3019"/>
                <Baseline points="933,3052 979,3053 1026,3054 1073,3055 1119,3055 1166,3056 1213,3056 1259,3056 1306,3057 1353,3057 1400,3057 1446,3057 1493,3057 1540,3057 1586,3057 1633,3057 1680,3057 1726,3057 1773,3058 1820,3059 1867,3060"/>
                <TextEquiv>
                    <Unicode>vermag. Eine unheilbar erkrankte Mutter hat</Unicode>
                </TextEquiv>
            </TextLine>
            <TextLine id="r1l67" custom="readingOrder {index:66;}">
                <Coords points="1889,3083 2788,3094 2845,3075 2845,3028 1889,3034"/>
                <Baseline points="1900,3075 1946,3075 1993,3076 2040,3077 2086,3077 2133,3077 2180,3078 2226,3078 2273,3078 2320,3078 2367,3078 2413,3078 2460,3078 2507,3078 2553,3078 2600,3078 2647,3078 2693,3077 2740,3077 2787,3077 2834,3076"/>
                <TextEquiv>
                    <Unicode>Redensarten drechselt und innige Freundschaft</Unicode>
                </TextEquiv>
            </TextLine>
            <TextLine id="r1l68" custom="readingOrder {index:67;}">
                <Coords points="927,3112 1881,3113 1881,3068 1789,3060 927,3063"/>
                <Baseline points="940,3094 986,3096 1032,3097 1079,3098 1125,3100 1172,3101 1218,3102 1264,3102 1311,3103 1357,3104 1404,3104 1450,3105 1496,3105 1543,3105 1589,3105 1636,3105 1682,3106 1728,3106 1775,3105 1821,3105 1868,3105"/>
                <TextEquiv>
                    <Unicode>sich nämlich mit Morphium vergistet, um ihren</Unicode>
                </TextEquiv>
            </TextLine>
            <TextLine id="r1l69" custom="readingOrder {index:68;}">
                <Coords points="1879,3143 2797,3139 2835,3134 2835,3087 1879,3091"/>
                <Baseline points="1891,3120 1937,3122 1984,3123 2030,3124 2077,3125 2124,3126 2170,3126 2217,3126 2263,3126 2310,3127 2357,3126 2403,3126 2450,3126 2496,3126 2543,3125 2590,3125 2636,3125 2683,3125 2729,3124 2776,3124 2823,3124"/>
                <TextEquiv>
                    <Unicode>heuchelt, da bringt es der Sterbende theils vor</Unicode>
                </TextEquiv>
            </TextLine>
            <TextLine id="r1l70" custom="readingOrder {index:69;}">
                <Coords points="929,3148 1880,3170 1864,3111 1627,3134 1499,3107 929,3113"/>
                <Baseline points="941,3142 987,3144 1033,3146 1080,3147 1126,3148 1172,3150 1219,3151 1265,3151 1311,3152 1358,3152 1404,3153 1450,3153 1497,3153 1543,3153 1589,3154 1636,3154 1682,3154 1728,3154 1775,3154 1821,3154 1868,3154"/>
                <TextEquiv>
                    <Unicode>Sohn vom Anblick ihrer Leiden zu befreien</Unicode>
                </TextEquiv>
            </TextLine>
            <TextLine id="r1l71" custom="readingOrder {index:70;}">
                <Coords points="1880,3174 2832,3170 2831,3123 1880,3141"/>
                <Baseline points="1891,3170 1937,3171 1983,3171 2030,3172 2076,3172 2123,3173 2169,3173 2215,3173 2262,3174 2308,3174 2355,3174 2401,3173 2447,3173 2494,3173 2540,3172 2587,3172 2633,3171 2679,3171 2726,3170 2772,3169 2819,3168"/>
                <TextEquiv>
                    <Unicode>Ekel, theils aus Mitleid nicht fertig, dem Leben¬</Unicode>
                </TextEquiv>
            </TextLine>
            <TextLine id="r1l72" custom="readingOrder {index:71;}">
                <Coords points="918,3195 1275,3220 1308,3199 1817,3204 1713,3154 918,3166"/>
                <Baseline points="929,3192 972,3194 1016,3195 1060,3196 1104,3197 1148,3198 1192,3198 1235,3199 1279,3199 1323,3199 1367,3199 1411,3199 1455,3199 1499,3199 1542,3199 1586,3199 1630,3199 1674,3199 1718,3199 1762,3199 1806,3199"/>
                <TextEquiv>
                    <Unicode>und ihn seinem Dichterberuf wiederzugeben.</Unicode>
                </TextEquiv>
            </TextLine>
            <TextLine id="r1l73" custom="readingOrder {index:72;}">
                <Coords points="1870,3225 2829,3239 2829,3198 2748,3177 1870,3194"/>
                <Baseline points="1881,3218 1927,3219 1974,3219 2021,3220 2068,3220 2115,3220 2161,3220 2208,3220 2255,3220 2302,3220 2349,3219 2395,3219 2442,3219 2489,3219 2536,3219 2583,3219 2629,3219 2676,3219 2723,3219 2770,3220 2817,3220"/>
                <TextEquiv>
                    <Unicode>den die letzte Maske vom Gesicht zu reißen,</Unicode>
                </TextEquiv>
            </TextLine>
            <TextLine id="r1l74" custom="readingOrder {index:73;}">
                <Coords points="1025,3263 1822,3259 1877,3250 1877,3203 1669,3205 1647,3227 1511,3197 1025,3214"/>
                <Baseline points="1036,3243 1077,3243 1118,3243 1160,3244 1201,3244 1243,3245 1284,3245 1325,3246 1367,3246 1408,3247 1450,3247 1491,3248 1532,3248 1574,3249 1615,3249 1657,3249 1698,3250 1739,3250 1781,3249 1822,3249 1864,3249"/>
                <TextEquiv>
                    <Unicode>Das zweite Schauspiel „Die Frau mit</Unicode>
                </TextEquiv>
            </TextLine>
            <TextLine id="r1l75" custom="readingOrder {index:74;}">
                <Coords points="1878,3269 2839,3269 2839,3243 2673,3221 1878,3227"/>
                <Baseline points="1891,3263 1937,3264 1984,3264 2031,3265 2078,3266 2125,3266 2172,3266 2218,3267 2265,3267 2312,3267 2359,3267 2406,3267 2453,3267 2500,3267 2546,3267 2593,3266 2640,3265 2687,3265 2734,3264 2781,3263 2828,3262"/>
                <TextEquiv>
                    <Unicode>und im Gefühl seiner ganzen Größe und Uiber¬</Unicode>
                </TextEquiv>
            </TextLine>
            <TextLine id="r1l76" custom="readingOrder {index:75;}">
                <Coords points="921,3293 1877,3311 1877,3250 921,3248"/>
                <Baseline points="932,3289 978,3289 1025,3289 1071,3290 1118,3290 1165,3290 1211,3291 1258,3291 1304,3291 1351,3292 1398,3293 1444,3293 1491,3294 1537,3294 1584,3295 1631,3295 1677,3296 1724,3296 1770,3296 1817,3296 1864,3296"/>
                <TextEquiv>
                    <Unicode>dem Dolche“ wirkt mehr durch virtuose Technik</Unicode>
                </TextEquiv>
            </TextLine>
            <TextLine id="r1l77" custom="readingOrder {index:76;}">
                <Coords points="1879,3318 2726,3311 2840,3341 2840,3268 1879,3269"/>
                <Baseline points="1891,3311 1937,3312 1984,3313 2031,3314 2078,3314 2125,3315 2171,3315 2218,3315 2265,3315 2312,3315 2359,3315 2405,3315 2452,3315 2499,3315 2546,3314 2593,3314 2639,3314 2686,3313 2733,3312 2780,3312 2827,3311"/>
                <TextEquiv>
                    <Unicode>legenheit nimmt der aufgeblasene Dichter von</Unicode>
                </TextEquiv>
            </TextLine>
            <TextLine id="r1l78" custom="readingOrder {index:77;}">
                <Coords points="926,3333 1870,3361 1870,3313 1832,3301 926,3295"/>
                <Baseline points="938,3338 984,3338 1030,3338 1076,3338 1122,3339 1168,3339 1214,3340 1260,3340 1306,3341 1352,3341 1398,3341 1444,3342 1490,3342 1536,3342 1582,3342 1628,3342 1674,3342 1720,3342 1766,3341 1812,3340 1858,3339"/>
                <TextEquiv>
                    <Unicode>und äußerliche Effecte, als durch innere Vor¬</Unicode>
                </TextEquiv>
            </TextLine>
            <TextLine id="r1l79" custom="readingOrder {index:78;}">
                <Coords points="1882,3373 2830,3371 2830,3324 2724,3310 2677,3336 1882,3323"/>
                <Baseline points="1893,3359 1939,3360 1985,3361 2031,3362 2078,3363 2124,3363 2170,3363 2217,3363 2263,3363 2309,3363 2356,3362 2402,3362 2448,3361 2494,3361 2541,3361 2587,3361 2633,3361 2680,3362 2726,3362 2772,3363 2819,3364"/>
                <TextEquiv>
                    <Unicode>dem sterbenden Jugendfreunde Abschied. Es ist</Unicode>
                </TextEquiv>
            </TextLine>
            <TextLine id="r1l80" custom="readingOrder {index:79;}">
                <Coords points="920,3410 1036,3385 1822,3407 1864,3403 1865,3349 921,3339"/>
                <Baseline points="933,3389 979,3387 1025,3386 1071,3386 1117,3385 1163,3385 1209,3385 1255,3385 1301,3385 1347,3386 1393,3387 1439,3387 1485,3388 1531,3389 1577,3389 1623,3390 1669,3391 1715,3391 1761,3392 1807,3392 1853,3392"/>
                <TextEquiv>
                    <Unicode>züge und dichterische Eigenschaften. Eine junge,</Unicode>
                </TextEquiv>
            </TextLine>
            <TextLine id="r1l81" custom="readingOrder {index:80;}">
                <Coords points="1879,3416 2832,3418 2832,3385 2683,3361 1879,3371"/>
                <Baseline points="1891,3406 1937,3407 1984,3407 2030,3408 2077,3408 2123,3409 2170,3409 2216,3409 2263,3410 2309,3410 2356,3410 2402,3410 2449,3410 2495,3410 2542,3410 2588,3410 2635,3410 2681,3409 2728,3409 2774,3408 2821,3408"/>
                <TextEquiv>
                    <Unicode>eine ungemein feine psychologische Studie, die</Unicode>
                </TextEquiv>
            </TextLine>
            <TextLine id="r1l82" custom="readingOrder {index:81;}">
                <Coords points="923,3449 1870,3443 1870,3408 1735,3393 924,3402"/>
                <Baseline points="935,3438 981,3437 1027,3436 1073,3435 1119,3435 1165,3434 1211,3435 1257,3435 1303,3435 1349,3436 1396,3436 1442,3437 1488,3437 1534,3438 1580,3438 1626,3439 1672,3439 1718,3439 1764,3438 1810,3438 1857,3437"/>
                <TextEquiv>
                    <Unicode>hysterische Frau gibt sich mit ihrem Liebhaber</Unicode>
                </TextEquiv>
            </TextLine>
            <TextLine id="r1l83" custom="readingOrder {index:82;}">
                <Coords points="1881,3464 2832,3469 2832,3424 2754,3410 1881,3417"/>
                <Baseline points="1893,3453 1939,3454 1985,3456 2032,3457 2078,3458 2125,3459 2171,3460 2217,3460 2264,3460 2310,3460 2357,3460 2403,3460 2449,3459 2496,3459 2542,3458 2589,3457 2635,3456 2681,3455 2728,3454 2774,3453 2821,3452"/>
                <TextEquiv>
                    <Unicode>Schnitzler hier im engen Rahmen aufrollt, tief¬</Unicode>
                </TextEquiv>
            </TextLine>
            <TextLine id="r1l84" custom="readingOrder {index:83;}">
                <Coords points="922,3503 1327,3481 1871,3501 1871,3446 922,3448"/>
                <Baseline points="934,3483 980,3482 1026,3482 1072,3482 1119,3482 1165,3482 1211,3482 1257,3482 1304,3483 1350,3483 1396,3483 1442,3484 1489,3484 1535,3485 1581,3485 1627,3485 1674,3486 1720,3486 1766,3486 1812,3486 1859,3486"/>
                <TextEquiv>
                    <Unicode>ein Stelldichein in einem Bildermuseum vor</Unicode>
                </TextEquiv>
            </TextLine>
            <TextLine id="r1l85" custom="readingOrder {index:84;}">
                <Coords points="1876,3516 2794,3519 2827,3465 1876,3476"/>
                <Baseline points="1888,3504 1934,3504 1980,3504 2027,3505 2073,3505 2119,3505 2166,3505 2212,3506 2258,3506 2305,3506 2351,3506 2397,3506 2444,3505 2490,3505 2536,3504 2583,3503 2629,3502 2675,3501 2722,3499 2768,3498 2815,3495"/>
                <TextEquiv>
                    <Unicode>gründig und lebenswahr, voll bitterer Satire</Unicode>
                </TextEquiv>
            </TextLine>
            <TextLine id="r1l86" custom="readingOrder {index:85;}">
                <Coords points="913,3511 979,3542 1218,3554 1874,3541 1874,3496 1817,3489 913,3487"/>
                <Baseline points="925,3531 971,3531 1018,3531 1065,3530 1112,3530 1159,3530 1206,3530 1252,3531 1299,3531 1346,3531 1393,3531 1440,3531 1487,3531 1534,3532 1580,3532 1627,3532 1674,3532 1721,3532 1768,3532 1815,3532 1862,3531"/>
                <TextEquiv>
                    <Unicode>einem italienischen Gemälde aus dem 15. Jahr¬</Unicode>
                </TextEquiv>
            </TextLine>
            <TextLine id="r1l87" custom="readingOrder {index:86;}">
                <Coords points="1869,3563 2776,3565 2823,3548 2823,3517 1869,3521"/>
                <Baseline points="1882,3547 1928,3548 1975,3549 2021,3549 2068,3549 2114,3550 2161,3550 2207,3550 2254,3550 2300,3550 2347,3550 2393,3550 2440,3550 2486,3549 2533,3549 2579,3549 2626,3548 2672,3548 2719,3548 2765,3547 2812,3547"/>
                <TextEquiv>
                    <Unicode>und nicht ohne weitere Ausblicke auf die Nichtig¬</Unicode>
                </TextEquiv>
            </TextLine>
            <TextLine id="r1l88" custom="readingOrder {index:87;}">
                <Coords points="919,3571 1811,3585 1875,3611 1875,3542 1825,3537 1319,3556 1269,3533 1222,3556 919,3521"/>
                <Baseline points="930,3574 976,3576 1023,3577 1069,3578 1116,3579 1163,3579 1209,3579 1256,3579 1302,3579 1349,3579 1396,3579 1442,3578 1489,3578 1535,3578 1582,3577 1629,3577 1675,3577 1722,3577 1768,3577 1815,3578 1862,3578"/>
                <TextEquiv>
                    <Unicode>hundert. Die hier mit dem Dolche dargestellte</Unicode>
                </TextEquiv>
            </TextLine>
            <TextLine id="r1l89" custom="readingOrder {index:88;}">
                <Coords points="1863,3599 2762,3614 2831,3593 2831,3543 1863,3563"/>
                <Baseline points="1875,3593 1922,3593 1969,3593 2016,3594 2064,3594 2111,3594 2158,3594 2205,3594 2253,3594 2300,3594 2347,3594 2394,3594 2442,3594 2489,3594 2536,3594 2583,3594 2631,3594 2678,3594 2725,3594 2772,3595 2820,3595"/>
                <TextEquiv>
                    <Unicode>keit alles Irdischen im Angesicht des Todes und</Unicode>
                </TextEquiv>
            </TextLine>
            <TextLine id="r1l90" custom="readingOrder {index:89;}">
                <Coords points="922,3626 1869,3632 1869,3596 1819,3586 922,3574"/>
                <Baseline points="934,3621 980,3621 1026,3622 1072,3622 1118,3622 1165,3622 1211,3622 1257,3622 1303,3622 1349,3622 1396,3622 1442,3622 1488,3622 1534,3622 1580,3623 1627,3623 1673,3623 1719,3624 1765,3624 1811,3625 1858,3626"/>
                <TextEquiv>
                    <Unicode>Frau hat eine frappante Aehnlichkeit mit ihr,</Unicode>
                </TextEquiv>
            </TextLine>
            <TextLine id="r1l91" custom="readingOrder {index:90;}">
                <Coords points="1874,3654 1978,3662 1998,3645 2038,3648 2047,3658 2076,3658 2097,3646 2158,3651 2159,3604 2119,3601 2097,3611 2083,3599 2057,3606 1974,3595 1941,3605 1927,3597 1875,3602"/>
                <Baseline points="1886,3635 1912,3637 1938,3637 1964,3638 1990,3638 2016,3638 2042,3638 2068,3638 2094,3638 2120,3638 2146,3639"/>
                <TextEquiv>
                    <Unicode>der Ewigkeit.</Unicode>
                </TextEquiv>
            </TextLine>
            <TextLine id="r1l92" custom="readingOrder {index:91;}">
                <Coords points="919,3674 1868,3678 1868,3633 1783,3624 919,3634"/>
                <Baseline points="930,3669 976,3669 1022,3669 1068,3669 1115,3669 1161,3669 1207,3669 1254,3669 1300,3669 1346,3669 1393,3668 1439,3668 1485,3668 1531,3668 1578,3667 1624,3667 1670,3667 1717,3667 1763,3667 1809,3666 1856,3666"/>
                <TextEquiv>
                    <Unicode>und je länger sie diese Frau betrachtet, desto</Unicode>
                </TextEquiv>
            </TextLine>
            <TextLine id="r1l93" custom="readingOrder {index:92;}">
                <Coords points="1968,3706 2084,3684 2344,3707 2425,3679 2470,3702 2770,3704 2832,3687 2832,3644 1968,3649"/>
                <Baseline points="1980,3686 2022,3688 2064,3688 2106,3689 2148,3690 2190,3690 2232,3690 2274,3690 2316,3689 2358,3689 2400,3689 2442,3688 2484,3687 2526,3687 2568,3687 2610,3687 2652,3687 2694,3687 2736,3687 2778,3688 2820,3689"/>
                <TextEquiv>
                    <Unicode>Den Vogel aber hat der Verfasser mit</Unicode>
                </TextEquiv>
            </TextLine>
            <TextLine id="r1l94" custom="readingOrder {index:93;}">
                <Coords points="922,3715 1871,3730 1871,3680 1760,3668 922,3680"/>
                <Baseline points="933,3715 979,3714 1025,3714 1071,3714 1118,3714 1164,3714 1210,3714 1256,3714 1303,3714 1349,3715 1395,3715 1441,3715 1488,3715 1534,3716 1580,3716 1626,3716 1673,3716 1719,3716 1765,3716 1811,3716 1858,3715"/>
                <TextEquiv>
                    <Unicode>bestimmter wird ihre Uiberzeugung, daß sie die</Unicode>
                </TextEquiv>
            </TextLine>
            <TextLine id="r1l95" custom="readingOrder {index:94;}">
                <Coords points="1871,3755 1985,3732 2766,3748 2827,3739 2828,3687 1976,3709 1872,3661"/>
                <Baseline points="1884,3735 1930,3734 1977,3732 2023,3732 2070,3731 2116,3731 2163,3731 2209,3732 2256,3732 2302,3733 2349,3734 2396,3735 2442,3735 2489,3736 2535,3737 2582,3737 2628,3737 2675,3736 2721,3736 2768,3734 2815,3733"/>
                <TextEquiv>
                    <Unicode>dem vierten und letzten Stück abgeschossen, das</Unicode>
                </TextEquiv>
            </TextLine>
            <TextLine id="r1l96" custom="readingOrder {index:95;}">
                <Coords points="916,3751 1863,3766 1863,3732 1728,3720 917,3715"/>
                <Baseline points="929,3756 975,3756 1021,3755 1067,3755 1113,3755 1159,3755 1205,3755 1251,3755 1297,3755 1343,3756 1390,3756 1436,3756 1482,3757 1528,3758 1574,3758 1620,3759 1666,3760 1712,3760 1758,3761 1804,3762 1851,3763"/>
                <TextEquiv>
                    <Unicode>hier im Bilde dargestellte Seene vor langer,</Unicode>
                </TextEquiv>
            </TextLine>
            <TextLine id="r1l97" custom="readingOrder {index:96;}">
                <Coords points="1876,3791 2480,3804 2667,3779 2835,3807 2835,3746 2802,3739 1876,3741"/>
                <Baseline points="1889,3777 1935,3778 1982,3780 2029,3781 2076,3782 2122,3783 2169,3783 2216,3784 2263,3784 2309,3784 2356,3784 2403,3784 2450,3784 2496,3784 2543,3784 2590,3783 2637,3783 2683,3782 2730,3782 2777,3781 2824,3781"/>
                <TextEquiv>
                    <Unicode>er bescheiden einen Schwank „Literatur“ nennt</Unicode>
                </TextEquiv>
            </TextLine>
            <TextLine id="r1l98" custom="readingOrder {index:97;}">
                <Coords points="906,3793 1821,3821 1866,3812 1867,3770 906,3758"/>
                <Baseline points="917,3794 963,3794 1010,3794 1057,3794 1104,3794 1151,3795 1198,3796 1244,3797 1291,3798 1338,3799 1385,3800 1432,3801 1479,3802 1526,3803 1572,3804 1619,3805 1666,3806 1713,3806 1760,3807 1807,3807 1854,3807"/>
                <TextEquiv>
                    <Unicode>kanger Zeit selbst erlebt hat, und zwar mit</Unicode>
                </TextEquiv>
            </TextLine>
            <TextLine id="r1l99" custom="readingOrder {index:98;}">
                <Coords points="1874,3830 2828,3853 2827,3799 2759,3787 1874,3794"/>
                <Baseline points="1886,3824 1932,3827 1979,3829 2025,3830 2072,3831 2118,3832 2165,3832 2211,3833 2258,3832 2304,3832 2351,3832 2397,3831 2444,3831 2490,3830 2537,3829 2583,3829 2630,3829 2676,3828 2723,3829 2769,3829 2816,3830"/>
                <TextEquiv>
                    <Unicode>und das thatsächlich eine mit glänzendem Witz,</Unicode>
                </TextEquiv>
            </TextLine>
            <TextLine id="r1l100" custom="readingOrder {index:99;}">
                <Coords points="907,3845 1868,3873 1859,3813 908,3793"/>
                <Baseline points="919,3838 965,3839 1012,3839 1059,3840 1106,3841 1153,3842 1200,3843 1247,3843 1294,3844 1341,3845 1388,3846 1434,3847 1481,3848 1528,3849 1575,3850 1622,3851 1669,3852 1716,3853 1763,3854 1810,3855 1857,3856"/>
                <TextEquiv>
                    <Unicode>demselben jungen Manne, der ihr jetzt zur</Unicode>
                </TextEquiv>
            </TextLine>
            <TextLine id="r1l101" custom="readingOrder {index:100;}">
                <Coords points="1882,3873 2762,3893 2830,3879 2831,3853 1882,3833"/>
                <Baseline points="1893,3873 1939,3874 1985,3875 2031,3875 2078,3876 2124,3876 2170,3876 2217,3876 2263,3876 2309,3876 2356,3876 2402,3876 2448,3876 2494,3876 2541,3876 2587,3876 2633,3877 2680,3877 2726,3878 2772,3878 2819,3879"/>
                <TextEquiv>
                    <Unicode>überlegenem Geist und funkelnder Laune ge¬</Unicode>
                </TextEquiv>
            </TextLine>
            <TextLine id="r1l102" custom="readingOrder {index:101;}">
                <Coords points="907,3899 1854,3918 1855,3866 1775,3852 909,3845"/>
                <Baseline points="919,3880 965,3882 1011,3884 1057,3885 1103,3887 1150,3888 1196,3889 1242,3891 1288,3891 1334,3892 1381,3893 1427,3894 1473,3894 1519,3895 1565,3896 1612,3897 1658,3898 1704,3899 1750,3901 1796,3902 1843,3903"/>
                <TextEquiv>
                    <Unicode>Seite sitzt. Die Bühne verdunkelt sich plötzlich,</Unicode>
                </TextEquiv>
            </TextLine>
            <TextLine id="r1l103" custom="readingOrder {index:102;}">
                <Coords points="1877,3926 2829,3937 2829,3880 2805,3878 1878,3872"/>
                <Baseline points="1889,3919 1935,3920 1981,3921 2028,3922 2074,3922 2121,3923 2167,3923 2213,3923 2260,3923 2306,3923 2353,3923 2399,3923 2445,3923 2492,3923 2538,3923 2585,3923 2631,3923 2677,3924 2724,3924 2770,3925 2817,3926"/>
                <TextEquiv>
                    <Unicode>schriebene Satire auf jene Kaffeehausliteraten</Unicode>
                </TextEquiv>
            </TextLine>
            <TextLine id="r1l104" custom="readingOrder {index:103;}">
                <Coords points="919,3937 1695,3966 1865,3955 1866,3917 920,3880"/>
                <Baseline points="931,3928 977,3930 1023,3932 1069,3933 1115,3935 1161,3936 1207,3937 1254,3938 1300,3939 1346,3940 1392,3941 1438,3941 1484,3942 1530,3943 1577,3943 1623,3944 1669,3945 1715,3945 1761,3946 1807,3947 1854,3947"/>
                <TextEquiv>
                    <Unicode>der Vorhang fällt, und als er sich nach einigen</Unicode>
                </TextEquiv>
            </TextLine>
            <TextLine id="r1l105" custom="readingOrder {index:104;}">
                <Coords points="1876,3962 2830,3981 2830,3936 2752,3929 1957,3946 1877,3924"/>
                <Baseline points="1889,3965 1935,3966 1982,3968 2028,3969 2075,3970 2121,3971 2168,3971 2214,3972 2261,3972 2307,3972 2354,3973 2400,3973 2447,3973 2493,3973 2540,3972 2586,3972 2633,3972 2679,3972 2726,3972 2772,3972 2819,3972"/>
                <TextEquiv>
                    <Unicode>ist, die, an eigenen Gedanken zu arm, ihre</Unicode>
                </TextEquiv>
            </TextLine>
            <TextLine id="r1l106" custom="readingOrder {index:105;}">
                <Coords points="921,3983 1864,4009 1866,3955 922,3943"/>
                <Baseline points="932,3975 978,3977 1024,3977 1070,3979 1116,3980 1162,3982 1208,3983 1254,3984 1300,3986 1346,3987 1392,3988 1438,3990 1484,3991 1530,3992 1576,3992 1622,3993 1668,3994 1714,3994 1760,3994 1806,3994 1852,3993"/>
                <TextEquiv>
                    <Unicode>Augenblicken wieder hebt, sehen wir dieselbe</Unicode>
                </TextEquiv>
            </TextLine>
            <TextLine id="r1l107" custom="readingOrder {index:106;}">
                <Coords points="1870,4015 2824,4040 2824,3981 2796,3979 1870,3977"/>
                <Baseline points="1882,4007 1928,4011 1974,4014 2021,4016 2067,4018 2114,4019 2160,4020 2207,4020 2253,4020 2300,4020 2346,4019 2392,4018 2439,4018 2485,4017 2532,4016 2578,4016 2625,4016 2671,4016 2718,4016 2764,4017 2811,4018"/>
                <TextEquiv>
                    <Unicode>kleinen Erlebnisse zu langen Romanen auszu¬</Unicode>
                </TextEquiv>
            </TextLine>
            <TextLine id="r1l108" custom="readingOrder {index:107;}">
                <Coords points="917,4028 1821,4058 1868,4047 1869,4009 918,3981"/>
                <Baseline points="928,4022 974,4024 1020,4025 1067,4026 1113,4027 1160,4028 1206,4029 1252,4030 1299,4031 1345,4032 1392,4033 1438,4033 1484,4034 1531,4035 1577,4036 1624,4037 1670,4038 1716,4039 1763,4040 1809,4041 1856,4043"/>
                <TextEquiv>
                    <Unicode>Frau mit dem jungen Manne in der Tracht</Unicode>
                </TextEquiv>
            </TextLine>
            <TextLine id="r1l109" custom="readingOrder {index:108;}">
                <Coords points="1878,4080 2820,4069 2820,4040 2726,4021 2309,4040 1878,4016"/>
                <Baseline points="1889,4060 1937,4060 1985,4061 2034,4061 2082,4062 2130,4062 2179,4063 2227,4063 2275,4063 2324,4064 2372,4064 2421,4064 2469,4064 2517,4064 2566,4064 2614,4064 2662,4065 2711,4065 2759,4065 2808,4065"/>
                <TextEquiv>
                    <Unicode>münzen suchen. Sie entblößen sich und ihre</Unicode>
                </TextEquiv>
            </TextLine>
            <TextLine id="r1l110" custom="readingOrder {index:109;}">
                <Coords points="907,4084 1863,4105 1864,4053 1716,4040 908,4039"/>
                <Baseline points="920,4066 966,4068 1013,4069 1059,4070 1106,4072 1153,4073 1199,4075 1246,4076 1292,4077 1339,4078 1386,4080 1432,4081 1479,4082 1525,4083 1572,4084 1619,4085 1665,4086 1712,4087 1758,4087 1805,4088 1852,4089"/>
                <TextEquiv>
                    <Unicode>der Renaissance=Zeit vor uns. Auf einer</Unicode>
                </TextEquiv>
            </TextLine>
            <TextLine id="r1l111" custom="readingOrder {index:110;}">
                <Coords points="1877,4118 2829,4118 2829,4073 2803,4070 1877,4071"/>
                <Baseline points="1890,4108 1936,4108 1982,4108 2028,4109 2075,4109 2121,4109 2167,4109 2214,4109 2260,4109 2306,4109 2353,4109 2399,4109 2445,4109 2491,4109 2538,4110 2584,4110 2630,4110 2677,4111 2723,4112 2769,4113 2816,4114"/>
                <TextEquiv>
                    <Unicode>„stilisirten“ Leiden und Freuden ohne Bedenken</Unicode>
                </TextEquiv>
            </TextLine>
            <TextLine id="r1l112" custom="readingOrder {index:111;}">
                <Coords points="908,4109 1018,4138 1135,4123 1179,4153 1345,4125 1570,4151 1861,4149 1862,4104 908,4086"/>
                <Baseline points="920,4112 966,4115 1013,4117 1059,4119 1106,4120 1152,4121 1199,4122 1245,4123 1292,4124 1338,4125 1385,4125 1431,4126 1478,4126 1524,4127 1571,4127 1617,4128 1664,4129 1710,4130 1757,4132 1803,4133 1850,4135"/>
                <TextEquiv>
                    <Unicode>Staffelei steht das halbvollendete Bild der</Unicode>
                </TextEquiv>
            </TextLine>
            <TextLine id="r1l113" custom="readingOrder {index:112;}">
                <Coords points="1873,4151 2836,4182 2836,4123 2751,4115 1873,4118"/>
                <Baseline points="1885,4149 1934,4151 1983,4152 2033,4153 2082,4154 2132,4155 2181,4155 2230,4155 2280,4155 2329,4155 2379,4155 2428,4155 2478,4155 2527,4155 2576,4156 2626,4156 2675,4157 2725,4158 2774,4160 2824,4161"/>
                <TextEquiv>
                    <Unicode>vor der Welt, nur um sich einmal gedruckt zu sehen.</Unicode>
                </TextEquiv>
            </TextLine>
            <TextLine id="r1l114" custom="readingOrder {index:113;}">
                <Coords points="908,4174 2739,4223 2825,4181 909,4129"/>
                <Baseline points="920,4167 1014,4167 1109,4168 1203,4169 1298,4171 1393,4174 1487,4177 1582,4181 1676,4185 1771,4189 1866,4192 1960,4196 2055,4200 2149,4203 2244,4205 2339,4207 2433,4208 2528,4208 2622,4207 2717,4205 2812,4202"/>
                <TextEquiv>
                    <Unicode>Frau mit dem Dolche, von dem Gatten Sie geißelt Schnitzler in dieser übermüthigen</Unicode>
                </TextEquiv>
            </TextLine>
            <TextEquiv>
                <Unicode>16.1. Lebendige Stunden zyklus
box 21/2
Telefon 12801.
Alex. Weigl's Unternehmen für Zeitungs-Ausschnitte
Ausschaltt
„Oosekven N 38
I. österr. behördl. conc. Bureau für Zeitungsberichte u. Personalnachrichten
Wien, IX/, Türkenstrasse 17.
 Piiale in Budapest: „Pigreis“ —
Vertretungen in Berlin, Chicago, Genf, London, Newyork, Paris, Rom, Stockholm.
Ausschnitt aus:
Rohemia (Prag)
vom 
steht und mit dem Leben, das ihm so viele
„Lebendige Stunden“ von Arthur
Enttäuschungen brachte, abrechnen möchte, hält
sich der andere für genesen und schmiedet die
Schnitzler.
schönsten Pläne für die Zukunft. Der Arzt
Berlin, 5. Jänner.
macht seinen Abendbesuch. Rademacher bittet
Arthur Schnitzler, unstreitig das
ihn flehentlich, ihm noch schnell einen heißen
stärkste Talent der jüngeren Wiener Schule,
Wunsch zu erfüllen: er möchte seinen Jugend¬
hat mit seinem neuesten Einacter=Quartett
freund, den Schrifsteller Weihgast noch diesen
„Lebendige Stunden“*) am Deutschen
Abend sprechen, da er ihm etwas sehr Wichti¬
 Fur 50 Theater einen ziemlich gedämpft einsetzenden,
ges mitzutheilen habe. Der Arzt, der mit Weih¬
100 dann aber ständig steigenden und zuletzt mächtig
gast befreundet ist, verspricht, ihn zu bringen.
200
500 anschwellenden Erfolg erzielt. Die vier Stücke,
Der Schauspieler fragt neugierig, was Rade¬
„ 1000 die ungleich in jeder Hinsicht sind, haben nur
macher denn noch so Eiliges zu beichten habe,
Im das Eine gemeinsam, daß in sämmtlichen Ver¬
und dieser entgegegnet: er wolle sich vor seinem
Abonnem treter der Literatur und Kunst die Hauptrollen
Ende die Genugtthuung verschaffen, dem ehema¬
Abonnent spielen. Der Gesammttitel „Lebendige Stunden“.
ligen Freunde, der unverdient so große äußer¬
ist ziemlich willkürlich dem Titel des ersten
liche Erfolge im Leben davongetragen habe,
D Stückchens entlehnt, das diese Ehre umso
unverblümt zu sagen, daß er ihn stets in seiner
Inhalts weniger verdiente, als es das schwächste unter
ganzen Hohlheit durchschaut habe, ja daß sich
blütt
den vieren ist. Von des Gedankens Blässe an¬
wodurel
sogar die eigene Gattin des „großen" Mannes
gekränkelt, behandelt dieser Auftact zu den
des In
angeekelt von ihm abgewandt und ihre Liebe
werden folgenden, lebensvollen und geistsprühenden
dem verkannten, vom Schicksal so arg mitge¬
Dichtungen die erklügelte Frage, ob das ganze
nommenen Journalisten geschenkt habe. Als
dichterische Schaffen des Sohnes auch nur eine
dann aber Weihgast wirklich kommt und mit
„Lebendige Stunde“ der Mutter aufzuwiegen
seiner hohlen Schönrednerei nichtssagende
vermag. Eine unheilbar erkrankte Mutter hat
Redensarten drechselt und innige Freundschaft
sich nämlich mit Morphium vergistet, um ihren
heuchelt, da bringt es der Sterbende theils vor
Sohn vom Anblick ihrer Leiden zu befreien
Ekel, theils aus Mitleid nicht fertig, dem Leben¬
und ihn seinem Dichterberuf wiederzugeben.
den die letzte Maske vom Gesicht zu reißen,
Das zweite Schauspiel „Die Frau mit
und im Gefühl seiner ganzen Größe und Uiber¬
dem Dolche“ wirkt mehr durch virtuose Technik
legenheit nimmt der aufgeblasene Dichter von
und äußerliche Effecte, als durch innere Vor¬
dem sterbenden Jugendfreunde Abschied. Es ist
züge und dichterische Eigenschaften. Eine junge,
eine ungemein feine psychologische Studie, die
hysterische Frau gibt sich mit ihrem Liebhaber
Schnitzler hier im engen Rahmen aufrollt, tief¬
ein Stelldichein in einem Bildermuseum vor
gründig und lebenswahr, voll bitterer Satire
einem italienischen Gemälde aus dem 15. Jahr¬
und nicht ohne weitere Ausblicke auf die Nichtig¬
hundert. Die hier mit dem Dolche dargestellte
keit alles Irdischen im Angesicht des Todes und
Frau hat eine frappante Aehnlichkeit mit ihr,
der Ewigkeit.
und je länger sie diese Frau betrachtet, desto
Den Vogel aber hat der Verfasser mit
bestimmter wird ihre Uiberzeugung, daß sie die
dem vierten und letzten Stück abgeschossen, das
hier im Bilde dargestellte Seene vor langer,
er bescheiden einen Schwank „Literatur“ nennt
kanger Zeit selbst erlebt hat, und zwar mit
und das thatsächlich eine mit glänzendem Witz,
demselben jungen Manne, der ihr jetzt zur
überlegenem Geist und funkelnder Laune ge¬
Seite sitzt. Die Bühne verdunkelt sich plötzlich,
schriebene Satire auf jene Kaffeehausliteraten
der Vorhang fällt, und als er sich nach einigen
ist, die, an eigenen Gedanken zu arm, ihre
Augenblicken wieder hebt, sehen wir dieselbe
kleinen Erlebnisse zu langen Romanen auszu¬
Frau mit dem jungen Manne in der Tracht
münzen suchen. Sie entblößen sich und ihre
der Renaissance=Zeit vor uns. Auf einer
„stilisirten“ Leiden und Freuden ohne Bedenken
Staffelei steht das halbvollendete Bild der
vor der Welt, nur um sich einmal gedruckt zu sehen.
Frau mit dem Dolche, von dem Gatten Sie geißelt Schnitzler in dieser übermüthigen</Unicode>
            </TextEquiv>
        </TextRegion>
    </Page>
</PcGts>
