<?xml version="1.0" encoding="UTF-8" standalone="yes"?>
<PcGts xmlns="http://schema.primaresearch.org/PAGE/gts/pagecontent/2013-07-15" xmlns:xsi="http://www.w3.org/2001/XMLSchema-instance" xsi:schemaLocation="http://schema.primaresearch.org/PAGE/gts/pagecontent/2013-07-15 http://schema.primaresearch.org/PAGE/gts/pagecontent/2013-07-15/pagecontent.xsd">
    <Metadata>
        <Creator>prov=University of Rostock/Institute of Mathematics/CITlab/Gundram Leifert/gundram.leifert@uni-rostock.de:name=ONB_Newseye_GT_M1+(htr_id=10810)::::v=2.4.2
prov=University of Rostock/Institute of Mathematics/CITlab/Tobias Gruening/tobias.gruening@uni-rostock.de:name=de.uros.citlab.module.baseline2polygon.B2PSeamMultiOriented:v=2.4.2
prov=University of Rostock/Institute of Mathematics/CITlab/Tobias Gruening/tobias.gruening@uni-rostock.de:name=/mnt/transkribus/LA/DEA/URO/LA_news_onb_att.pb:de.uros.citlab.segmentation.CITlab_LA_ML:v=2.4.2
Transkribus</Creator>
        <Created>2019-10-07T11:33:53.274+02:00</Created>
        <LastChange>2019-10-08T13:22:21.994+02:00</LastChange>
        <TranskribusMetadata docId="223975" pageId="9500547" pageNr="121" tsid="16581142" status="IN_PROGRESS" userId="40391" imgUrl="https://files.transkribus.eu/Get?id=QJKUAJFDLFGVUONEPKVAYVSB&amp;fileType=view" xmlUrl="https://files.transkribus.eu/Get?id=PKRFBDSAGRSKPSHMPXOTNWQI" imageId="6190769"/>
    </Metadata>
    <Page imageFilename="223975_0121.jpeg" imageWidth="3484" imageHeight="4256">
        <ReadingOrder>
            <OrderedGroup id="ro_1711449718966" caption="Regions reading order">
                <RegionRefIndexed index="0" regionRef="r1"/>
            </OrderedGroup>
        </ReadingOrder>
        <TextRegion orientation="0.0" id="r1" custom="readingOrder {index:0;}">
            <Coords points="108,130 108,3739 3269,3739 3269,130"/>
            <TextLine id="r1l1" custom="readingOrder {index:0;}">
                <Coords points="2040,159 2110,189 2174,170 2208,191 2402,179 2464,196 2496,189 2498,95 2332,107 2289,90 2144,103 2128,87 2041,89"/>
                <Baseline points="2060,159 2086,159 2112,159 2138,160 2164,160 2190,161 2216,161 2242,162 2269,163 2295,163 2321,164 2347,165 2373,165 2399,166 2425,166 2451,167 2478,167"/>
                <TextEquiv>
                    <Unicode>box 21/2</Unicode>
                </TextEquiv>
            </TextLine>
            <TextLine id="r1l2" custom="readingOrder {index:1;}">
                <Coords points="231,163 1852,216 1903,213 1904,110 231,116"/>
                <Baseline points="252,153 333,159 415,164 496,168 578,171 659,173 741,175 822,176 904,176 985,176 1067,176 1149,176 1230,175 1312,175 1393,174 1475,174 1556,174 1638,175 1719,176 1801,177 1883,180"/>
                <TextEquiv>
                    <Unicode>16.1. Lebendige Stunden Zyklus</Unicode>
                </TextEquiv>
            </TextLine>
            <TextLine id="r1l3" custom="readingOrder {index:2;}">
                <Coords points="118,803 184,787 226,806 247,788 304,798 356,768 497,752 527,773 564,752 597,765 685,739 679,684 570,665 468,676 421,709 376,698 300,731 191,711 154,731 109,721"/>
                <Baseline points="137,784 163,782 189,781 215,779 242,776 268,774 294,771 321,768 347,764 373,761 400,758 426,754 452,751 478,747 505,745 531,741 557,739 584,736 610,734 636,732 663,730"/>
                <TextEquiv>
                    <Unicode>Zeitungs-Aussehnitte</Unicode>
                </TextEquiv>
            </TextLine>
            <TextLine id="r1l4" custom="readingOrder {index:3;}">
                <Coords points="355,820 472,805 502,821 527,801 551,798 544,748 517,755 504,745 485,747 471,761 446,756 384,768 373,778 350,777"/>
                <Baseline points="374,812 400,807 426,804 453,800 479,796 505,794 532,792"/>
                <TextEquiv>
                    <Unicode>Ausschnilt</Unicode>
                </TextEquiv>
            </TextLine>
            <TextLine id="r1l5" custom="readingOrder {index:4;}">
                <Coords points="123,925 199,938 262,931 333,889 470,911 537,873 558,890 691,873 682,783 549,792 500,821 385,812 295,865 171,849 118,874"/>
                <Baseline points="139,905 165,904 192,903 218,902 245,900 272,898 298,896 325,894 351,893 378,890 405,888 431,886 458,882 484,879 511,877 538,873 564,869 591,865 617,861 644,856 671,851"/>
                <TextEquiv>
                    <Unicode>En Nr. 20</Unicode>
                </TextEquiv>
            </TextLine>
            <TextLine id="r1l6" custom="readingOrder {index:5;}">
                <Coords points="100,1023 263,987 735,963 758,957 749,859 368,930 323,911 215,941 169,921 94,960"/>
                <Baseline points="117,988 147,986 178,984 209,981 240,979 271,976 302,974 333,971 364,969 395,967 426,963 456,961 487,958 518,955 549,951 580,948 611,945 642,941 673,937 704,933 735,929"/>
                <TextEquiv>
                    <Unicode>berichte u. Personalnachriechtes</Unicode>
                </TextEquiv>
            </TextLine>
            <TextLine id="r1l7" custom="readingOrder {index:6;}">
                <Coords points="107,1097 145,1082 189,1091 239,1067 295,1079 372,1057 397,1075 510,1051 597,1056 590,962 496,969 470,991 363,987 313,1011 241,988 101,1019"/>
                <Baseline points="123,1065 148,1062 173,1060 198,1057 223,1055 248,1053 273,1051 298,1050 323,1048 349,1047 374,1045 399,1043 424,1042 449,1040 474,1038 499,1036 524,1033 549,1030 575,1026"/>
                <TextEquiv>
                    <Unicode>Instrasse 17.</Unicode>
                </TextEquiv>
            </TextLine>
            <TextLine id="r1l8" custom="readingOrder {index:7;}">
                <Coords points="134,1173 203,1153 268,1161 282,1147 295,1154 316,1135 345,1148 356,1134 395,1130 388,1071 353,1075 339,1065 317,1080 241,1069 126,1107"/>
                <Baseline points="151,1139 178,1137 206,1134 234,1131 262,1128 290,1125 318,1121 346,1116 374,1112"/>
                <TextEquiv>
                    <Unicode>„Figyelö“ —</Unicode>
                </TextEquiv>
            </TextLine>
            <TextLine id="r1l9" custom="readingOrder {index:8;}">
                <Coords points="132,1225 666,1180 766,1151 759,1080 700,1086 672,1117 372,1122 346,1145 309,1128 126,1162"/>
                <Baseline points="152,1211 181,1207 211,1205 240,1202 270,1198 300,1195 329,1192 359,1189 389,1186 418,1183 448,1180 478,1178 507,1175 537,1172 567,1169 596,1166 626,1163 656,1160 685,1158 715,1155 745,1152"/>
                <TextEquiv>
                    <Unicode>a. Nenyork, Paris, Rom, Stockhols.</Unicode>
                </TextEquiv>
            </TextLine>
            <TextLine id="r1l10" custom="readingOrder {index:9;}">
                <Coords points="104,1527 156,1521 175,1534 215,1520 246,1534 262,1523 313,1521 371,1544 377,1426 358,1425 333,1444 245,1388 225,1395 214,1386 197,1397 174,1384 166,1392 144,1371 112,1365"/>
                <Baseline points="127,1500 152,1501 177,1503 202,1505 227,1506 252,1507 277,1508 302,1509 327,1510 353,1512"/>
                <TextEquiv>
                    <Unicode>ee Wane</Unicode>
                </TextEquiv>
            </TextLine>
            <TextLine id="r1l11" custom="readingOrder {index:10;}">
                <Coords points="2068,1921 2119,1924 2130,1916 2197,1918 2195,1824 2172,1824 2160,1836 2132,1837 2124,1829 2109,1842 2101,1838 2066,1843"/>
                <Baseline points="2085,1899 2115,1900 2146,1899 2177,1897"/>
                <TextEquiv>
                    <Unicode>—.—</Unicode>
                </TextEquiv>
            </TextLine>
            <TextLine id="r1l12" custom="readingOrder {index:11;}">
                <Coords points="1500,1929 1563,1931 1586,1926 1594,1930 1606,1925 1622,1933 1645,1932 1644,1873 1620,1874 1612,1866 1604,1870 1596,1863 1588,1867 1580,1859 1560,1860 1552,1852 1537,1861 1497,1858"/>
                <Baseline points="1517,1907 1543,1908 1570,1907 1597,1906 1624,1904"/>
                <TextEquiv>
                    <Unicode>—</Unicode>
                </TextEquiv>
            </TextLine>
            <TextLine id="r1l13" custom="readingOrder {index:12;}">
                <Coords points="1139,1948 1159,1947 1177,1934 1224,1931 1221,1879 1193,1881 1164,1860 1153,1868 1133,1870"/>
                <Baseline points="1158,1916 1203,1913"/>
                <TextEquiv>
                    <Unicode>—</Unicode>
                </TextEquiv>
            </TextLine>
            <TextLine id="r1l14" custom="readingOrder {index:13;}">
                <Coords points="846,1986 3251,1974 3285,1875 845,1939"/>
                <Baseline points="867,1976 993,1975 1119,1974 1245,1973 1372,1972 1498,1970 1624,1969 1750,1967 1877,1965 2003,1963 2129,1961 2255,1960 2382,1958 2508,1957 2634,1955 2760,1954 2887,1953 3013,1953 3139,1952 3266,1952"/>
                <TextEquiv>
                    <Unicode>Kein Zweifel, Schnitzler muß dieses Capitel im Kopfe einen Wunsch vor dem Sterben: er will seinen Todfeind, den</Unicode>
                </TextEquiv>
            </TextLine>
            <TextLine id="r1l15" custom="readingOrder {index:14;}">
                <Coords points="728,2025 3279,1999 728,1998"/>
                <Baseline points="747,2031 872,2030 998,2029 1123,2028 1249,2026 1374,2025 1500,2024 1625,2022 1751,2021 1876,2019 2002,2017 2128,2015 2253,2014 2379,2012 2504,2010 2630,2008 2755,2006 2881,2004 3006,2002 3132,1999 3258,1997"/>
                <TextEquiv>
                    <Unicode>gehabt haben, als er „Die Frau mit dem Dolche“ gestaltete. Das berühmten Dichter Weihgast, sehen, um ihm zu sagen, daß er ihn</Unicode>
                </TextEquiv>
            </TextLine>
            <TextLine id="r1l16" custom="readingOrder {index:15;}">
                <Coords points="102,2061 248,2047 287,2068 355,2045 370,2061 425,2070 429,1869 385,1869 322,1907 200,1873 105,1895"/>
                <Baseline points="124,2033 149,2034 175,2034 200,2035 226,2035 252,2035 277,2036 303,2036 329,2037 354,2037 380,2038 406,2038"/>
                <TextEquiv>
                    <Unicode>leion.</Unicode>
                </TextEquiv>
            </TextLine>
            <TextLine id="r1l17" custom="readingOrder {index:16;}">
                <Coords points="750,2084 3123,2058 3272,1989 749,2037"/>
                <Baseline points="769,2079 893,2078 1017,2076 1141,2075 1265,2074 1389,2073 1513,2071 1637,2070 1761,2069 1885,2067 2010,2066 2134,2065 2258,2063 2382,2061 2506,2059 2630,2057 2754,2054 2878,2051 3002,2048 3126,2045 3251,2041"/>
                <TextEquiv>
                    <Unicode>Stückchen hat nicht so gewirkt, wie es sollte, aber es ist ent= verachtet, daß er ein Hohlkopf ist, daß er nur mehr Glück im</Unicode>
                </TextEquiv>
            </TextLine>
            <TextLine id="r1l18" custom="readingOrder {index:17;}">
                <Coords points="754,2142 3249,2114 3272,2039 753,2086"/>
                <Baseline points="774,2130 897,2127 1021,2125 1145,2123 1269,2121 1393,2119 1517,2117 1641,2115 1765,2113 1889,2111 2013,2109 2136,2107 2260,2105 2384,2103 2508,2102 2632,2100 2756,2098 2880,2096 3004,2094 3128,2092 3252,2090"/>
                <TextEquiv>
                    <Unicode>schieden das tiefste und feinste unter den vieren. In einer Bilder= Leben gehabt hat, als er, der arme Teufel, daß er ihn mit seiner</Unicode>
                </TextEquiv>
            </TextLine>
            <TextLine id="r1l19" custom="readingOrder {index:18;}">
                <Coords points="110,2151 150,2142 169,2154 197,2137 236,2152 279,2139 355,2157 378,2137 425,2148 437,2135 484,2138 482,2052 447,2064 423,2053 404,2073 388,2058 360,2070 297,2056 211,2090 109,2080"/>
                <Baseline points="130,2132 155,2133 181,2134 207,2134 232,2133 258,2132 284,2131 309,2131 335,2129 361,2129 386,2128 412,2127 438,2127 464,2128"/>
                <TextEquiv>
                    <Unicode>kheaterbrief.</Unicode>
                </TextEquiv>
            </TextLine>
            <TextLine id="r1l20" custom="readingOrder {index:19;}">
                <Coords points="751,2189 3274,2153 3218,2095 750,2138"/>
                <Baseline points="769,2181 893,2178 1017,2174 1141,2171 1266,2169 1390,2167 1514,2165 1638,2163 1763,2161 1887,2160 2011,2158 2135,2157 2260,2155 2384,2154 2508,2152 2632,2150 2757,2148 2881,2145 3005,2143 3129,2140 3254,2136"/>
                <TextEquiv>
                    <Unicode>galerie trifft Frau Paula ihren Verehrer Leonhard. Sie liebt ihn Frau betrogen hat. Und Weihgast kommt, doch von dieser auf¬</Unicode>
                </TextEquiv>
            </TextLine>
            <TextLine id="r1l21" custom="readingOrder {index:20;}">
                <Coords points="114,2187 413,2182 469,2208 563,2179 752,2199 750,2105 699,2106 668,2134 609,2107 581,2131 518,2113 424,2146 113,2140"/>
                <Baseline points="134,2188 165,2188 197,2188 228,2188 260,2188 291,2188 323,2188 354,2187 386,2187 417,2187 449,2186 480,2186 512,2185 543,2184 575,2183 606,2182 638,2181 669,2180 701,2178 733,2176"/>
                <TextEquiv>
                    <Unicode>chnitler: „Lebendige Stunden",</Unicode>
                </TextEquiv>
            </TextLine>
            <TextLine id="r1l22" custom="readingOrder {index:21;}">
                <Coords points="744,2236 2901,2218 3263,2196 3262,2137 743,2189"/>
                <Baseline points="764,2228 888,2226 1012,2223 1136,2220 1260,2218 1384,2215 1508,2213 1632,2211 1756,2209 1880,2207 2004,2206 2128,2204 2252,2202 2376,2201 2500,2199 2624,2197 2748,2195 2872,2193 2996,2191 3120,2189 3245,2187"/>
                <TextEquiv>
                    <Unicode>nicht, aber sie hat den Wunsch, einmal seine Liebe zu genießen, geblasenen Lächerlichkeit bringt er kein Wort über die Lippen;</Unicode>
                </TextEquiv>
            </TextLine>
            <TextLine id="r1l23" custom="readingOrder {index:22;}">
                <Coords points="118,2251 169,2239 212,2258 307,2230 508,2248 669,2223 696,2247 748,2246 747,2183 117,2188"/>
                <Baseline points="137,2224 166,2224 196,2224 225,2224 255,2224 284,2224 314,2224 343,2224 373,2223 402,2223 432,2223 461,2223 491,2222 520,2222 550,2222 579,2222 609,2221 638,2221 668,2221 697,2221 727,2220"/>
                <TextEquiv>
                    <Unicode>Die letzten Masken“, „Literatur“.)</Unicode>
                </TextEquiv>
            </TextLine>
            <TextLine id="r1l24" custom="readingOrder {index:23;}">
                <Coords points="732,2276 3208,2273 3270,2197 731,2237"/>
                <Baseline points="752,2278 876,2274 1001,2271 1126,2268 1251,2266 1376,2263 1501,2261 1625,2259 1750,2257 1875,2256 2000,2254 2125,2252 2250,2251 2375,2249 2499,2248 2624,2246 2749,2244 2874,2242 2999,2240 3124,2237 3249,2235"/>
                <TextEquiv>
                    <Unicode>In jedem Weibe regt sich dieses Begehren zuweilen nach einem wozu auch. Was gehen ihn, den Sterbenden, die Leute denn</Unicode>
                </TextEquiv>
            </TextLine>
            <TextLine id="r1l25" custom="readingOrder {index:24;}">
                <Coords points="230,2289 545,2278 561,2294 659,2281 734,2292 734,2233 230,2242"/>
                <Baseline points="249,2275 274,2276 300,2276 326,2276 352,2276 377,2276 403,2276 429,2276 455,2276 481,2276 506,2276 532,2275 558,2275 584,2274 609,2274 635,2273 661,2272 687,2272 713,2271"/>
                <TextEquiv>
                    <Unicode>Berlin, 5. Jänner.</Unicode>
                </TextEquiv>
            </TextLine>
            <TextLine id="r1l26" custom="readingOrder {index:25;}">
                <Coords points="735,2315 2573,2289 2379,2233 734,2275"/>
                <Baseline points="753,2319 843,2320 933,2320 1023,2319 1113,2318 1203,2317 1293,2315 1383,2313 1473,2311 1563,2309 1654,2307 1744,2305 1834,2303 1924,2301 2014,2299 2104,2298 2194,2297 2284,2296 2374,2297 2464,2298 2555,2299"/>
                <TextEquiv>
                    <Unicode>bestimmten Mann; an ihm ist es, diesen Augenblick zu ergreifen. an, die morgen noch leben.</Unicode>
                </TextEquiv>
            </TextLine>
            <TextLine id="r1l27" custom="readingOrder {index:26;}">
                <Coords points="121,2341 388,2333 416,2356 447,2328 510,2339 530,2323 565,2326 565,2275 325,2290 242,2284 182,2253 147,2289 120,2289"/>
                <Baseline points="139,2327 164,2327 190,2327 215,2327 241,2327 266,2327 292,2328 317,2328 343,2328 368,2328 394,2327 419,2327 445,2325 470,2324 496,2323 521,2321 547,2318"/>
                <TextEquiv>
                    <Unicode> „Lebendige Stunden“.</Unicode>
                </TextEquiv>
            </TextLine>
            <TextLine id="r1l28" custom="readingOrder {index:27;}">
                <Coords points="2098,2366 3149,2372 3279,2342 3278,2283 2097,2319"/>
                <Baseline points="2118,2364 2175,2364 2232,2364 2289,2364 2346,2364 2403,2364 2460,2363 2517,2363 2574,2362 2631,2362 2688,2361 2745,2360 2802,2359 2859,2358 2916,2356 2973,2356 3030,2354 3087,2354 3144,2352 3201,2351 3258,2350"/>
                <TextEquiv>
                    <Unicode>Der Act ist rein theatralisch; eine Scene, die Generalprobe</Unicode>
                </TextEquiv>
            </TextLine>
            <TextLine id="r1l29" custom="readingOrder {index:28;}">
                <Coords points="124,2384 1982,2366 2016,2298 123,2341"/>
                <Baseline points="144,2375 236,2374 329,2373 422,2372 515,2371 607,2370 700,2369 793,2368 886,2367 978,2366 1071,2365 1164,2363 1257,2362 1349,2361 1442,2359 1535,2358 1628,2356 1720,2354 1813,2352 1906,2350 1999,2349"/>
                <TextEquiv>
                    <Unicode>er Erinnerung; „sie leben nicht Er kehrt nie wieder. Frau Paula will sich dem Galan nicht mehr</Unicode>
                </TextEquiv>
            </TextLine>
            <TextLine id="r1l30" custom="readingOrder {index:29;}">
                <Coords points="107,2432 3236,2413 3279,2342 106,2385"/>
                <Baseline points="126,2428 282,2424 439,2420 595,2417 752,2415 909,2414 1065,2412 1222,2411 1378,2411 1535,2410 1692,2410 1848,2410 2005,2410 2161,2410 2318,2410 2475,2409 2631,2409 2788,2408 2944,2407 3101,2406 3258,2404"/>
                <TextEquiv>
                    <Unicode>ihrer erinnert“ und es ist „nicht hingeben; da erblickt sie an der Wand das Bild eines un= der Abrechnung, die der Kranke mit seinem Feinde halten will,</Unicode>
                </TextEquiv>
            </TextLine>
            <TextLine id="r1l31" custom="readingOrder {index:30;}">
                <Coords points="108,2479 3273,2404 108,2428"/>
                <Baseline points="130,2474 286,2471 442,2467 598,2465 754,2463 911,2461 1067,2460 1223,2459 1379,2459 1535,2458 1692,2458 1848,2458 2004,2458 2160,2458 2316,2458 2473,2458 2629,2458 2785,2458 2941,2457 3097,2456 3254,2454"/>
                <TextEquiv>
                    <Unicode>tunden Dauer zu verleihen über bekannten Meisters „Die Frau mit dem Dolche". Es ähnelt nach der Manier bewährter Possentries angelegt. Der Sterbende</Unicode>
                </TextEquiv>
            </TextLine>
            <TextLine id="r1l32" custom="readingOrder {index:31;}">
                <Coords points="1994,2525 3249,2520 3285,2512 3284,2445 1993,2466"/>
                <Baseline points="2014,2514 2076,2513 2139,2512 2201,2511 2264,2510 2327,2510 2389,2509 2452,2509 2514,2508 2577,2508 2640,2507 2702,2506 2765,2505 2827,2505 2890,2504 2953,2503 3015,2501 3078,2500 3140,2499 3203,2497 3266,2495"/>
                <TextEquiv>
                    <Unicode>spielt einem Schauspieler vor, wie er dem Manne entgegentreten</Unicode>
                </TextEquiv>
            </TextLine>
            <TextLine id="r1l33" custom="readingOrder {index:32;}">
                <Coords points="107,2530 2012,2502 2011,2455 1724,2446 106,2479"/>
                <Baseline points="125,2519 218,2519 311,2519 404,2518 498,2518 591,2517 684,2516 778,2515 871,2514 964,2513 1058,2512 1151,2510 1244,2509 1337,2508 1431,2506 1524,2505 1617,2503 1711,2502 1804,2500 1897,2498 1991,2497"/>
                <TextEquiv>
                    <Unicode>jähr hat Arthur Schnitzler seine ihr, Zug um Zug. Sie wähnt, sie habe das Bild erlebt; sie</Unicode>
                </TextEquiv>
            </TextLine>
            <TextLine id="r1l34" custom="readingOrder {index:33;}">
                <Coords points="119,2578 3272,2549 119,2530"/>
                <Baseline points="140,2573 295,2569 451,2566 607,2564 762,2562 918,2560 1074,2559 1229,2557 1385,2557 1541,2556 1697,2556 1852,2555 2008,2555 2164,2554 2319,2554 2475,2553 2631,2552 2786,2551 2942,2550 3098,2548 3254,2545"/>
                <TextEquiv>
                    <Unicode>n gestern im Deutschen Theater sinnt und sinnt, ihre Gedanken verlieren sich. Sie sinkt will. Aber die Figur des Dichters Weihgast ist Gold werth.</Unicode>
                </TextEquiv>
            </TextLine>
            <TextLine id="r1l35" custom="readingOrder {index:34;}">
                <Coords points="3093,2599 3136,2605 3223,2603 3239,2610 3250,2598 3278,2597 3276,2546 3252,2543 3233,2559 3194,2560 3174,2549 3150,2550 3142,2558 3110,2535 3091,2536"/>
                <Baseline points="3114,2596 3142,2594 3171,2594 3199,2593 3228,2592 3257,2591"/>
                <TextEquiv>
                    <Unicode>herum</Unicode>
                </TextEquiv>
            </TextLine>
            <TextLine id="r1l36" custom="readingOrder {index:35;}">
                <Coords points="95,2629 2552,2629 3110,2547 95,2574"/>
                <Baseline points="116,2619 264,2615 413,2613 562,2610 710,2608 859,2607 1008,2606 1156,2605 1305,2604 1454,2603 1603,2603 1751,2603 1900,2603 2049,2602 2197,2602 2346,2602 2495,2602 2643,2601 2792,2601 2941,2600 3090,2599"/>
                <TextEquiv>
                    <Unicode>den Vorhang gerufen und alle zusammen und nun erscheint ihr der Seelentraum. Sie ist jetzt Man wird sie erkennen; diese Leute laufen unter uns</Unicode>
                </TextEquiv>
            </TextLine>
            <TextLine id="r1l37" custom="readingOrder {index:36;}">
                <Coords points="3084,2651 3194,2647 3218,2655 3253,2630 3273,2629 3271,2594 3248,2594 3228,2607 3082,2592"/>
                <Baseline points="3102,2644 3127,2643 3152,2642 3177,2641 3202,2640 3227,2639 3252,2640"/>
                <TextEquiv>
                    <Unicode>herum¬</Unicode>
                </TextEquiv>
            </TextLine>
            <TextLine id="r1l38" custom="readingOrder {index:37;}">
                <Coords points="2826,2654 2858,2649 2882,2660 2944,2650 2953,2658 3000,2652 3051,2662 3070,2642 3098,2645 3096,2602 3014,2600 2997,2585 2974,2602 2907,2600 2825,2619"/>
                <Baseline points="2847,2653 2872,2651 2898,2649 2924,2648 2950,2647 2975,2646 3001,2645 3027,2645 3053,2645 3079,2645"/>
                <TextEquiv>
                    <Unicode>„Literatur“</Unicode>
                </TextEquiv>
            </TextLine>
            <TextLine id="r1l39" custom="readingOrder {index:38;}">
                <Coords points="1996,2673 2197,2678 2291,2648 2362,2675 2452,2653 2594,2671 2645,2642 2700,2665 2850,2643 2849,2603 2790,2596 2448,2626 1995,2610"/>
                <Baseline points="2014,2656 2054,2657 2095,2657 2136,2657 2177,2657 2218,2657 2259,2656 2299,2656 2340,2655 2381,2654 2422,2653 2463,2652 2504,2651 2545,2650 2585,2649 2626,2648 2667,2647 2708,2647 2749,2646 2790,2645 2831,2645"/>
                <TextEquiv>
                    <Unicode>Aber auch die Typen, die im Einacter</Unicode>
                </TextEquiv>
            </TextLine>
            <TextLine id="r1l40" custom="readingOrder {index:39;}">
                <Coords points="97,2668 2006,2652 2005,2600 1851,2591 96,2624"/>
                <Baseline points="116,2663 209,2663 303,2662 396,2662 490,2661 583,2660 677,2659 770,2658 864,2657 957,2656 1051,2654 1145,2653 1238,2652 1332,2650 1425,2649 1519,2648 1612,2646 1706,2645 1799,2644 1893,2642 1987,2641"/>
                <TextEquiv>
                    <Unicode>folges durfte der Wiener vor dem Paola in Florenz, die Gattin Remigio's, des Malers, und sie</Unicode>
                </TextEquiv>
            </TextLine>
            <TextLine id="r1l41" custom="readingOrder {index:40;}">
                <Coords points="2833,2696 2972,2719 3007,2717 3061,2680 3102,2714 3133,2717 3219,2694 3270,2700 3272,2629 3178,2652 3107,2647 3091,2631 3021,2654 2831,2649"/>
                <Baseline points="2851,2699 2876,2698 2901,2698 2926,2697 2952,2696 2977,2695 3002,2694 3027,2693 3053,2692 3078,2691 3103,2689 3128,2689 3154,2688 3179,2687 3204,2686 3229,2686 3255,2686"/>
                <TextEquiv>
                    <Unicode>gepflegten Händen</Unicode>
                </TextEquiv>
            </TextLine>
            <TextLine id="r1l42" custom="readingOrder {index:41;}">
                <Coords points="2256,2713 2574,2699 2626,2722 2696,2681 2783,2715 2834,2707 2833,2652 2810,2648 2255,2658"/>
                <Baseline points="2277,2699 2303,2700 2330,2700 2357,2700 2384,2700 2411,2700 2438,2699 2465,2699 2492,2698 2519,2697 2546,2697 2572,2696 2599,2695 2626,2694 2653,2694 2680,2693 2707,2693 2734,2693 2761,2693 2788,2693 2815,2694"/>
                <TextEquiv>
                    <Unicode>Der Baron mit den</Unicode>
                </TextEquiv>
            </TextLine>
            <TextLine id="r1l43" custom="readingOrder {index:42;}">
                <Coords points="155,2730 2237,2708 1823,2638 154,2659"/>
                <Baseline points="173,2708 275,2710 377,2711 479,2711 581,2711 683,2710 785,2709 887,2707 989,2705 1091,2703 1194,2701 1296,2699 1398,2697 1500,2696 1602,2695 1704,2694 1806,2693 1908,2694 2010,2695 2112,2696 2215,2699"/>
                <TextEquiv>
                    <Unicode>Doch äußerlich allein ist der hat in einer wilden Liebesnacht sich einem Schüler des Meisters, wimmeln.</Unicode>
                </TextEquiv>
            </TextLine>
            <TextLine id="r1l44" custom="readingOrder {index:43;}">
                <Coords points="2827,2742 2898,2748 2922,2763 2942,2743 2969,2743 2996,2726 3028,2753 3111,2763 3109,2677 3054,2682 3035,2698 2929,2689 2862,2706 2850,2694 2826,2695"/>
                <Baseline points="2849,2744 2875,2744 2902,2744 2929,2744 2956,2744 2983,2744 3010,2743 3037,2742 3064,2740 3091,2737"/>
                <TextEquiv>
                    <Unicode>der sich</Unicode>
                </TextEquiv>
            </TextLine>
            <TextLine id="r1l45" custom="readingOrder {index:44;}">
                <Coords points="2322,2745 2373,2760 2432,2759 2452,2778 2480,2778 2487,2769 2499,2777 2523,2757 2562,2756 2593,2732 2613,2732 2612,2688 2569,2685 2538,2710 2368,2705 2321,2713"/>
                <Baseline points="2343,2744 2368,2747 2393,2748 2418,2748 2443,2748 2469,2748 2494,2746 2519,2745 2544,2744 2569,2743 2595,2743"/>
                <TextEquiv>
                    <Unicode>ungepflegten</Unicode>
                </TextEquiv>
            </TextLine>
            <TextLine id="r1l46" custom="readingOrder {index:45;}">
                <Coords points="2637,2767 2679,2777 2708,2750 2759,2752 2775,2765 2795,2746 2823,2747 2824,2704 2765,2709 2711,2683 2687,2686 2671,2702 2639,2704"/>
                <Baseline points="2659,2746 2688,2743 2717,2742 2746,2744 2775,2747 2804,2751"/>
                <TextEquiv>
                    <Unicode>Hirn,</Unicode>
                </TextEquiv>
            </TextLine>
            <TextLine id="r1l47" custom="readingOrder {index:46;}">
                <Coords points="2156,2758 2172,2758 2179,2753 2187,2757 2235,2754 2247,2762 2255,2761 2266,2749 2286,2748 2283,2701 2256,2706 2240,2703 2236,2707 2228,2703 2205,2709 2201,2705 2177,2714 2154,2715"/>
                <Baseline points="2176,2752 2205,2748 2235,2747 2265,2747"/>
                <TextEquiv>
                    <Unicode>dem</Unicode>
                </TextEquiv>
            </TextLine>
            <TextLine id="r1l48" custom="readingOrder {index:47;}">
                <Coords points="97,2762 2125,2760 2124,2713 1817,2684 96,2691"/>
                <Baseline points="117,2757 216,2758 315,2759 414,2759 514,2759 613,2758 712,2757 812,2755 911,2754 1010,2752 1110,2750 1209,2748 1308,2746 1407,2745 1507,2744 1606,2743 1705,2742 1805,2742 1904,2742 2003,2743 2103,2745"/>
                <TextEquiv>
                    <Unicode>hat der Dichter an die Seelen ge= Leonardo, hingegeben. Sie gesteht dem Gatten ihre Schuld, doch und</Unicode>
                </TextEquiv>
            </TextLine>
            <TextLine id="r1l49" custom="readingOrder {index:48;}">
                <Coords points="2146,2792 3276,2791 3276,2748 3165,2730 2437,2764 2146,2729"/>
                <Baseline points="2165,2795 2219,2796 2274,2796 2328,2797 2383,2797 2438,2796 2492,2796 2547,2795 2601,2795 2656,2794 2711,2792 2765,2791 2820,2790 2874,2789 2929,2788 2984,2787 3038,2785 3093,2785 3147,2784 3202,2784 3257,2783"/>
                <TextEquiv>
                    <Unicode>Schriftstellerin verlobt hat, die ihre Werke</Unicode>
                </TextEquiv>
            </TextLine>
            <TextLine id="r1l50" custom="readingOrder {index:49;}">
                <Coords points="99,2813 2087,2815 2141,2739 98,2766"/>
                <Baseline points="119,2805 219,2807 319,2807 419,2807 519,2807 619,2806 719,2805 819,2803 919,2801 1019,2799 1120,2797 1220,2796 1320,2794 1420,2792 1520,2791 1620,2790 1720,2789 1820,2789 1920,2790 2020,2791 2121,2793"/>
                <TextEquiv>
                    <Unicode>Regungen des Innenlebens nach= Remigio will ihn nicht tödten und so greift sie nach dem Dolche und einer</Unicode>
                </TextEquiv>
            </TextLine>
            <TextLine id="r1l51" custom="readingOrder {index:50;}">
                <Coords points="2000,2852 3239,2846 3274,2783 1999,2804"/>
                <Baseline points="2018,2848 2079,2847 2141,2846 2203,2846 2265,2845 2327,2845 2389,2844 2451,2844 2513,2843 2575,2843 2637,2843 2698,2842 2760,2841 2822,2841 2884,2840 2946,2839 3008,2838 3070,2837 3132,2835 3194,2834 3256,2831"/>
                <TextEquiv>
                    <Unicode>nur „erfunden“ und nicht erlebt haben will. Solche Sachen läßt</Unicode>
                </TextEquiv>
            </TextLine>
            <TextLine id="r1l52" custom="readingOrder {index:51;}">
                <Coords points="758,2861 2010,2843 2009,2796 1922,2786 757,2806"/>
                <Baseline points="777,2851 837,2851 898,2851 958,2850 1019,2849 1080,2849 1140,2848 1201,2847 1261,2846 1322,2845 1383,2844 1443,2843 1504,2841 1564,2840 1625,2839 1686,2838 1746,2836 1807,2835 1867,2834 1928,2833 1989,2832"/>
                <TextEquiv>
                    <Unicode>sticht den Geliebten nieder. Und Remigio schreitet an die Staffelei,</Unicode>
                </TextEquiv>
            </TextLine>
            <TextLine id="r1l53" custom="readingOrder {index:52;}">
                <Coords points="105,2864 774,2862 773,2811 639,2797 104,2813"/>
                <Baseline points="125,2855 156,2856 188,2857 219,2857 251,2858 282,2858 314,2857 345,2857 377,2856 408,2856 440,2855 472,2854 503,2853 535,2852 566,2851 598,2851 629,2850 661,2850 692,2850 724,2850 756,2851"/>
                <TextEquiv>
                    <Unicode>idem etwas haften geblieben wäre,</Unicode>
                </TextEquiv>
            </TextLine>
            <TextLine id="r1l54" custom="readingOrder {index:53;}">
                <Coords points="1995,2904 3282,2883 3281,2851 3013,2834 1994,2853"/>
                <Baseline points="2014,2899 2076,2898 2138,2896 2200,2896 2263,2894 2325,2894 2387,2893 2450,2892 2512,2891 2574,2891 2637,2891 2699,2890 2761,2890 2823,2889 2886,2889 2948,2888 3010,2887 3073,2887 3135,2886 3197,2885 3260,2884"/>
                <TextEquiv>
                    <Unicode>man nicht drucken — das ist die Meinung des adeligen Herrn;</Unicode>
                </TextEquiv>
            </TextLine>
            <TextLine id="r1l55" custom="readingOrder {index:54;}">
                <Coords points="750,2907 1954,2892 2009,2887 2009,2836 749,2852"/>
                <Baseline points="771,2900 832,2899 893,2899 954,2898 1015,2897 1076,2897 1137,2896 1198,2895 1259,2895 1320,2894 1381,2893 1442,2893 1503,2892 1564,2891 1625,2890 1686,2889 1747,2888 1808,2887 1869,2886 1930,2885 1991,2884"/>
                <TextEquiv>
                    <Unicode>um dieses Bild, das seine Seele aufrüttelt, festzuhalten. Ein</Unicode>
                </TextEquiv>
            </TextLine>
            <TextLine id="r1l56" custom="readingOrder {index:55;}">
                <Coords points="91,2912 776,2907 775,2852 90,2857"/>
                <Baseline points="111,2912 143,2911 175,2909 207,2908 239,2906 272,2906 304,2905 336,2904 368,2904 400,2903 433,2903 465,2903 497,2902 529,2902 561,2902 594,2901 626,2901 658,2900 690,2900 722,2899 755,2898"/>
                <TextEquiv>
                    <Unicode>gt hätte. Vier Einacter, grund¬</Unicode>
                </TextEquiv>
            </TextLine>
            <TextLine id="r1l57" custom="readingOrder {index:56;}">
                <Coords points="89,2975 3270,2889 89,2916"/>
                <Baseline points="108,2958 265,2954 422,2950 579,2947 736,2945 893,2943 1050,2942 1207,2941 1364,2940 1521,2940 1679,2940 1836,2940 1993,2940 2150,2940 2307,2939 2464,2939 2621,2939 2778,2938 2935,2937 3092,2936 3250,2934"/>
                <TextEquiv>
                    <Unicode>und doch mit einem gemeinsamen kurzer Traum, und die Seene zeigt wieder die Bildergalerie und man entblößt sich nicht vor der Menge. Und nun kommt ein</Unicode>
                </TextEquiv>
            </TextLine>
            <TextLine id="r1l58" custom="readingOrder {index:57;}">
                <Coords points="2001,2998 3166,3005 3272,2976 3272,2925 2000,2946"/>
                <Baseline points="2020,2994 2081,2992 2143,2991 2205,2990 2266,2989 2328,2988 2390,2988 2451,2987 2513,2986 2575,2986 2637,2985 2698,2985 2760,2984 2822,2984 2883,2983 2945,2983 3007,2982 3068,2981 3130,2980 3192,2979 3254,2978"/>
                <TextEquiv>
                    <Unicode>reizendes Zwischenspiel: ein früherer Geliebter, Literat seines</Unicode>
                </TextEquiv>
            </TextLine>
            <TextLine id="r1l59" custom="readingOrder {index:58;}">
                <Coords points="100,3018 2009,2986 2008,2938 1599,2927 99,2951"/>
                <Baseline points="118,2998 211,2998 305,2997 398,2997 492,2997 586,2997 679,2996 773,2996 866,2995 960,2994 1054,2993 1147,2992 1241,2991 1334,2990 1428,2989 1522,2987 1615,2985 1709,2983 1802,2981 1896,2979 1990,2976"/>
                <TextEquiv>
                    <Unicode>öendig, Augenblicke vielleicht nur, davor Frau Paula uns Leonhard. Nur sie hat geträumt, er</Unicode>
                </TextEquiv>
            </TextLine>
            <TextLine id="r1l60" custom="readingOrder {index:59;}">
                <Coords points="1506,3064 1577,3063 1624,3039 1659,3062 1714,3037 1844,3035 1892,3058 1966,3057 2021,3025 2021,2993 1938,2975 1918,2995 1768,2977 1702,3002 1666,2983 1623,2999 1595,2984 1505,2997"/>
                <Baseline points="1526,3032 1552,3031 1578,3031 1605,3030 1631,3030 1657,3029 1684,3028 1710,3028 1736,3027 1763,3027 1789,3026 1815,3026 1842,3026 1868,3025 1894,3025 1921,3025 1947,3025 1973,3026 2000,3026"/>
                <TextEquiv>
                    <Unicode>daß sie Abends zu ihm</Unicode>
                </TextEquiv>
            </TextLine>
            <TextLine id="r1l61" custom="readingOrder {index:60;}">
                <Coords points="1998,3046 3289,3026 3253,2983 1997,2995"/>
                <Baseline points="2016,3044 2078,3042 2141,3041 2203,3039 2266,3038 2329,3037 2391,3036 2454,3035 2517,3034 2579,3033 2642,3032 2705,3032 2767,3031 2830,3031 2893,3030 2955,3030 3018,3029 3081,3029 3143,3028 3206,3028 3269,3027"/>
                <TextEquiv>
                    <Unicode>Zeichens, taucht bei der Braut des Herr Barons auf; er hat</Unicode>
                </TextEquiv>
            </TextLine>
            <TextLine id="r1l62" custom="readingOrder {index:61;}">
                <Coords points="102,3065 1350,3061 1448,3036 1448,2997 102,3018"/>
                <Baseline points="120,3047 185,3047 250,3047 316,3047 381,3046 446,3046 512,3046 577,3046 642,3045 708,3045 773,3044 838,3044 904,3043 969,3043 1034,3041 1100,3040 1165,3039 1230,3038 1296,3036 1361,3034 1427,3032"/>
                <TextEquiv>
                    <Unicode>sen der Gegenwart die Rosen der nicht. Und da sagt sie ihm</Unicode>
                </TextEquiv>
            </TextLine>
            <TextLine id="r1l63" custom="readingOrder {index:62;}">
                <Coords points="2002,3098 3289,3086 3289,3027 2002,3043"/>
                <Baseline points="2020,3091 2082,3088 2144,3087 2207,3085 2269,3084 2332,3084 2394,3083 2456,3083 2519,3082 2581,3082 2644,3082 2706,3082 2768,3082 2831,3082 2893,3081 2956,3080 3018,3080 3080,3078 3143,3077 3205,3074 3268,3072"/>
                <TextEquiv>
                    <Unicode>einen Roman geschrieben, der die Geschichte ihrer gemeinsamen</Unicode>
                </TextEquiv>
            </TextLine>
            <TextLine id="r1l64" custom="readingOrder {index:63;}">
                <Coords points="759,3106 877,3110 932,3085 968,3104 991,3091 1062,3093 1061,3050 1029,3059 997,3040 974,3049 946,3041 757,3043"/>
                <Baseline points="778,3088 804,3088 830,3089 856,3088 882,3087 909,3086 935,3084 961,3083 987,3083 1013,3083 1040,3084"/>
                <TextEquiv>
                    <Unicode>kommen wird.</Unicode>
                </TextEquiv>
            </TextLine>
            <TextLine id="r1l65" custom="readingOrder {index:64;}">
                <Coords points="859,3133 2012,3133 2011,3058 858,3090"/>
                <Baseline points="879,3134 934,3134 990,3135 1046,3135 1101,3135 1157,3135 1213,3134 1268,3133 1324,3132 1380,3132 1436,3130 1491,3129 1547,3128 1603,3127 1658,3126 1714,3125 1770,3124 1825,3123 1881,3123 1937,3122 1993,3122"/>
                <TextEquiv>
                    <Unicode>Die Traumscene ist ein bißchen mißrathen, nicht sinnfällig</Unicode>
                </TextEquiv>
            </TextLine>
            <TextLine id="r1l66" custom="readingOrder {index:65;}">
                <Coords points="2003,3150 3279,3144 3278,3069 2003,3091"/>
                <Baseline points="2024,3135 2085,3135 2147,3135 2209,3134 2271,3134 2333,3134 2394,3134 2456,3133 2518,3133 2580,3132 2642,3132 2703,3131 2765,3130 2827,3130 2889,3129 2951,3127 3012,3126 3074,3125 3136,3124 3198,3122 3260,3120"/>
                <TextEquiv>
                    <Unicode>Liebe enthält und auch die Briefe, welche gewechselt</Unicode>
                </TextEquiv>
            </TextLine>
            <TextLine id="r1l67" custom="readingOrder {index:66;}">
                <Coords points="93,3149 526,3141 550,3161 605,3137 640,3161 778,3145 778,3082 636,3067 554,3098 526,3074 455,3098 372,3070 93,3106"/>
                <Baseline points="112,3137 144,3139 176,3140 209,3141 241,3141 274,3142 306,3142 338,3142 371,3142 403,3142 436,3141 468,3141 500,3141 533,3140 565,3140 598,3140 630,3140 662,3140 695,3141 727,3141 760,3142"/>
                <TextEquiv>
                    <Unicode>ehmüthigen Capitels aus Heine,</Unicode>
                </TextEquiv>
            </TextLine>
            <TextLine id="r1l68" custom="readingOrder {index:67;}">
                <Coords points="1996,3178 3058,3166 3133,3197 3287,3164 3262,3113 1995,3131"/>
                <Baseline points="2017,3183 2079,3183 2142,3183 2204,3182 2267,3182 2329,3181 2392,3181 2454,3180 2517,3179 2579,3179 2642,3178 2705,3177 2767,3176 2830,3176 2892,3175 2955,3174 3017,3173 3080,3172 3142,3172 3205,3171 3268,3170"/>
                <TextEquiv>
                    <Unicode>wurden. Diesen selben Roman hat aber auch die ehemalige</Unicode>
                </TextEquiv>
            </TextLine>
            <TextLine id="r1l69" custom="readingOrder {index:68;}">
                <Coords points="104,3199 1903,3206 2017,3185 2016,3122 103,3144"/>
                <Baseline points="124,3190 217,3190 311,3190 404,3190 498,3190 591,3190 685,3189 778,3189 872,3188 965,3187 1059,3186 1153,3185 1246,3184 1340,3182 1433,3181 1527,3179 1620,3177 1714,3175 1807,3173 1901,3171 1995,3168"/>
                <TextEquiv>
                    <Unicode>in dem Custoden durch die Säle genug, um dem feinen Gedanken des Vor= und Nachspiels Aus¬</Unicode>
                </TextEquiv>
            </TextLine>
            <TextLine id="r1l70" custom="readingOrder {index:69;}">
                <Coords points="1996,3243 2921,3216 3063,3246 3283,3223 3283,3168 1995,3180"/>
                <Baseline points="2016,3230 2078,3231 2140,3232 2203,3232 2265,3232 2327,3231 2390,3230 2452,3230 2514,3228 2577,3227 2639,3226 2701,3225 2764,3223 2826,3223 2888,3222 2951,3221 3013,3220 3075,3220 3138,3220 3200,3220 3263,3221"/>
                <TextEquiv>
                    <Unicode>Freundin geschrieben und Idieselben Briefe eingefügt. Nun,</Unicode>
                </TextEquiv>
            </TextLine>
            <TextLine id="r1l71" custom="readingOrder {index:70;}">
                <Coords points="87,3251 1579,3248 1650,3192 87,3199"/>
                <Baseline points="108,3244 184,3241 260,3240 336,3238 412,3237 488,3235 564,3234 641,3234 717,3233 793,3233 869,3233 945,3232 1021,3232 1097,3232 1174,3231 1250,3231 1326,3230 1402,3228 1478,3227 1554,3225 1631,3223"/>
                <TextEquiv>
                    <Unicode>er schönen Genueserinnen sah und druck zu leihen. Aber es ist ein Dichterwerk.</Unicode>
                </TextEquiv>
            </TextLine>
            <TextLine id="r1l72" custom="readingOrder {index:71;}">
                <Coords points="865,3287 3019,3289 3282,3217 865,3243"/>
                <Baseline points="884,3283 1009,3280 1134,3278 1259,3276 1384,3275 1510,3275 1635,3275 1760,3275 1885,3275 2010,3275 2136,3275 2261,3276 2386,3275 2511,3275 2636,3274 2762,3273 2887,3271 3012,3269 3137,3266 3263,3262"/>
                <TextEquiv>
                    <Unicode>Der erste Einacter ist ein Feuilleton. Man kann es schwerder ahnungslose Baron kauft aber den noch nicht zur Ausgabe</Unicode>
                </TextEquiv>
            </TextLine>
            <TextLine id="r1l73" custom="readingOrder {index:72;}">
                <Coords points="101,3294 782,3298 782,3239 101,3243"/>
                <Baseline points="119,3284 151,3286 183,3288 215,3289 247,3289 279,3290 311,3289 343,3289 375,3289 407,3288 440,3287 472,3286 504,3285 536,3284 568,3283 600,3283 632,3282 664,3282 696,3282 728,3283 761,3284"/>
                <TextEquiv>
                    <Unicode>8 in seiner Seele einen Sturm</Unicode>
                </TextEquiv>
            </TextLine>
            <TextLine id="r1l74" custom="readingOrder {index:73;}">
                <Coords points="99,3345 3287,3338 3287,3259 99,3290"/>
                <Baseline points="120,3339 277,3336 434,3334 592,3332 749,3330 907,3329 1064,3327 1221,3326 1379,3326 1536,3325 1694,3324 1851,3324 2008,3323 2166,3323 2323,3322 2481,3321 2638,3321 2795,3319 2953,3318 3110,3317 3268,3315"/>
                <TextEquiv>
                    <Unicode>Maria? Der Aufseher meinte erzählen; zwei Welten treten sich gegenüber. Der Dichterjüngling gelangten Roman seiner Braut auf und läßt ihn einstampfen.</Unicode>
                </TextEquiv>
            </TextLine>
            <TextLine id="r1l75" custom="readingOrder {index:74;}">
                <Coords points="2006,3381 3140,3382 3289,3352 3288,3305 2005,3334"/>
                <Baseline points="2026,3376 2088,3375 2150,3374 2212,3373 2274,3372 2336,3371 2398,3371 2460,3370 2522,3370 2584,3369 2647,3369 2709,3369 2771,3368 2833,3368 2895,3367 2957,3366 3019,3366 3081,3365 3143,3364 3205,3362 3268,3361"/>
                <TextEquiv>
                    <Unicode>Jeder Satz dieses Schwankes bringt eine entzückende literarische</Unicode>
                </TextEquiv>
            </TextLine>
            <TextLine id="r1l76" custom="readingOrder {index:75;}">
                <Coords points="95,3380 2016,3372 2015,3321 1625,3313 94,3345"/>
                <Baseline points="116,3385 214,3384 313,3382 412,3381 511,3380 610,3379 709,3378 808,3378 907,3377 1006,3376 1104,3375 1203,3375 1302,3374 1401,3373 1500,3371 1599,3370 1698,3368 1797,3367 1896,3364 1995,3362"/>
                <TextEquiv>
                    <Unicode>ogin von Genua vor, aber der mit dem feinen Kunstverstand, der sich vom Seelenleid in das</Unicode>
                </TextEquiv>
            </TextLine>
            <TextLine id="r1l77" custom="readingOrder {index:76;}">
                <Coords points="2007,3431 3204,3445 3274,3432 3273,3365 2006,3384"/>
                <Baseline points="2028,3427 2089,3426 2150,3425 2212,3424 2273,3423 2335,3422 2396,3421 2457,3419 2519,3418 2580,3417 2642,3416 2703,3415 2764,3414 2826,3413 2887,3413 2949,3412 3010,3411 3071,3411 3133,3411 3194,3411 3256,3411"/>
                <TextEquiv>
                    <Unicode>Pointe. Ee ist die famoseste Verhöhnung der literarischen Bo¬</Unicode>
                </TextEquiv>
            </TextLine>
            <TextLine id="r1l78" custom="readingOrder {index:77;}">
                <Coords points="96,3431 1895,3428 2005,3414 2005,3363 96,3384"/>
                <Baseline points="114,3437 207,3435 301,3433 394,3431 488,3429 582,3428 675,3427 769,3426 862,3425 956,3424 1050,3423 1143,3422 1237,3422 1330,3420 1424,3419 1518,3418 1611,3417 1705,3415 1798,3413 1892,3410 1986,3408"/>
                <TextEquiv>
                    <Unicode>In Sie gut sein, das Bild ist gut Reich der Phantasic hinüberrettet, und der hausbackene Bürgers¬</Unicode>
                </TextEquiv>
            </TextLine>
            <TextLine id="r1l79" custom="readingOrder {index:78;}">
                <Coords points="2003,3484 2810,3484 2932,3467 2932,3420 2003,3421"/>
                <Baseline points="2021,3466 2065,3467 2110,3468 2154,3469 2199,3469 2243,3470 2288,3470 2332,3470 2377,3470 2421,3470 2466,3470 2510,3469 2555,3469 2599,3468 2644,3468 2688,3467 2733,3466 2777,3465 2822,3464 2866,3463 2911,3462"/>
                <TextEquiv>
                    <Unicode>heme aus dem Café Griensteidl und anderswo.</Unicode>
                </TextEquiv>
            </TextLine>
            <TextLine id="r1l80" custom="readingOrder {index:79;}">
                <Coords points="128,3506 2010,3471 2009,3412 128,3443"/>
                <Baseline points="146,3480 238,3480 330,3479 422,3479 515,3478 607,3477 699,3476 791,3475 884,3474 976,3473 1068,3472 1160,3470 1253,3469 1345,3468 1437,3466 1529,3464 1622,3462 1714,3461 1806,3458 1898,3456 1991,3454"/>
                <TextEquiv>
                    <Unicode>paar Jahrhunderte im Voraus! mann mit dem kalten, eiskalten Kopf, dem warmen Herzen zwar,</Unicode>
                </TextEquiv>
            </TextLine>
            <TextLine id="r1l81" custom="readingOrder {index:80;}">
                <Coords points="163,3537 1675,3509 1674,3462 1485,3448 163,3494"/>
                <Baseline points="184,3527 257,3526 331,3525 404,3524 478,3523 552,3522 625,3522 699,3521 772,3521 846,3521 920,3520 993,3520 1067,3519 1140,3518 1214,3518 1288,3517 1361,3515 1435,3514 1508,3512 1582,3510 1656,3507"/>
                <TextEquiv>
                    <Unicode>Die Zeichnung ist richtig, die doch ohne Seele. Das Stückchen fiel leise ab.</Unicode>
                </TextEquiv>
            </TextLine>
            <TextLine id="r1l82" custom="readingOrder {index:81;}">
                <Coords points="2111,3530 2426,3564 2591,3563 2630,3527 3241,3551 3284,3528 3283,3449 2110,3475"/>
                <Baseline points="2130,3528 2186,3528 2243,3528 2300,3528 2356,3527 2413,3527 2470,3526 2526,3526 2583,3525 2640,3524 2697,3524 2753,3523 2810,3523 2867,3522 2923,3522 2980,3522 3037,3522 3093,3522 3150,3523 3207,3524 3264,3525"/>
                <TextEquiv>
                    <Unicode>Man lachte und lachte. Es war der größte Erfolg</Unicode>
                </TextEquiv>
            </TextLine>
            <TextLine id="r1l83" custom="readingOrder {index:82;}">
                <Coords points="865,3572 2007,3558 1978,3475 1538,3526 865,3529"/>
                <Baseline points="883,3564 938,3565 993,3566 1048,3567 1103,3568 1159,3568 1214,3568 1269,3568 1324,3568 1379,3567 1435,3566 1490,3565 1545,3563 1600,3562 1655,3560 1711,3558 1766,3556 1821,3554 1876,3552 1931,3550 1987,3548"/>
                <TextEquiv>
                    <Unicode>Viel besser erging es dem Schauspiel „Die letzten Masken“.</Unicode>
                </TextEquiv>
            </TextLine>
            <TextLine id="r1l84" custom="readingOrder {index:83;}">
                <Coords points="99,3573 386,3594 780,3579 779,3528 99,3542"/>
                <Baseline points="120,3574 152,3575 184,3576 216,3577 248,3578 280,3578 312,3578 344,3578 376,3578 408,3578 441,3577 473,3577 505,3576 537,3576 569,3575 601,3574 633,3573 665,3572 697,3572 729,3571 762,3571"/>
                <TextEquiv>
                    <Unicode>kas Bild gewiß für ihn gemalt.</Unicode>
                </TextEquiv>
            </TextLine>
            <TextLine id="r1l85" custom="readingOrder {index:84;}">
                <Coords points="2005,3601 2041,3589 2060,3596 2096,3576 2123,3596 2179,3607 2214,3595 2234,3606 2245,3594 2253,3602 2289,3594 2288,3539 2245,3524 2229,3536 2190,3540 2095,3529 2071,3514 2044,3534 2005,3526"/>
                <Baseline points="2023,3580 2050,3581 2077,3581 2104,3581 2131,3580 2158,3580 2185,3579 2212,3579 2239,3579 2267,3579"/>
                <TextEquiv>
                    <Unicode>des Abends.</Unicode>
                </TextEquiv>
            </TextLine>
            <TextLine id="r1l86" custom="readingOrder {index:85;}">
                <Coords points="99,3632 2012,3593 1755,3545 98,3569"/>
                <Baseline points="119,3622 212,3621 306,3620 399,3620 493,3619 587,3618 680,3618 774,3617 867,3616 961,3615 1055,3614 1148,3613 1242,3612 1335,3611 1429,3610 1523,3608 1616,3606 1710,3604 1803,3602 1897,3600 1991,3597"/>
                <TextEquiv>
                    <Unicode>Menschenkinder nicht einmal als Es spielt im Wiener Krankenhaus (und ich fürchte, es wird sich</Unicode>
                </TextEquiv>
            </TextLine>
            <TextLine id="r1l87" custom="readingOrder {index:86;}">
                <Coords points="2682,3634 2729,3661 2760,3640 2847,3663 3005,3640 3025,3659 3044,3643 3265,3655 3264,3592 3189,3598 3129,3563 3027,3557 2980,3585 2952,3558 2881,3560 2838,3592 2720,3566 2681,3579"/>
                <Baseline points="2701,3634 2728,3634 2755,3634 2782,3634 2809,3634 2836,3633 2863,3633 2891,3632 2918,3632 2945,3631 2972,3631 2999,3630 3026,3630 3053,3629 3081,3628 3108,3628 3135,3627 3162,3627 3189,3627 3216,3626 3244,3626"/>
                <TextEquiv>
                    <Unicode>Leop. Jacobson.</Unicode>
                </TextEquiv>
            </TextLine>
            <TextLine id="r1l88" custom="readingOrder {index:87;}">
                <Coords points="126,3671 1913,3674 2042,3601 125,3640"/>
                <Baseline points="147,3673 240,3672 334,3672 428,3672 522,3671 616,3670 709,3670 803,3669 897,3668 991,3667 1085,3666 1178,3665 1272,3663 1366,3662 1460,3660 1554,3658 1647,3656 1741,3654 1835,3651 1929,3648 2023,3645"/>
                <TextEquiv>
                    <Unicode>als Körper von längst ver= die Aerztekammer durch einige Worte und einen Typus ein bißchiät</Unicode>
                </TextEquiv>
            </TextLine>
            <TextLine id="r1l89" custom="readingOrder {index:88;}">
                <Coords points="121,3746 1829,3734 2049,3714 2048,3639 119,3667"/>
                <Baseline points="140,3728 234,3727 328,3726 423,3725 517,3724 612,3723 706,3722 801,3720 895,3719 990,3718 1084,3716 1178,3715 1273,3713 1367,3711 1462,3710 1556,3708 1651,3706 1745,3703 1840,3701 1934,3699 2029,3696"/>
                <TextEquiv>
                    <Unicode>astloses Wiederholungsspiel spielen. entrüsten). Der todkranke Journalist Rademacher hat nur noch</Unicode>
                </TextEquiv>
            </TextLine>
            <TextEquiv>
                <Unicode>box 21/2
16.1. Lebendige Stunden Zyklus
Zeitungs-Aussehnitte
Ausschnilt
En Nr. 20
berichte u. Personalnachriechtes
Instrasse 17.
„Figyelö“ —
a. Nenyork, Paris, Rom, Stockhols.
ee Wane
—.—
—
—
Kein Zweifel, Schnitzler muß dieses Capitel im Kopfe einen Wunsch vor dem Sterben: er will seinen Todfeind, den
gehabt haben, als er „Die Frau mit dem Dolche“ gestaltete. Das berühmten Dichter Weihgast, sehen, um ihm zu sagen, daß er ihn
leion.
Stückchen hat nicht so gewirkt, wie es sollte, aber es ist ent= verachtet, daß er ein Hohlkopf ist, daß er nur mehr Glück im
schieden das tiefste und feinste unter den vieren. In einer Bilder= Leben gehabt hat, als er, der arme Teufel, daß er ihn mit seiner
kheaterbrief.
galerie trifft Frau Paula ihren Verehrer Leonhard. Sie liebt ihn Frau betrogen hat. Und Weihgast kommt, doch von dieser auf¬
chnitler: „Lebendige Stunden",
nicht, aber sie hat den Wunsch, einmal seine Liebe zu genießen, geblasenen Lächerlichkeit bringt er kein Wort über die Lippen;
Die letzten Masken“, „Literatur“.)
In jedem Weibe regt sich dieses Begehren zuweilen nach einem wozu auch. Was gehen ihn, den Sterbenden, die Leute denn
Berlin, 5. Jänner.
bestimmten Mann; an ihm ist es, diesen Augenblick zu ergreifen. an, die morgen noch leben.
 „Lebendige Stunden“.
Der Act ist rein theatralisch; eine Scene, die Generalprobe
er Erinnerung; „sie leben nicht Er kehrt nie wieder. Frau Paula will sich dem Galan nicht mehr
ihrer erinnert“ und es ist „nicht hingeben; da erblickt sie an der Wand das Bild eines un= der Abrechnung, die der Kranke mit seinem Feinde halten will,
tunden Dauer zu verleihen über bekannten Meisters „Die Frau mit dem Dolche". Es ähnelt nach der Manier bewährter Possentries angelegt. Der Sterbende
spielt einem Schauspieler vor, wie er dem Manne entgegentreten
jähr hat Arthur Schnitzler seine ihr, Zug um Zug. Sie wähnt, sie habe das Bild erlebt; sie
n gestern im Deutschen Theater sinnt und sinnt, ihre Gedanken verlieren sich. Sie sinkt will. Aber die Figur des Dichters Weihgast ist Gold werth.
herum
den Vorhang gerufen und alle zusammen und nun erscheint ihr der Seelentraum. Sie ist jetzt Man wird sie erkennen; diese Leute laufen unter uns
herum¬
„Literatur“
Aber auch die Typen, die im Einacter
folges durfte der Wiener vor dem Paola in Florenz, die Gattin Remigio's, des Malers, und sie
gepflegten Händen
Der Baron mit den
Doch äußerlich allein ist der hat in einer wilden Liebesnacht sich einem Schüler des Meisters, wimmeln.
der sich
ungepflegten
Hirn,
dem
hat der Dichter an die Seelen ge= Leonardo, hingegeben. Sie gesteht dem Gatten ihre Schuld, doch und
Schriftstellerin verlobt hat, die ihre Werke
Regungen des Innenlebens nach= Remigio will ihn nicht tödten und so greift sie nach dem Dolche und einer
nur „erfunden“ und nicht erlebt haben will. Solche Sachen läßt
sticht den Geliebten nieder. Und Remigio schreitet an die Staffelei,
idem etwas haften geblieben wäre,
man nicht drucken — das ist die Meinung des adeligen Herrn;
um dieses Bild, das seine Seele aufrüttelt, festzuhalten. Ein
gt hätte. Vier Einacter, grund¬
und doch mit einem gemeinsamen kurzer Traum, und die Seene zeigt wieder die Bildergalerie und man entblößt sich nicht vor der Menge. Und nun kommt ein
reizendes Zwischenspiel: ein früherer Geliebter, Literat seines
öendig, Augenblicke vielleicht nur, davor Frau Paula uns Leonhard. Nur sie hat geträumt, er
daß sie Abends zu ihm
Zeichens, taucht bei der Braut des Herr Barons auf; er hat
sen der Gegenwart die Rosen der nicht. Und da sagt sie ihm
einen Roman geschrieben, der die Geschichte ihrer gemeinsamen
kommen wird.
Die Traumscene ist ein bißchen mißrathen, nicht sinnfällig
Liebe enthält und auch die Briefe, welche gewechselt
ehmüthigen Capitels aus Heine,
wurden. Diesen selben Roman hat aber auch die ehemalige
in dem Custoden durch die Säle genug, um dem feinen Gedanken des Vor= und Nachspiels Aus¬
Freundin geschrieben und Idieselben Briefe eingefügt. Nun,
er schönen Genueserinnen sah und druck zu leihen. Aber es ist ein Dichterwerk.
Der erste Einacter ist ein Feuilleton. Man kann es schwerder ahnungslose Baron kauft aber den noch nicht zur Ausgabe
8 in seiner Seele einen Sturm
Maria? Der Aufseher meinte erzählen; zwei Welten treten sich gegenüber. Der Dichterjüngling gelangten Roman seiner Braut auf und läßt ihn einstampfen.
Jeder Satz dieses Schwankes bringt eine entzückende literarische
ogin von Genua vor, aber der mit dem feinen Kunstverstand, der sich vom Seelenleid in das
Pointe. Ee ist die famoseste Verhöhnung der literarischen Bo¬
In Sie gut sein, das Bild ist gut Reich der Phantasic hinüberrettet, und der hausbackene Bürgers¬
heme aus dem Café Griensteidl und anderswo.
paar Jahrhunderte im Voraus! mann mit dem kalten, eiskalten Kopf, dem warmen Herzen zwar,
Die Zeichnung ist richtig, die doch ohne Seele. Das Stückchen fiel leise ab.
Man lachte und lachte. Es war der größte Erfolg
Viel besser erging es dem Schauspiel „Die letzten Masken“.
kas Bild gewiß für ihn gemalt.
des Abends.
Menschenkinder nicht einmal als Es spielt im Wiener Krankenhaus (und ich fürchte, es wird sich
Leop. Jacobson.
als Körper von längst ver= die Aerztekammer durch einige Worte und einen Typus ein bißchiät
astloses Wiederholungsspiel spielen. entrüsten). Der todkranke Journalist Rademacher hat nur noch</Unicode>
            </TextEquiv>
        </TextRegion>
    </Page>
</PcGts>
