3484 4384
377 54 592 136 16. 1
1190 74 1242 119 C
573 60 2032 209 Lebendige-stunden Zyklus
2184 106 2630 220 box 21/2
1842 1137 2309 1218 Lisherige Jahlesiner.
726 1147 2621 1270 Ein ähnliches Geseg wall auch en und in von zwei Millionen auszahlt, dagegen erhielt
642 1202 1065 1282 der Schweiz nötig.
2624 1209 3036 1288 und morgen in ant
1635 1238 2622 1342 der Kongostaat noch die Subvention des Königs
716 1251 1641 1337 Frankreich. Paris, 17. Januar. In der gest¬
2625 1253 3428 1341 Sie einmal. Sie werden auch einen O##z###
1634 1296 2315 1377 im Betrage von einer Million.
646 1309 1639 1375 #rigen Kammersitzung meldete sich der Abgeord¬
2623 1311 3428 1399 Nachrichtendienst brauchen. (Mit einem ei
647 1346 1653 1430 nete Gnieysse nochmals mit seiner Interpellation über
2631 1357 3423 1428 streifte er alle Offiziere, die ihn umgaben, #
650 1389 1677 1477 die Rückberufung des Generals Geslin de
2626 1398 3409 1457 sich dann an einen von ihnen, der erst tags
2626 1443 3416 1528 einer sehr mühseligen Expedition zurückgekehn
641 1494 1623 1574 Vergangenheit einen Aristokraten geangelt, sieht so ihr
1638 1515 2621 1597 matischen Zwillingsbruder die fettesten Bissen reichte.
650 1535 1632 1604 Vorleben bloßgestellt; in der Furcht vor einem euro¬
2619 1537 3409 1615 kurrenten über, wo das höhere Honorar w
1627 1561 2617 1642 Da kein Redner für sie sorgte, mußten sie die Sache
2618 1591 3407 1653 nügender Ersatz war nicht auf der Stelle zu
646 1573 1636 1658 päischen Skandal schleudert sie, die eben noch auf ihre
1637 1608 2616 1683 allein in die Hand nehmen. Also giengen sie hin und
642 1617 1635 1706 Schriftstellerei nicht verzichten zu können meinte, das
2614 1633 3417 1703 so mußte er unzulänglichere Kräfte hinaus
1622 1636 2614 1726 gründeten die Ueberbrettel. Sie erfanden schnell eine
644 1673 1633 1742 Manuskript ihres Romans ins Feuer. Schnitzler kennt
2611 1674 3417 1748 der Zwischenzeit hatte er sich zwar ein
1623 1691 2613 1778 neue Schutzgöttin, die zehnte Muse. Am 18. Januar
640 1716 1636 1791 sich als echter Wiener in dieser Welt der Bohémiens
2612 1723 3402 1790 bauen lassen, ein funkelnagelneues, mit allen
1628 1732 2615 1824 1901, am Tage der preußischen Zweijahrhundertfeier,
636 1767 1635 1836 aus. Ein Witzwort jagt das andere; mit guter Laune
2619 1763 3408 1840 Schikanen, aber es lag in einer so unmöglich
1627 1783 2616 1859 wurde sie in der Eröffnungsvorstellung des „Bunten
634 1808 1630 1881 läßt er von diesen Karikaturen seine ernsthaften Ge¬
2612 1798 3401 1880 das das die Theaterbesucher nicht ermutigte.
1625 1825 2610 1902 Theaters“ unter Leitung Ernst von Wolzogens auf
2603 1846 3413 1927 len jetzt die Dichter; ihm fehlen die Darste
638 1851 1624 1926 stalten ein wenig persiflieren. „II est grand dans son
1624 1865 2611 1950 den Thron erhoben. Ein halbes Jahr lang hatte sie
644 1898 1631 1970 genre, mais son genre n’est pas grand“. Das Deutsche
2614 1896 3406 1977 fehlt das beifallsfreudige Publikum, das an
1622 1918 2608 1987 ungeahnten Zulauf. Sie gieng bald auf Reisen und
633 1946 1619 2011 Theater, das eine ausgezeichnete Aufführung bot, hat
2607 1940 3407 2016 willig auf seine Absichten einging. Es kann
1626 1965 2613 2040 auch außerhalb Berlins schien ihr der Erfolg treu zu
632 1985 1621 2054 mit diesen Spielsachen feinster Schnitzerei (man wäre
2601 1982 3404 2052 eine Frage der Zeit sein, wie lange er es
1624 2005 2614 2091 bleiben. Herr von Wolzogen war im Handumdrehen
640 2022 1626 2107 fast versucht, „Schnitzlerei“ zu sagen) in diesem Winter
2597 2020 3411 2108 Konstellation aushält — wenn er nicht vor
1622 2050 2187 2111 ein reicher Mann geworden.
631 2077 1591 2148 unseres Mißvergnügens seinen ersten Treffer gezogen.
2598 2077 3390 2141 mäde wird und sein Scepter niederlegt. Er
1674 2086 2606 2172 Das lockte die Nachahmer. Kaum hatte ein Unter¬
699 2105 1621 2184 Von zwei Nieten ist in aller Kürze zu melden. Georg
2602 2118 3395 2189 zu recht verzweifelten Maßregeln, um die #
1617 2138 2595 2216 nehmen seine Daseinsberechtigung erwiesen, so hielten
625 2155 1625 2231 Reicke hat sich mit unzulänglichem Können an „die
2600 2167 3404 2239 Aufmerksamkeit zu stacheln: so will er jetzt y
1624 2179 2606 2254 sich zehn andere für befugt, in die Oeffentlichkeit hin¬
626 2201 1612 2278 schöne Melusine“ herangewagt. Dieses Fischweib,
2606 2209 3392 2278 ner Faschingsredoute am Ufer der Spree
1614 2229 2604 2306 auszutreten. Zum Glück ward auch hier nicht so heiß
625 2236 1617 2330 eine Lieblingsgestalt der Romantiker, ist nicht Mensch
2599 2249 3388 2314 Berlin hat bekanntlich nie einen Fasching be
1611 2272 2604 2342 gegessen wie gekocht, d. h. es blieben uns mehrere die¬
631 2302 1613 2370 noch Fisch. Die Leute übernehmen sich an Worten und
2594 2292 3359 2366 ist zu kritisch veranlagt, um ihn je zu be
1611 2317 2601 2390 ser geplanten Ueberbrettl, Cabarets, Künstlervereini¬
622 2332 1618 2417 halten es mehr oder minder für ihre einzige Aufgabe,
2597 2337 3393 2412 Norddeutsche mit seiner schärferen Beobach
1619 2359 2598 2437 gungen oder wie sie sonst heißen mögen, erspart.
627 2372 1616 2445 die guten Verse anderer ins Banale hinabzuzerren. Die
2589 2380 3398 2460 und seinem kühleren Temperament eignet sich
1618 2402 2594 2484 Immerhin war die Zahl derer, die sich nicht schrecken
619 2414 1608 2503 mangelnde Fähigkeit des Gestaltens hat auch dem Lyriker
2591 2417 3401 2511 harmlosen Maskenscherz. Herr v. Wolzog#
1612 2445 2595 2520 ließen, beträchtlich genug, und Berlin schien nicht genug
619 2451 1615 2535 Rainer Maria Rilke einen üblen Streich gespielt, da
2590 2462 3386 2533 viel zu guter Kenner des Münchner Lebens,
1615 2489 2591 2566 Säle zu haben, um all diese Variêtés zu beherbergen.
629 2507 1612 2590 er seinen ersten dramatischen Gehversuch, „Das täg¬
2591 2511 3408 2592 zu wissen, daß es sich nicht importieren läßt
1613 2536 2588 2602 Unter solchen Umständen konnte die Uebersättigung nicht
614 2552 1611 2638 liche Leben“ unternahm. Alle Stimmunggebung
2593 2560 3384 2627 dunkle Gerstensaft. Münchner Redoute in
1606 2570 2595 2649 lange auf sich warten lassen. Eine Sache, die so schnell
614 2596 1600 2685 wirkt im Reich der Kulisse leicht als Stimmungsmache,
2598 2604 3398 2667 nickerstraße, wo das unverfälschte Berlinert#
1600 2628 2597 2704 in Mode gekommen war, mußte eigentlich noch schneller
618 2642 1607 2715 wenn ihr die Elemente des Handwerksmäßigen fehlen.
2586 2632 3386 2713 „wär' der Gedank' nicht so verwünscht geschei
1605 2669 2596 2758 aus der Mode kommen. Das Publikum war zu seinen
618 2676 1606 2772 So mußte er, der unentwegt lyrisch sein wollte, auf der
2637 2694 3392 2761 Nach Wolzogen stellte sich Detlev v. Lil
1597 2720 2593 2797 alten Göttern, zur Bühne und zur Spezialitätenbühne,
621 2722 1261 2798 Bühne kläglich Schiffbruch leiden.
2588 2729 3388 2813 in den Dienst der zehnten Muse. Er ließ sich
1596 2743 2582 2835 zurückgekehrt. Und selbst das Ur=Ueberbrettl, das in
673 2776 1598 2854 An der Lyrik sollte der Dramatik eine Konkurrentin
2580 2777 3393 2859 Hergabe seines freiherrlichen Namens taus
1606 2806 2581 2877 der Gunst der Menge festsaß, litt unter der Ungunst
613 2826 1602 2897 werden. In dem Gedanken schmeichelten sich die geistigen
2585 2828 3395 2894 monatlich bezahlen — diese Verhältnisse w
1603 2847 2589 2925 des Massenangebots. Die bewährtesten Kräfte, die nur
624 2862 1604 2945 Väter der Ueberbrettelei. Deutschland war lange genug
2579 2877 3389 2945 einfach ziffernmäßig, mit der ganzen Realistik
1604 2891 2580 2968 dem Managertalent des Herrn v. Wolzogen ihren rasch
2571 2908 3394 2996 eingeschlossen ist, berichtet sein —, übernahm
622 2902 3375 3045 für die Lyriker eine Stiefmutter, während es dem dra= erworbenen Ruf dankten, gingen in das Lager der Kon= kung eines Ueberbrettls und trug eigene Ged
