3484 4256
2068 146 2529 238 box 21/2
1227 165 1311 217 In
262 157 1931 256 16. 1. Lebendige Stunden zyklus
787 556 1493 798 der Goldscheng,
856 680 1271 774 + Bureau für
678 687 813 785 It.
718 751 1426 836 Zeitungsausschnitte und Verlag
718 825 1411 877 der Wissenschaftlichen Revue.
639 865 1526 953 BERLIN M., Auguststr. 87 part.
799 931 1380 1006 Telephon Amt III. No. 3051.
910 1035 1258 1110 Ausschnitt
546 1037 923 1110 Taseranm-Aiener
524 1090 927 1153 TcotoschMIDT. Auguststr. 37.
1026 1098 1154 1156 aus
886 1163 1573 1293 Freisinnige Zoitung, Berlin
586 1344 786 1499 00
973 1462 1241 1556 —7. 1. 02
1663 1690 2903 1775 da das Leben ihm doch nichts mehr wert sei. Der Uebermensch
705 1715 1434 1805 „Lebendige Stunden“.
1686 1747 2920 1813 lacht des Rasenden. Aber die Frau ergreift den Dolch und stößt
498 1772 1690 1850 Deutsches Theater. Sonnabend, zum ersten Male:
1689 1794 2916 1833 den nieder, den sie genossen. Wie sie so dasteht, eine Furie, mit
447 1808 1678 1876 Vier Einakter von Arthur Schnitzler. „Lebendige
1685 1828 2919 1898 hochgezückter Waffe, spricht der Mann kaltlächelnd etwa so zu ihr:
461 1858 1685 1929 Stunden“. „Die Frau mit dem Dolche". „Die letzten Masken“.
1688 1873 2916 1938 Verharre so! Endlich habe ich die wahre Idee meines Bildes.
456 1887 728 1969 „Litteratur“
745 1899 1187 1964 - Regie: Emil Lessing.
1680 1914 2917 1968 Dank den Göttern, daß sie mir diese Stunde der Erleuchtung
530 1939 1680 1997 Der Eindruck der einzelnen Akte war verschieden, doch der
1677 1943 2923 2018 geschenkt! ... Dieser Vorgang im phantasiethätigen Gehirn der
465 1965 1675 2031 Gesamteindruck stark und tief; dementsprechend waren Wirkung und
1686 1987 2907 2051 Frau, die das Bild betrachtet, spielt sich auf der Bühne wirklich
461 2016 951 2077 Erfolg nach Außen groß.
1688 2038 2906 2093 ab. Es dunkelt, und man ist wieder im Museum. Das Weid
542 2047 1682 2114 Die Stimmung kam zunächst nicht leicht zu stande; und doch
1677 2067 2917 2124 fühlt sich nun selbst als die Frau mit dem Dolch: eine lebendige
460 2086 1679 2153 sind die „Lebendigen Stunden“ im Cyklus das tonangebende (oder:
1679 2101 2907 2168 Stunde der Liebe — was verschlägt's? Aus der Verfehlung wird
457 2123 1685 2197 das grundtongebende) Stück; es ist auch psychologisch das feinste
1688 2141 2907 2209 sicher ein Kunstwerk, vielleicht auch ein blutiges Stück Wirklichkeit.
455 2178 1686 2235 und gelungenste, wie denn auf gleicher künstlerischer Höhe nur der
1754 2188 2915 2240 Die beiden letzten Akte sind im engeren Sinne Tragi¬
461 2210 1671 2280 letzte Akt steht durch die Anmut seines Geistes. In den mittleren
1676 2210 2910 2272 komödien. Das Leben selbst spielt sich Theater vor, im unbewußten
451 2250 1676 2317 Akten ist das stärker, was man „Theater“ nennt. Natürlich noch
1682 2263 2904 2319 Wechsel tragischer und komischer Stimmungen. Von Litteratur ist
460 2289 1673 2361 immer Schnitzlerisch, nicht grob von Kunstwegen oder unverfroren
1681 2299 2906 2367 hier nicht minder die Rede; aber das Leben kommt gewissermaßen
456 2331 1678 2399 in der Gesinnung. Im ersten Akt enthüllen sich Charaktere, Ge¬
1677 2343 2911 2403 der Litteratur zuvor. Es hängt sich Masken um. Manchmal noch
461 2377 1680 2434 fühle, Menschenschicksale in klug gleitendem Dialoge. Nur im
1673 2382 2913 2439 in der letzten Stunde, da die große Abrechnung mit der Welt statt¬
457 2418 1682 2477 Dialoge. Unser Publikum im Wesentlichen kann nicht zuhören;
1689 2412 2922 2491 finden soll. Im Spital liegt ein alter, herabgekommener Journalist. 8#
462 2450 1678 2511 es will gepackt sein; im Gegensatz etwa zu einem französischen
1679 2453 2910 2516 Er fühlt seinen Tod und will den Mann noch einmal sprechen, den
461 2497 1680 2555 Publikum, das Spielen des Geistes, im Gespräch entwickelt, sich so
1680 2496 2908 2554 er am meisten haßt. Durch geistige Plattheit und Reklame ist
453 2527 1678 2588 gern hingiebt. Ein Alltagsmensch und ein Künstler stehen sich
1677 2539 2908 2601 dieser Mann nach oben gekommen, sein Jugendfreund. Ein kranker
457 2568 1682 2631 gegenüber. Jener, gerade empfindend, zu klarer Güte gereift in
1676 2577 2895 2641 Schauspieler, der sein Zimmer teilt, Todeskandidat, wie er, ein
460 2609 1682 2662 der Schule des Lebens; dieser von naiver Selbstsucht, nur auf die
1677 2618 2899 2667 melancholisch=lustiger Geselle, rät ihm, ehe der Gehaßte kommt, die
460 2647 1681 2691 Ruhe seiner Seele bedacht um seiner Kunst willen. Ein Kunst¬
1677 2659 2901 2732 Szene zu studiren, damit auch jeder Vorwurf, jedes Wort wirksam
462 2683 1678 2752 mensch eben, der sein Empfinden nicht für sein ausschließliches Eigentum
1684 2702 2899 2749 herauskäme. Das geschieht. Der Journalist redet sich die Seele
461 2726 1683 2792 hält: höhere Gestaltungen haben ein Mitrecht auf diese Gefühle.
1674 2734 2889 2784 frei; aus dem Heloten wird ein anklagender Gebieter. Doch es
457 2761 1673 2827 Er hatte eine Mutter, die lange siech war und merkte, daß ihre
1676 2779 2901 2839 bleibt bei der Komödie. Wie der Mann erscheint, an den die
460 2803 1676 2867 Krankheit dem Schaffen des Sohnes im Wege sei. Darum ging
1680 2820 2261 2869 flammende Rede gerichtet war, —
2246 2819 2908 2877 — erscheint und sich giebt in seiner
461 2841 1668 2902 sie freiwillig aus dem Leben. Die Thatsache des Selbstmordes
1664 2856 2895 2908 ganzen Kleinlichkeit, Aufgeblasenheit, Verlogenheit, da schweigt der
451 2878 1667 2941 erfährt der Sohn aus dem Munde des Alten, der seiner Mutter
1673 2893 2897 2951 Journalist: er fühlt, der Geselle steht so tief unter ihm, daß jede
455 2912 1680 2991 ein zärtlich liebender Freund gewesen ist. Der junge Dichter ist
1664 2935 2898 2998 Abrechnung ein Zuviel wäre. Mit der Maske der Freundschaft
452 2970 1675 3024 dem Alten zu rasch mit seinem Schmerze fertig, und er muß aus
1670 2973 2910 3047 finkt er sterbend in den Sessel zurück, wie jener mit der Maske der
454 3008 1670 3069 seinem Munde das Wort hören: Eine lebendige Stunde der
1674 3013 2306 3072 Freundschaft das Zimmer verläßt.
456 3047 1665 3094 Mutter ist vielleicht mehr wert als Dein ganzes Künstlerwirken.
1740 3039 2898 3109 Der Schlußakt löst die immerhin schwülen Stimmungen in
459 3080 1657 3137 Das heilige Gefühl vom Leben und das Dichten vom Leben
1662 3087 2887 3151 Lachen auf. Es ist ein Capriccio, ein flottes und espritvolles, und
444 3112 1672 3178 werden einander gegenübergestellt. Der Autor ergreist nicht gerade
1662 3138 2899 3189 zugleich eine runde satirische Komödie. Kleine Cabotins und Selbst¬
447 3166 1663 3228 Partei, aber man hört doch heraus, daß seine Sympathie mit der
1662 3171 2905 3226 betrüger der Literatur treten auf. Nicht von ringenden oder müden
453 3191 1137 3258 naiven menschlichen Empfindung ist.
1671 3215 2887 3259 Seelen und von rücksichtslosen Gestaltern ist die Rede, vielmehr
535 3229 1667 3295 Auch das zweite Stück ist sozusagen ein Litteraten= und
1672 3244 2885 3309 von den unfreiwillig belustigenden Handwerkern der Schreiberei oder
452 3279 1662 3335 Künstlerstück, in das der Gegensatz vom warm gelebten und über¬
1659 3277 2883 3334 den Dilettanten, die snobhaft mit ihren „lebendigen Stunden“, d. h.
449 3320 1668 3377 legen gestalteten Leben hineinspielt. Renaissance=Empfindungen
1665 3328 2893 3379 mit ihrem bischen Liebesabenteuertum hausiren gehen. Ihnen wird
446 3362 1665 3419 werden wach. Eine Frau ist auf dem Wege, ihren Gatten zu be¬
1670 3366 2883 3425 mit guter Laune ein Lebemann, ein Held der Ställe, entgegen¬
454 3399 1661 3457 trügen, dem sie nicht Gegenstand zärtlicher Neigung, vielmehr bloß
1658 3401 2892 3465 gesetzt, ein Zeitgenosse, der so gar kein Künstler und in so hohem
444 3443 1656 3489 Opfer künstlerischer Darstellung gewesen. Sie trifft den Jüngling,
1663 3444 2873 3493 Grade ein Verächter aller Federn ist, daß seine Geliebte die
462 3474 1668 3543 der zum Abenteuer ausersehen, im Museum — vor der „Frau mit
1668 3482 2899 3554 Legitimität mit der Einstellung des Litteraturbetriebs erkaufen
460 3512 1658 3572 dem Dolch“, dem Bilde eines unbekannten, altitalischen Meisters.
1658 3516 2326 3571 muß — was ihr nicht schwer wird.
455 3546 1665 3612 Sie ist unentschlossen; da bringt die Betrachtung des Bildes den
1739 3566 2892 3624 In der Darstellung sind zwei Gruppen zu scheiden: die Naturen
462 3585 1666 3641 Entschluß. Sie erlebt blitzschnell in ohnmachtähnlichem Zustande
1659 3602 2884 3657 und die guten Schauspieler. Die einen schufen den Lebens= und
460 3624 1664 3687 eine Art Geschichte des Bildes —: Das Modell, die Frau eines
1656 3640 2884 3707 Geistesgehalt, die Zeitempfindung der Stücke frei aus sich heraus
463 3670 1657 3717 verühmten Malers, hat einen schönen, treuherzigen Jüngling ver¬
1666 3682 2107 3735 charakteristisch wieder —
2120 3686 2873 3734 und das waren Frl. Triesch, die
452 3701 1662 3755 lockt. Sie hat die Liebe nicht, sie will nur den Genuß einer
1661 3720 2888 3771 Herren Rittner und Reinhardt. Die anderen aber erfüllten
455 3748 1665 3789 Sommernacht. Doch der Jüngling beharrt auf dem Recht seines
1660 3758 2882 3807 mit mehr oder weniger Kunst, doch alle mit Takt und Geschmack
462 3779 2875 3839 tieferen Gefühls. Da kommt der Gatte zurück; er trifft sie beide; die Aufgaben ihres Faches — und das waren die Herren Basser¬
449 3818 2896 3890 die Frau hat den Mut der Wahrheit. Er weist dem Liebhaber mann, Sommerstorff, Hanns Fischer, Hofmeister
453 3862 1923 3929 verächtlich die Thür. Der aber verlangt, daß der Mann ihn töte, und Hahn.
2672 3877 2856 3949 —glu—
