3436 4128
361 143 2031 281 16.1. Lebendige Stunden zklus
2179 149 2612 260 box 21/3
3184 1283 3383 1368 en
1823 1336 3422 1427 nimmt er die ersten Gruge seiner Untertanen ent=glten, zum Teil historist
763 1384 2012 1474 haben. Nahezu alle anderen Novitäten des Berliner gegen.
2874 1404 3415 1474 lichen Hauses, die alle be
764 1448 1846 1524 Deutschen Theaters haben im abgelaufenen Spiel¬
1905 1430 2911 1516 Morgen, Sonntag, findet im Teatro Real eine
2897 1456 3405 1530 zuerst der Bronzewagen;
750 1482 1057 1572 jahr versagt.
1830 1481 3425 1569 Galavorstellung statt, die eine Verschwendung von der Amaranth=, der Ziff
844 1521 1840 1609 Heyermanns ist ein Dichter von großem Talent.
1835 1543 3420 1612 Licht und Gold, von Juwelen und kostbaren Stoffen der Wagen mit der Her
752 1563 1847 1657 Es gibt Stellen von wunderbarer Schönheit in dem
1831 1599 2623 1667 aufweist, die ihresgleichen suchen wird.
2891 1599 3422 1661 Wagen. Die edlen Pfer
755 1649 1859 1711 Werke. Im Ganzen entbehrt es einer treibenden
1897 1644 3407 1708 Der vorgesehene große Empfang der auswärtigen aufgezäumt. Drinnen si
757 1692 3421 1745 Handlung und des dramatischen Gefüges. Lose Abgesandten im Palast wird im Hinblicke auf die und Mitglieder des Kön
757 1735 3427 1808 Szenen, breites Beiwerk, Dialoge, die sich sicher Hoftrauer mit der Einschränkung stattfinden, daß nicht Respektwagen, eine Abte
753 1768 3394 1872 besser iesen als anhören. Das Stück wurde von getanzt wird; im übrigen wird das Fest seinen glän= Oberstallmeister und d
753 1827 2448 1897 einzelnen Darstellern sehr gut gespielt. Die große zenden Charakter beibehalten.
2886 1849 3427 1907 Königskrone, von Postil
762 1874 1853 1957 Wirkung, die es in Berlin erzielte, erreichte es in
1909 1865 3389 1954 Für nächsten Dienstag ist die „Corrida real de geleitet, mit dem König
753 1922 1841 1999 Wien nicht. Man ist der Armeleutstücke überdrüssig.
1832 1926 3418 1995 toros con Caballeros en plaza“ (königliche Stier= Rechten reitet der Gene
749 1969 1840 2042 Die Dichter sollen endlich die Lösung des Arbeiter¬
1823 1993 3406 2062 gefechte) angesetzt. Nach Schluß der Stierkämpfe gibt Generalleutenant v. Mal
756 2022 1854 2104 elends, die sich eine Zeit lang so einträglich für sie
1836 2036 3409 2108 es im Parke Buen Retiro eine Blumenschlacht, zu der Königsgarde, auf der L
754 2064 1743 2123 erwiesen hat, den berufenen Faktoren überlassen.
1824 2071 3406 2147 die Blumengärten von ganz Andalusien und Valencia hauses, General Delgada
836 2121 1848 2189 Am Samstag humpelt noch das Deutsche Volks¬
1835 2129 3387 2186 die Waffen liefern müssen. Ein großer Zapfenstreich Dahinter folgen dann
746 2166 1838 2232 theater mit einem pönalpflichtigen Trauerspiel nach.
1842 2176 3405 2239 macht den Beschluß des Tages, worauf die fremden garde zu Pferde, Stalln
751 2221 2924 2297 Wieder werden arme Leute und Sterbende die Fürsten und Abgesandten sich von den Majestäten ver¬
2964 2235 3383 2297 Der Zug bewegt
757 2265 2913 2330 Bühne bevölkern. Die Novität wird ihre drei Re= abschieden. Nach einer Meldung aus Rom hat die
2907 2271 3408 2339 Bailen= und Mayorstraß
764 2313 3421 2385 spektaufführungen machen und die Direktion ist von Absicht, den in Rom residierenden spanischen Kardinal von da durch die Carre
760 2367 3414 2429 der Zahlung des Pönales in der Höhe von zwei= der Kurie, Msgr. Vives, als Delegierten des Papstes Kongreßgebäude, wo die
753 2414 3410 2497 tausend Kronen frei. Das Deutsche Volkstheater zur Thronbesteigung Sr. Majestät des Königs! Ausschusse von Senato
765 2463 3392 2526 stoßt dann noch im Mai rasch die restlichen zwei  Alfonso XIII. nach Madrid zu entsenden, eine pfangen und zu dem
744 2516 2306 2561 Neuheiten ab, worauf es mit den Novitäten dieses Modifikation erfahren.
2892 2514 3406 2583 Nachdem der König un
750 2561 1841 2613 Spieljahres zu Ende ist. Die Kritiker überblicken
1909 2542 3399 2622 Der apostolische Nuntius in Madrid, Msgr. stellung genommen hat u
755 2596 3403 2666 das Leichenfeld und treten, im Bewußtsein froh ges Rinaldini, wurde beauftragt, als Vertreter des und Formalitäten erfüllt
751 2656 1542 2727 taner Pflicht, den Sommerurlaub an.
1834 2665 3403 2747 Papstes an den Feierlichkeiten teilzunehmen; Msgr. sident der versammelten
