3436 4224
273 144 1934 245 16.1. Lebendige Stunden zyklus
564 674 1855 753 Meisters hängt, das eine Frau mit dem Dolche darstellt. Der Galan, dem
574 737 1853 795 ste das für den Abend begehrte Stelldichein noch hartnäckig verweigert,
577 803 1854 840 weist auf die frappante Aehnlichkeit der Dame seines Herzens mit jenem
583 833 1864 883 Weibe vor ihnen auf der Leinewand hin. Während sich Pauline immer
578 866 1858 930 selbstvergessener in die Betrachtung des Bildes versenkt, fällt sie in
568 930 1844 973 einen traumähnlichen, hellseherischen Zustand. Die Szene wandelt sich,
569 953 1849 1019 und wir sehen das Florenz des Zeitalters der Medici vor uns.
577 1002 1854 1056 Paola, die Gattin des Malers Remigio, die diesem in der ver¬
580 1034 1851 1108 flossenen Nacht die eheliche Treue mit Leonardo, seinem Schüler, ge¬
585 1090 1846 1145 brochen, harrt der Rückkunft des Gemahls. Sie beichtet ihm
574 1128 1858 1194 die Schuld, Leonardo begehrt vom Meister den Tod. Der aber hat
583 1162 1863 1228 ntur Verachtung für ihn und weist ihm die Thür. Leonardo schwört
580 1222 1857 1271 Nache für die Schmach, da trifft ihn der Dolch Paolas. Während
568 1258 1856 1312 diese noch mit gezücktem Messer vor dem sterbenden Liebhaber steht,
577 1308 1856 1372 schreitet Remigio zur Staffelei; er hat für die Frau dort
582 1350 1849 1419 auf dem noch unvollendeten Bilde jetzt die richtige Geste ge¬
589 1382 1862 1457 funden ... Wir sind wieder im Bildersaal, Pauline erwacht
584 1446 1849 1502 kus einer Ohnmacht, Leonhard ist noch immer bei ihr, ein kurzes
581 1474 1842 1536 Bedenken und sie giebt ihm die Zusage zum gewünschten Rendezvous.
576 1532 1843 1589 Vom Dichter ist das alles gewiß sehr hübsch gedacht, die szenische Wirkung
574 1579 1849 1631 aber bleibt aus, es fehlt die Kraft der dramatischen Gestaltung. Daß
580 1613 1866 1686 Schnitzler in glücklichen Stunden über eine solche verfügt, zeigt die
572 1659 1862 1717 Tragikomödie „Die letzten Masken“. Wird man über die
578 1705 1854 1770 beiden besprochenen Stücke rasch zur Tagesordnung übergehen, so ver¬
578 1755 1865 1809 dient dieser dritte Einakter als eine schätzenswerte Bereicherung unseres
580 1780 1865 1856 Bühnenrepertoires alle Beachtung. Die mit geistvoller Satire reich ver¬
585 1831 1854 1896 setzte Handlung spielt im Zimmer eines Wiener Krankenhauses. Ein alter,
580 1856 1896 1925 im Elend verkommener Journalist liegt im Sterben. Noch einmal vor seinem
581 1921 1870 1973 Tode will er, das so bitter verkannte Genie, seinen vom Glück unverdient““
587 1948 1885 2028 begünstigten Jugendfrtund, den berühmten Schriftsteller Weihgast, sehen.“
585 2019 1856 2075 Seinen im Busen so lange genährten Haß will er ihm mit
1227 2025 1912 2123 Vor einem Mitkranken, eineme
589 2043 1200 2112 voller Wucht entgegenschleudern.
1239 2093 1864 2160 er eine Art Generalprobe
583 2097 1229 2161 schwindsüchtigen Komiker, hält
945 2140 1187 2200 aber den
1213 2143 1855 2206 berühmten Mann in seiner
580 2147 816 2204 ab. Als
581 2187 1848 2251 aufgeblasenen Erbärmlichkeit vor sich sieht, da wird er mit einem Male
590 2237 1859 2291 milder gestimmt. Er erkennt die Nichtigkeit solchen Daseins und
577 2264 1862 2335 schweigend stirbt er. Das Ganze ist ein glücklicher Wurf, die Charakte¬
582 2326 1853 2372 ristik der drei Hauptpersonen von echter Lebenswahrheit, die Szene geschickt
581 2365 1861 2418 geführt und dabei knapp gehalten. Der Eindruck war von packender Gewalt.
583 2399 1863 2461 Einen wirkungsvollen und heiteren Abschluß gab dem in seiner zweitens
583 2442 1850 2511 Hälfte so anregenden Abend der Schwank „Litteratur“ eine höchst
592 2475 1836 2552 witzige Satire auf allerhand Litteratentum. Das Leben des Bohemien
591 2539 1828 2582 ist in ihm mit tollster Laune geschildert, die Zeichnung der ver
589 2581 1831 2643 schiedensten Typen prächtig gelungen. Es war ein Treffer ins Schwarz
603 2625 1839 2676 der für voraufgegangene Enttänschungen reichlich entschädigte. D#s
591 2666 1858 2727 Bublikum schien das Mißlungene, das die Vorstellung zeitigte, de
585 2708 1866 2772 such schnell vergessen zu haben und zeichnete den anwesenden Dichts zu
581 2758 1278 2826 guterletzt durch wärmsten Beifall aus.
910 2813 1694 2953 Vermnischtes.
568 2846 669 2958 4
651 2940 1861 2993 Marconi über die Möglichkeiten der drahtlosen
575 2985 1891 3043 Telegraphie. Der Erfinder der drahtlosen Telegraphie äußert sich
576 3026 1894 3094 jetzt selbst in einem interessanten, natürlich optimistischen Aufsatz, den
591 3072 1864 3129 er im „New=York Herald“ veröffentlicht, über die Möglichkeiten der
577 3123 1864 3170 drahtlosen Telegraphie folgendermaßen: „Es ist fast sicher, daß die
588 3162 1868 3209 Einzelheiten von König Eduards Krönung von London nach New=York
581 3208 1866 3247 durch drahtlose Telegraphie befördert werden können. Wenn die anglo¬
579 3250 1862 3311 amerikanische Telegraphengesellschaft jetzt nicht versuchte, mnich daran zu
577 3290 1858 3350 verhindern, mit meinem System in Neufundland zu arbeiten, würde ich
583 3352 1862 3401 behaupten, daß das Ereignis so berichtet werden wird. Es handelt
592 3377 1865 3436 sich nur darum, die nötigen Stationen zu bauen.Meine Fähigkeit,
579 3421 1866 3479 drahtlose Zeichen über den Atlantischen Ozeau zu übermitteln,
595 3474 1862 3527 steht nicht länger in Frage; es müssen nur die entsprechenden
596 3512 1867 3568 Apparate beschafft werden. Innerhalb eines Vierteljahres kann ich
734 3552 1866 3614 nliche Station in St. Johns, Neufundland, und eine dritte in
580 3562 1868 3655 Massachnselts=bet=Cape=Cod. inl der Nähe gebatt haben. Mit diesen
609 3623 1891 3703 drei Stationen kann die alte und die neue Welt verbunden werden#
612 3679 1866 3734 Die Entfernung von Cornwall nach St. Johns beträgt 180 englische
581 3706 1855 3788 Meilen, die von St. Johns nach Cape Cod 1200 Meilen. Wenige
578 3756 1863 3817 #meiner Kollegen glaubten es, daß es möglich wäre, eine drahtlose
574 3806 1856 3867 Depesche von England nach Amerika zu senden; aber ich habe niemals
574 3847 1864 3908 daran gezweifelt und bin im Gegenteil etwas enttäuscht, daß die er¬
583 3886 1852 3954 haltenen Zeichen nicht stärker waren. Was die besondere zukünftige
587 3928 1846 3997 Entwicklung des Systems betrifft, so glaube ich, daß es in naher Zu¬
584 3977 1851 4021 kunft an Stelle der beabsichtigten Pacific=Kabel treten wird. Durch
585 4014 1895 4089 drahtlose Stationen in Seattle, Vanconver, Fanning Island 1
1828 4086 1933 4158 en
2091 132 2520 233 box 21/2
