3532 4384
326 65 1981 199 16.1. Lebendige Stunden—zpkius
826 1004 1305 1099 Telephon 12801.
453 1102 1699 1188 Alex. Weigl's Unternehmen für Zeitungs-Ausschnitte
1465 1168 1696 1248 Ausschnitt
677 1181 1398 1315 „OBSERYER“
1507 1222 1748 1319 Nr. 13
339 1301 1776 1388 I. österr. behördl. conc. Bureau für Zeitungsberichte u. Personalnachrichten
560 1367 1580 1451 Wien, IX/1, Türkenstrasse 17.
744 1434 1377 1502 Filiale in Budapest: „Figyelö“
334 1482 1769 1574 Vertretungen in Berlin, Chicago, Genf, London, Newyork, Paris, Rom, Stockholm.
332 1620 864 1719 Ausschnitt aus:
919 1595 1629 1794 Aiaf Kiosoltorigr
331 1762 904 1861 vom: 79770 L
611 1959 1618 2077 Aus Wien wird uns telegraphirt: Schnitzler'.
554 2024 1613 2121 [„Lebendige Stunden“, die das Gesammtgastspiel
550 2060 1611 2157 des „Deutschen Theaters“ im Carltheater als willkom¬
562 2106 1617 2203 mene, mit Spannung erwartete Novität brachte, haben
553 2138 1605 2247 durchweg interessirt, doch ungleich gewirkt. Nur
557 2191 1612 2289 „Literatur", dieses geistreiche Satirspiel, dessen
552 2235 1609 2338 glitzernde Pointen stürmisch belacht wurden, schlug
547 2287 1593 2373 ein. „Lebendige Stunden“ stimmten ernst, ohne
535 2330 1609 2412 recht zu befriedigen. Gleichwohl rauschte Reinhardt
534 2354 1601 2447 und Rittner warmer Applaus entgegen. „Die Frau mit
528 2392 1602 2496 dem Dolche“ wirkte frappirend, scheint indeß nicht
524 2455 1607 2536 allenthalben verstanden worden zu sein. Nach der
532 2479 1583 2597 Scene, wo das Bild lebend geworden, die in
320 2535 432 2609 Für
527 2515 1723 2647 Berlin so stark wirkte, rührte sich keine Hand. (lusive
438 2534 803 2615 50 2 Erst nach
815 2573 1458 2659 dem Schluß des Stückes
1480 2612 1704 2668 er= Porto.
433 2588 1707 2717 100 folgte starker Beifall, der den Darstellern, wie gulbar
419 2629 1730 2762 200 dem fünfmal erscheinenden Dichter gleichmäßig galt. Voraus.
413 2663 1579 2773 500 Irene Triesch errang sowohl durch nervös=vibrirende,
335 2686 1580 2822 " 1000 feingeäderte Darstellung der Dolchfrau, wie namentlich
1573 2736 1760 2824 ist das
436 2749 1765 2877 Im der übermüthigen, prächtig beobachteten Margarethe it es den
315 2794 1628 2895 Abonnemer neben Bassermann, dessen Gigerlbarno sehr erheiterte, n
306 2828 1562 2949 Abonnente lebhaften Beifall. Die „Letzten Masken“ ergriffen
510 2878 1757 3008 hauptsächlich durch Reinhardt, der den Erfolg entschied. ltend die
440 2918 1235 3024 Der Schnitzler erschien wieder mehrmals.
309 2920 578 3008 Inhaltsang.
1545 2981 1746 3027 orgen
312 2979 1172 3063 blätter (Tagesjournale ausser „n&
1539 3003 1727 3066 Zeitung“
326 3024 1740 3105 wodurch eine Uebersicht über das gesammte politische und Wirthschaftliche
318 3074 1742 3150 Leben des In- und Auslandes in drastischer kürze geboten wird. Diese Mitt
305 3105 1342 3204 theilungen werden in Wien um 9 Uhr Früh verschickt.
641 3207 1414 3284 Prospecte gratis und fnanco.
2136 88 2570 188 box 21/3
2338 1048 2788 1152 Telephon 12801.
1948 1135 3182 1241 Alex. Welgl’s Unternehmen für Zeitungs-Ausschnitte
2167 1221 3177 1351 „OBSERYED“ Auschut
2995 1281 3238 1377 Nr. 10
1834 1352 3276 1446 I. österr. behördl. conc. Bureau für Zeitungsberichte u. Personalnachrichten
2046 1410 3078 1493 Wien, IX/1, Tünkenstrasse 17.
2232 1485 2888 1567 Filiale in Budapest: „Figyelö“ —
1838 1542 3276 1628 Vertretungen in Berlin, Chicago, Genf, London, Newyork, Paris, Rom, Stockholm.
1816 1675 2358 1773 Ausschnitt aus:
2424 1720 3023 1912 e Tgblate
1819 1806 2387 1906 vom: 792
2382 1863 2635 2042 220
2636 1937 3188 2055 se
2640 2064 3141 2170 0E
2061 2208 3011 2308 „ L. K. Schnitzlers „Lebendige Siun¬
2005 2280 2998 2341 den.—Aus Wien wird uns gestern Abends telepho¬
2009 2340 2996 2403 nirt: Das Berliner „Deutsche Theater“ eröffnete heute
2005 2386 3004 2435 Abends im Carltheater ein Ensemblegastspiel mit
2017 2432 2998 2500 Schnitzlers Einacter=Cyclus „Lebendige Stunden“. Die
2005 2473 2990 2540 vier Einacter erzielten einen vollen Erfolg. Es ist be¬
1998 2502 3005 2597 zeichnend, daß erst ein Berliner Ensemble nach Wien
1812 2569 1918 2649 Für
1924 2582 3002 2654 50 kommen mußte, damit man hier die Werke des heimi¬
3015 2631 3224 2708 inclusive
1917 2639 2715 2715 200 schen Autors kennen und schätzen lerne.
2797 2653 3200 2761 04 Porto.
2113 2693 2741 2757 Mar Halbes #ib
1913 2715 2026 2762 500
3012 2716 3213 2770 Zahlbar
2804 2736 2992 2793 „ 110.—
1890 2751 2032 2804 1000
1842 2728 1890 2825 :
2812 2757 3238 2834 „ 200.—] im Voraus.
1922 2777 3258 2878 Im Gegensatze zu anderen Bureaux für Zeitungsausschnitte ist das
1806 2835 3263 2933 Abonnement durch keine bestimmte Zeitdauer begrenzt; — auch steht es den
1806 2879 3137 2968 Abonnenten frei die aufgegebenen Themen zu ergänzen oder zu ändern.
1933 2952 3255 3048 Der „OBSERVER“ veranstaltet täglich einen Auszug enthaltend die
1817 2996 3241 3085 Inhaltsangabe aller wichtigen Mittheilungen der Wiener Morgen¬
1821 3048 3237 3123 blätter (Tagesiournale ausser „Neue Freie Presse“ und Wiener Zeitung“)
1818 3090 3250 3159 wodurch eine Uebersicht über das gesammte politische und wirthschaftliche
1815 3128 3256 3210 Leben des In- und Auslandes in drastischer Kürze geboten wird. Diese Mit¬
1800 3162 2830 3229 theilungen werden in Wien um 9 Uhr Früh verschickt.
2119 3259 2912 3337 Prospecre gratis und franco.
