3436 4256
912 621 1320 687 Telefon 12801.
426 740 1784 801 Alex. Weigl's Unternehmen für Zeitungs-Ansschnitte
1445 784 1640 849 Ausschnitt
781 800 1368 922 „OBSERVER
1374 814 1783 924 Nr. 50
366 925 1821 1011 I. österr. behördl. conc. Bureau für Zeitungsberichte u. Personalnachrichten
559 991 1659 1064 Wien, IX. Türkenstrasse 17.
778 1074 1416 1151 Filiale in Budapest: „Figyelö“
370 1148 1814 1223 Vertretungen in Berlin. Chicago, Genf, London, Newyork, Paris, Rom, Stockholm.
359 1265 892 1346 Ausschnitt aus:
1124 1255 1701 1422 Die Zeit, Wien
379 1413 576 1489 vom
575 1434 939 1571 111107
579 1951 1173 2052 Man schreibt uns aus Berlin:
585 2036 1766 2134 Ein Zuschauer, steht der Künstler im Leben. Ihn drängt es nicht,
465 2071 1753 2166 auf der großen Bühne mitzuthun und seine eigene Rolle zu agieren. Er
475 2095 1762 2202 Ichaut dem Spiel der anderen sinnend zu. Die Gebilde seiner Phantasie
469 2144 1754 2239 treten zwischen ihn und jene, die seinem Herzen nahestehen. Ihr Leid und
463 2177 1764 2290 auch sein eigenes gibt seiner Kunst die Nahrung, er sieht den Tod den
400 2230 453 2288 F
459 2226 1760 2336 Arm eines geliebten Wesens umklammern und macht selbst ihn dienstpflichtig
463 2256 1760 2376 dem Dämon Kunst. Ist dieses Abseit= tehen ein Vorrecht, ist etwas von dem
458 2292 1752 2419 seelischen Elend des Künstlerthums darin beschlossen? Arthur Schnitzler,
460 2332 1759 2446 der in seinen neuen Einactern „Lebendige Stunden“ — das Deutsche
450 2379 1754 2487 Theater führte sie auf — diesen psychologischen Problemen feinsinnig spürend
456 2429 1734 2514 nachgegangen ist, scheint eher ein Vorrecht darin zu erblicken. Wenigstens
1742 2456 1821 2527 ae
454 2459 1738 2555 gewinnt es zunächst den Anschein. Ein junger Dichter („Lebendige
1744 2511 1820 2565 en
379 2484 1742 2610 Ab Stunden“) erfährt, dass seine Mutter seinetwillen in den Tod gegangen
377 2545 1728 2648 Ab ist, und in dem Augenblick, da ihm die Kunde wird, weiß er, dass er in
439 2572 1826 2688 seiner Kunst die Kraft besitzt, den Schmerz zu überwinden. Rein theoretisch, lie
445 2612 1815 2722 wie das Problem an sich, ist auch die Bühnengestaltung. Ein Gespräch in¬
450 2661 1819 2763 nur, bei dem man der Versicherung Schnitzlers Glauben schenken muss, ")
435 2697 1814 2800 dass eben dieser Jüngling ein Dichter ist. Das Problem gewinnt Leben den
438 2739 1838 2860 und vertieft sich in „Die Frau mit dem Dolche". Hier treibt die Theil gen.
443 2777 1721 2868 nahmslosigkeit des Künstlers sein Weib in das Verbrechen — sie gibt
438 2814 1672 2915 sich ihrem Liebhaber hin, sie stößt ihn dann mit ihrem Dolche nieder —
428 2854 1719 2961 und wie ein Vampyr saugt der Künstler aus ihrer Schreckensthat dis
432 2889 1724 2998 Inspiration für seine Kunst. Nachdem sie der gedient, weist er sie wie ein
416 2927 1715 3042 leeres Gefäß missachtend von sich. Seltsam, doch bühnenwirksam hat
421 2969 1716 3076 Schnitzler Gegenwart und Präexistenz hier ineinander gewoben, doch erhöht
413 3003 1704 3105 das Ineinander verschiedener Zeitepochen eher den fatalen theoretischen
415 3053 1703 3167 Beigeschmack, und wieder ist dieser Künstier nur darum Künstler, weil er
413 3085 1704 3203 malt. Das scheinbare Vorrecht des Künstlerthums hat hier bereits einen
405 3125 1705 3235 unheimlichen Anstrich gewonnen, ohne sich doch, wie man erwarten durfte,
405 3170 1704 3272 zugleich in ein subjectives Gefühl des Entsagens umzusetzen. Auf seinen
411 3212 1700 3305 kraftvollen Humor, der ursprüngliche Tragik verwegen in sich aufnimmt,
403 3252 1697 3342 mufste sich Schnitzler besinnen, um dem Problem (in etwas anderer
396 3288 1696 3405 Fassung) den lebensvollen, den dichterischen Ausdruck abzugewinnen. „Die
395 3342 1700 3432 letzten Masken“ führen in ein Spital. Das trübe Spitalelend gibt einem
398 3371 1689 3478 armseligen, dem Tode verfallenen Schauspieler Auregung für seine Kunst,
391 3408 1680 3506 es dünkt einem gefeierten Modeschriftsteller „sehr interessant“. Alles ist
392 3438 1679 3552 hier in Handlung umgesetzt: ein verkommener Journalist lechzt danach,
389 3477 1683 3593 beim Nahen des Todes die Maske von seinem Gesicht abzureißen — ihm
389 3527 1671 3638 wird die ersehnte Möglichkeit, und er drückt die Maske fester nur vor
388 3568 1684 3676 seine Züge. Spiel wird zu Wirklichkeit und Wirklichkeit zu Spiel, und die
391 3606 1672 3701 an sich einfache Handlung lässt die Charaktere in scharfen Umrissen er¬
383 3640 1671 3748 scheinen, wirft in die Tiefen menschlichen Elends ein grelles Licht. Der
383 3688 1667 3792 vierte Einacter „Literatur“ parodiert gar lustig die Empfindungswelt
371 3708 1663 3829 der beiden ersten. Man steigt zu Caféhausliteraten hinab, die ihre Er¬
371 3764 1662 3869 lebnisse berechnend, schamlos „auszuschlachten“ wissen. Das Spiel ist flott
378 3809 1660 3907 und lustig, die Charakteristik greifbar und überzeugend. Man vergisst das
380 3844 1663 3947 abstracte Problem über lebensvollen Wirklichkeitseindrücken, man vergisst
368 3873 1641 3994 den spürenden Theoretiker Schnitzler über seinem anderen Ich, dem kraft¬
374 3921 982 3997 vollen Gestalter. Und das ist gut.
1315 3960 1624 4034 Ernst Heilborn.
1868 156 3304 233 Vertretungen in Berlin. Chieage, Gent. #e Neegurk., Paris, Rom, Stockholm.
2405 245 3310 344 D Sepe S
1844 291 2372 366 Ausschnitt aus:
1849 390 2359 554 #r7//7790 7—
2323 747 2931 840 THE DRAMA IN BERLIN.
2428 822 2862 890 · DIE LETZTEN MASKEN,
2327 855 2935 920 Drama, in One Aut, by Arthur Schnitzler,
2299 887 2947 956 Produced atthe Deutsches Theatre, Jan. 4th.
2243 920 2922 992 Rademacher Herr Raisiiakpr
2243 949 2892 1009 Jackwerth Herr Fischea
2249 987 2944 1043 Weihgast Herr BASSERMANN
2239 1020 2938 1074 Dr. Halmschloger Herr Hornsisrak
2235 1051 2879 1099 Dr. Tann Herr Wainau
2239 1071 2933 1133 Juliane Fräulein MuLLER
2349 1108 2912 1165 (FROM OUR OWN CORRESPONDENT.)
2213 1137 3051 1193 BERLIN, Tnuaspay, Jay. 9.—Under the collective
2184 1172 3047 1235 title of Lebendige Stunden, four one-act plays, by Herr
1826 1196 1936 1261 Für
2193 1199 3053 1263 Schnitzler, were produced at the Deutsches on Satur¬
1955 1197 2175 1268 50 Zeitung
2186 1228 3052 1298 day. The author—in the first three pieces—endeavours
1933 1241 2040 1290 100
3053 1233 3249 1297 nelnsive
2184 1262 3045 1333 to show the influence of the dead or dying upon the
3052 1281 3209 1332 Porto.
1940 1281 2047 1328 200
2177 1297 3036 1363 living, but he also wishes to provethat the living should
1933 1320 2049 1367 500
3061 1321 3224 1382 Zahlbar
1865 1340 1904 1384 9
2186 1326 3045 1399 not be sacrificed to the dead. The scene of Die Letzten
3074 1363 3250 1418 Voraus.
1872 1354 2040 1420 „ 1000
2171 1353 3043 1428 Masken is laid in a hospital. The journalist Karl
2174 1395 3046 1454 Rademacher is dying; his heart is full of bitterness
1951 1402 2177 1465 Im Gegens
3049 1412 3278 1480 de ist das
2189 1429 3034 1495 against his unsuccessful life and the cruel fate now
1827 1428 2172 1500 Abonnement dure
2187 1464 3269 1527 awaiting him. His hatred is especially directeg teht es den
1834 1487 2167 1541 Abonnenten frei
2183 1495 3157 1569 against Alexander Weihgast, an author who hag dern.
2161 1539 3046 1592 had better luck than himself, and he expresses a
2186 1563 3270 1645 wish to see him. Weihgast is sent for, and theithaltend die
1940 1560 2164 1629 Der „OBS
2178 1597 3012 1653 dying man, with a last desire to be revenged upon hi
1829 1607 2170 1669 Inhaltsangabe a
2179 1625 3263 1686 rival, rehearses with a consumptive actor in the same Morgen¬
1825 1652 2163 1705 blätter (Tage
2180 1660 3259 1725 ward all he intends to say to him. Above all he willier Zeitung“)
1842 1696 2164 1750 wodurch eine Uel
2185 1688 3270 1765 tell him that between Weihgast’s wife and himself asthschaftliche
2178 1718 3270 1791 liaison has long existed. When Weihgast comes, puffed, Diese Mit¬
1823 1732 2156 1784 Leben des In¬
2171 1751 3031 1822 out with unutterable conceit and a blatant belief in his
1824 1767 2153 1833 theilungen werde
2170 1797 3033 1856 greatness, yet with such a narrow soul, the dying man
2153 1825 3025 1884 Pfeels his own lot is the better of the two. His enemy
2170 1847 3031 1916 is too small to be revenged upon, and Rademacher dies
2160 1881 2558 1933 with the words unsaid.
2184 1923 3024 1988 Lebendige Stunden, the first of the cyole, is the
2161 1930 3035 2024 story of s poct, whose sick mother believes herself
2165 1990 3031 2050 to be a block in the way of his success. His
2169 2017 3032 2081 talents have come to a sort of stagnation point, and his
2158 2042 3023 2112 mother commits suicide to spur him on to greatness.
2163 2085 3024 2154 She writes her motive to an old friend, asking him not
2162 2117 3032 2182 to divulge the truth; but he does so, and the shock has
2167 2143 3035 2215 the desired effect upon Heinrich, the poet. He schieves
2158 2182 3022 2241 greatness, and becomes famous. Herr Schnitzler does
2158 2218 3019 2277 not succeed in convineing his audience as to the
2161 2244 3019 2323 necessity of the suicide. The idea is barbarous, the
2150 2273 2614 2330 Icharacter of Heinrich weak.
2199 2311 3018 2384 Dik Faau urr ben Dozen“ is of a different type,
2145 2329 3017 2414 and is a strange mixture of romance and realism.
2149 2374 3008 2458 Pauline, a young wife who, to pass the time away,
2149 2413 3022 2463 flirts with a man named Leonhard, has a rendez¬
2156 2444 3023 2517 vous in the museum before the famous picture“ The
2147 2472 3011 2534 woman with the dagger.“ Pauline loves her husband,
2142 2507 3017 2575 and does not particularly care for Leonhard, yet she is
2148 2539 3016 2610 hesitating whether she shall grant him all he demands.
2144 2577 3015 2642 She falls asleep in a chair before the picture and
2143 2604 3014 2663 dreams. The stage is darkened, and we see the persons
2133 2649 3001 2717 Tof her dream, who live in the fair land of the Floren¬
2137 2673 3010 2741 tines at the Medici period. Pauline herself is Paola,
2131 2704 3002 2781 the wife of an artist, who loves her husband, but is
2134 2732 2999 2798 faithless to him while he is away on a journey. The
2133 2766 3003 2833 husband comes home early in the morning unex¬
2124 2809 3002 2856 pectedly, and Paola, in a fit of remorse, stabs her
2124 2846 2993 2905 lover before her husband’s eyes. He sees nothing
2130 2880 3006 2925 of her repentance, but seizes paint - brush and
2128 2897 3006 2969 palet to depict the woman with the dagger and the
2125 2934 3000 3001 struggles of the dying man. The curtain falls for a
2126 2971 2987 3022 moment, and on its rising we see Pauline with her
2124 2999 2983 3058 lover before the picture again. She promises him to
2128 3032 2985 3098 come and visit him that night; so much for the effect of
2117 3050 2330 3108 her dream.
2142 3083 2988 3167 Tnk final piece, Litteratur (Die Letzten Masken, is
2115 3123 2982 3192 the second in the programme), is a comedy pure and
2116 3170 2987 3222 simple, having no abstruse motive, but is witty,
2119 3197 2976 3264 satirical, and a little risky. The hereins Margarete
2106 3230 2984 3301 is a lady with a past; she has been divorced
2108 3269 2984 3342 and has settled down as an authoress at Munich,
2118 3295 2971 3366 the Bohemian artist life there suiting her admirably.
2109 3321 2979 3392 Here she marries a sporting Baron, of ancient
2111 3357 2966 3425 lincage, but limited intelligence, who looks upon
2097 3391 2971 3448 novel-writing as a plebeian occupation, and who par¬
2089 3421 2970 3491 Cticularly hates it in his wife. Margarete is about to
2097 3460 2975 3516 publish a book secretly, containing the history of her
2134 3490 2966 3559 adventures“ in company of a friend named Gilbert,
2096 3527 2962 3579 also a writer. It transpires, however, that Gilbert has
2097 3557 2958 3620 also just written a book, in which a correspondence
2097 3591 2954 3651 between himself and Margarete forms the chief
2100 3623 2960 3674 theme. The Baron gets to know the truth, and
2091 3642 2964 3708 is for a moment very nonplussed, for he always
2095 3678 2952 3737 believed his wife invented her plots. How¬
2092 3718 2963 3772 ever, he buys up the book from the publishers,
2093 3752 2963 3798 and Margarete makes a bonfire of it in Gilbert’s
2084 3764 2955 3839 presence. The Baron is defeated by his cieverer wife,
2090 3806 2956 3879 an makes up his mind to believe in her more genuinely
2865 3863 2900 3889 „
2082 3837 2952 3907 than ever; he is quite happy in his denseness. Ihe
2080 3875 2951 3940 four pieces were splendidly played, the same artists
2080 3908 2951 3976 appearing mostly in each. Fräulein Triesch, Herren
2079 3944 2947 4000 Bassermann, Rittner, Reinhardt, and Fischer made upa
2087 3981 2944 4040 quintet of as near perfection as possible, and Herr
2085 4005 2942 4068 Sommerstorff gave the röle of the dream painter
2081 4042 2936 4103 Remigioequally well. The author was called repeatedly
2074 4057 2944 4150 #before the curtain, and verv heartily applauded by a
2075 4094 2394 4166 Verowdnd ausfie nee.
2946 4092 3114 4174 21.—
