3392 4224
194 249 1849 339 16. 1. Lebendige Stunden—Zuklus
566 1193 1374 1269 h auf die ehin vom Siaudiger 9..
99 1203 505 1291 ht so zu fassen,“ sagt
528 1256 850 1324 länger berufen.
117 1262 497 1331 „daß Treu und
575 1279 1794 1360 Von besonderer praktischer Bedeutung ist die Beurthei¬
100 1313 504 1383 ssitte erst fordern
517 1347 1787 1419 lungdes Schweigensim Handelsverkehr. Grund¬
100 1352 500 1424 estimme, was Treu
527 1398 1796 1461 sätzlich ist auch hier davon auszugehen, daß wie bei der Willens¬
106 1402 506 1476 er Verkehrssitte als
515 1466 1797 1511 erklärung der wirkliche Wille zu erforschen ist, daß es also, ab¬
93 1456 506 1525 dieses fordert aber
527 1496 1804 1563 gesehen von den im Gesetz ausdrücklich bezeichneten Fällen, in
100 1512 500 1571 Treu und Glauben
102 1545 1806 1616 sitte oder Handels= denen dem Schweigen die Bedeutung der Zustimmung beigelegt
527 1660 1795 1729 Der heiße Wettkampf zwingt sie ihre Leistungsfähigkeit und die ihrer
527 1712 1787 1761 Musiker bis auf den höchsten erreichbaren Effect zu bringen, zu Nutz und
74 1696 293 1786 shaft.
527 1756 1789 1811 Frommen der Kunst die schwachen Kräfte von der weiteren Mitwirkung aus¬
97 1773 406 1838 ent=Concerte.
530 1810 1794 1854 zuschließen und außer dem alten und sicher gehenden Pferd „Classicität“.
533 1818 1790 1882 auch das oft ungezügelte und störrische Roß „Die Moderne“ zu reiten.
524 1867 1790 1917 Die Neuheiten, die ohne Concurrenz dem Publicum vorenthalten würden,
527 1901 1804 1965 kommen sicher zur Aufführung, denn was der eine Dirigent nicht bringt,
84 1913 229 1974 Emnitz.
537 1940 1803 1999 muß der andere bringen, wenn er die Lebensfähigkeit der von ihm ge¬
89 1949 316 2021 eingartner.
524 1985 1808 2041 leiteten Concerte erhalten und vermehren will. Ergiebt aber der künst¬
99 2006 169 2058 er.
530 2031 1796 2072 lerische Wettbewerb in Orchester=Concerten als Folge mustergiltige Auf¬
90 2033 505 2103 =Abonnement=Concerte
535 2066 1794 2119 führungen von Werken einer großen Anzahl von todten und lebenden
106 2086 509 2140 lde der Vergangenheit
531 2097 1802 2152 Tondichtern, durch deren Compositionen alle Richtungen in der Musik
91 2118 517 2183 Enteressenten die Frage
530 2136 1800 2193 vertreten sind, dann hat das Publicum den allgrößten Vortheil davon.
121 2157 511 2215 für Leipzig ein Be¬
521 2171 1808 2233 Durch die gesteigerte Leistungsfähigkeit der Orchester wird sein
97 2196 507 2260 usik tonangebend, ton¬
537 2211 1801 2267 Genuß an den Werken der Instrumentalmusik erhöht, durch die
104 2240 513 2296 ig ist es nicht mehr,
525 2247 1808 2311 Reichhaltigkeit der Concert=Programms seine Kenntniß in der
96 2277 521 2335 bund so ist Berlin in
526 2290 1803 2361 Orchesterlitteratur bereichert, sein Geschmack verfeinert und durch das
102 2314 523 2370 in der dramatischen
525 2324 1808 2384 Hören von Concerten von verschiedenen Capellen sein Urtheil bis zum
99 2353 521 2415 bedauerlich die That¬
525 2371 1795 2426 nothwendigen Grad geschärft. Schon dieses Ergebniß der Wechselwirkung,
97 2397 518 2458 nig kann sie bestritten
531 2407 1806 2460 welches die neue Concurrenz im Gefolge haben muß, reichte aus, um
100 2421 518 2488 des Herrn Professor
528 2442 1805 2500 die Bedürfnißfrage der neuen Orchester=Abonnement=Concerte zu bejahen.
95 2470 511 2524 aus=Concerten neues
538 2488 1804 2540 Das Bedürfniß verwandelt sich in eine Nothwendigkeit, wenn nur durch die von
86 2501 514 2568 kren gegründeten phil¬
529 2524 1808 2589 ihr ausgehende belebende Kraft das Mittel gewährt wird Leipzig in
92 2551 522 2603 kregeres Leben und ein
535 2546 1811 2624 musikalischer Hinsicht die Ebenbürtigkeit mit Berlin zu erringen. Diese
99 2584 524 2644 strumentalmusik zu be¬
540 2594 1812 2659 Möglichkeit ist vorhanden, weil es möglich ist, daß durch die neuen
89 2625 523 2678 den Gewandhaus= und
522 2636 1811 2698 Orchesterconcerte ein bedingter Idealzustand in der Instrumentalmusik
100 2660 523 2725 das Grab, ohne seine
538 2687 1808 2740 geschaffen wird: Mustergiltiges Programm und mustergiltige Ausführung,
101 2700 521 2756 auswärtigen Capellen
540 2716 1819 2769 in Gefolgschaft ein mustergiltig musikalisch erzogenes Publicum und eine
86 2740 524 2800 assische und moderne
540 2763 1806 2816 mustergiltig urtheilende Kritik. Die Segnungen des neuen Concertunter¬
100 2773 528 2843 chtigung der Tonwerke
539 2795 1815 2849 nehmens müssen mit der Zeit sichtbar werden und sind sie es geworden,
87 2815 517 2881 er ganzen Anlage der
529 2827 1824 2899 dann ist auch die Stunde gekommen, in der die Neuerung von Allen,
94 2847 530 2913 n Anschein, als ob sie
535 2879 1111 2946 richtig gewürdigt werden wird.
100 2893 525 2955 durch sein zu frühes
588 2906 1812 2972 Das erste Concert war dem Meister der Symphonie Beethoven und
97 2937 527 2984 ideellen Vortheile des
524 2961 1822 3010 dem Meister der symphonischen Dichtung Liszt gewidmet. Von letzterem
91 2980 516 3039 n deren Concerte unter
535 2997 1814 3050 kamen die beiden symphonischen Dichtungen Tasso und Hungaria und
105 3019 274 3066 werden.
1381 3041 1418 3068 01
1266 3038 1348 3072 Irche
1194 3044 1231 3070 ##7
534 3031 1817 3088 das Concert in Adur für Pianoforte mit Orchester und von ersterem die
91 3026 514 3111 niß entspricht oder nicht,
534 3077 1812 3132 Symphonie in Adur zur Aufführung. Die Chemnitzer städtische Capelle
95 3093 519 3142 zur Folge. Zum Beweis
542 3112 1808 3182 spielte unter der sicheren und elastischen Leitung des Herrn Felir Wein¬
88 3133 518 3187 dem Schauspiel unseres
541 3155 1804 3213 gartner die schwierigen Werke der genannten Meister mit einer Empfin¬
98 3173 515 3223 in der Sophienstraße.
542 3192 1818 3253 dung und Vollendung, die rückhaltlose Anerkennung und größte Hoch¬
98 3209 515 3264 werke, der Künstler und
532 3237 1813 3294 achtung verdienten. Die Streicher, die Holzbläser und die Blechbläser sind von
106 3247 519 3306 und fördernd kann sie
533 3272 1814 3325 einer Güte, wie diese kaum besser in den besten Capellen zu finden ist. Auch
121 3281 519 3341 Die Dirigenten der
540 3307 1808 3364 in der Begleitung zu dem Clavier=Concert bewährte sie sich auf das Vor¬
97 3317 516 3371 in Lorbeeren einschlafen,
538 3341 1815 3402 trefflichste. Herr Felix Weingartner ist allerdings auch ein Dirigent, durch
100 3356 528 3419 sanft geweckt zu werden
527 3394 1819 3452 den die Schwachen mächtig werden. Ihm gelingt es, mit dem Orchester den
102 3395 525 3472 men, schlafe nicht länger!
323 3469 378 3502 F
570 3476 936 3559 ane a
1997 243 2447 326 box 21/3
1864 1219 3073 1291 Im Auftrage des Königs hat sich gestern der Königl. Over¬
1808 1278 3085 1343 stallmeister v. Haugk in Begleitung des Hauptmanns Moritz vom
1819 1323 3081 1381 Kriegsministerium nach Hummelshain und von dort nach Alten¬
1818 1366 3095 1427 stein begebn, um den Herzögen von Sachsen=Altenburg und von
1812 1406 3085 1470 Sachsen=Meiningen die Thronbesteigung des Königs anzuzeigen.
1815 1651 3078 1718 vollen Stimmungsgehalt der Tondichtungen wiederzugeben und dem Em¬
1813 1678 3089 1750 pfinden der Zuhörer näher zu bringen. Die Klage und der Triumphgesang in
1817 1719 3098 1788 Tasso, die Melancholie und die wilde überschäumende Lust in Hungaria,
1813 1765 3087 1822 die Schwärmerei und die Ausgelassenheit in der Adur=Symphonie kamen
1818 1810 3095 1860 durch ihn so wunderbar abschattirt zu Gehör, daß die Begeisterung in
1820 1845 3099 1902 den Herzen der Zuhörer emporflammte und sich in stürmischem Beifall
2997 1888 3096 1934 ich
1813 1889 2959 1942 offenbarte. Ich weiß nicht, ob mich mein Gefühl getäuscht hat,
1824 1917 3092 1981 saß fieberkrank im Concert — mir schien es, als hätte er vornehmer und
1816 1976 3097 2015 kühler als sonst dirigirt, ich denke dabei an die Stelle nach der Fermate
1812 2008 3097 2064 im ersten Satz von Beethoven's Symphonie wo der Strom der
1821 2047 3097 2093 Musik in fast ungebändigter Kraft und schäumendem Uebermuth
1825 2084 3099 2134 dahinbraust. Der Alte aber wurde er, als er den vierten Satz der¬
1827 2131 3093 2179 selben Symphonie dirigirte. Die in diesem liegende dithyrambische
1832 2156 3098 2208 Stimmung riß ihn hin, seine Bewegungen wurden lebhafter und größer,
1816 2194 3101 2258 sein Empfinden theilte sich dem Orchester mit und unter seiner suggestiven
1819 2237 3092 2285 Einwirkung auf dasselbe kam alles, auch das technisch Schwierigste, in
1806 2273 3095 2314 klanglicher Schönheit zur Erscheinung. Ihm ebenbürtig war der Solist
1822 2321 3092 2366 Herr Alfred Reisenauer. Er spielte als Meister das Werk eines
1823 2346 3098 2407 Meisters und nie vor ihm hatte ich das Clavierconcert in Adur von
1992 2383 3125 2447 schön gehört. Die Wiedergabe zeigte Herrn Reisenauer's
1820 2400 2000 2452 Liszt so
1822 2418 3103 2487 pianistische Vorzüge in der hellsten Beleuchtung und Leipzig kann stolz
1826 2467 3102 2530 sein, einen solchen Künstler sein eigen zu nennen. Herr Weingartner
1825 2502 3108 2570 und Herr Reisenauer wurden für ihre außergewöhnlichen Leistungen mit
1829 2541 3099 2606 außergewöhnlichem Beifall ausgezeichnet. Einen guten Theil davon kann
1831 2585 2929 2637 die Chemnitzer städtische Capelle für sich in Anspruch nehmen.
1872 2613 3002 2688 Dem glückverheißenden Anfang folge ein glücklicher Fortgang!
2771 2658 3047 2715 Paul Merkel.
2104 2757 2824 2846 Leipziger Schauspielhaus.
2223 2825 2712 2902 Zum ersten Male:
2250 2873 2689 2951 Lebendige Stunden.
2089 2909 2858 2993 Einacter=Cyklus von Arthur Schnitzler.
1872 2975 3100 3032 Auf dem Zettel stehen diese vier Einacter als „Novität“ ver¬
1829 3022 3112 3089 zeichnet. Sie sind's nur für Leipzig: Berlin langweilte sich über
1828 3070 3107 3118 „Lebendige Stunden“ und „Die Fran mit dem Dolche“
1829 3106 2322 3171 schon im vorigen Winter.
2697 3133 2794 3172 1
1875 3125 3106 3186 Doch nun zu dem Cyklus selber! Sein „Ober=Anel „Lebendige
2500 3180 2552 3208 II
1831 3176 3107 3224 Stunden“ scheint mir mit mehr Winkür als Geschick gewählt zu sein.
1837 3203 3118 3267 Das Ganze mußte aber seinen Collectiv=Namen haben. Also taufte
1840 3239 3120 3315 Schnitzler seine vier Stücke „Lebendige Stunden“. Weshalb?
1844 3292 3116 3343 Vielleicht aus folgendem Grunde: Er singt uns in jedem seiner
1836 3347 3121 3386 Stücke einen Hymnus an's Leben, an jenes höchstpersön¬
1817 3368 3146 3439 liche Leben, das der Einzelmensch mit Niemandem theilt, das
