3484 4384
2167 170 2618 284 box 21/3
359 171 2008 279 16.1. Lebendige Stunden—Zuklus
1692 450 2180 562 Telephon 12801.
1328 555 2544 641 Alex. Weigl’s Unternehmen für Zeitungs-Ausschnitte
2333 634 2539 699 Ausschnitt
2155 653 2265 716 Oee
1543 650 2208 768 „OBSERVE,
2361 686 2622 792 Nr. 77
1194 739 2641 841 I. österr. behördl. conc. Bureau für Zeitungsberichte u. Personalnachrichten
1435 811 2442 914 Wien, IX/1, Türkenstrasse 17.
1613 885 2249 973 Filiale in Budapest: „Figyelö“ —
1197 952 2625 1030 Vertretungen in Berlin, Chicago, Genf, London, Newyork, Paris, Rom, Stockholm.
1200 1063 1741 1165 Ausschnitt aus:
1909 1129 2620 1288 Dor Hunworist, Wien
1188 1215 1395 1296 vom:
1403 1255 1855 1363 1010190 —
1541 1580 2201 1681 Münchener Brief.
2215 1654 2517 1725 8. März 1902.
1296 1716 2554 1781 Von den Schnitzler'schen Einactern, welche im Königl. Re¬
1188 1771 2546 1844 sidenztheater in fast ausnahmslos unübertrefflicher Weise ge¬
1199 1802 2561 1882 geben wurden, hatte nur das Lustspielchen „Literatur“ durchschlagen¬
1202 1862 2560 1917 den Erfolg; „Lebendige Stunden“ fanden freundliche, die zwei anderen
1194 1922 2557 1979 stark getheilte Aufnahme. Das in den vier Stückchen aufgeworfene
1176 1963 2557 2040 PProblem, die Stellung des Künstlers zum Leben und seiner
1200 2024 2567 2073 Schöpfung, liegt dem Publicum nicht nahe genug; es wird eben
1199 2069 2565 2129 immer auf dem Standpunkte des pensionirten Beamten Hausdorfer
1186 2116 2558 2166 stehen, der erschauerte, als er den Freund neben dem Sarge seines
1193 2171 2565 2224 Kindes, seinen Schmerz in Töne meisternd, Clavier spielen sah. Die
1174 2209 2573 2272 gseinen Züge, die der Kenner in den Literatenstückchen zur Psychologie
1167 2260 2601 2314 Ader modernen Dichter findet, entgehen natürlich auch viel der allge=n
1200 2313 2564 2370 meinen Beachtung. Auf Schnitzler's Schuldconto dagegen wäre zu
1174 2373 2579 2435 rsetzen, daß dramatische Conflicte fehlen. Ein geistreicher Einfall,
1158 2405 2590 2474 hlyrische Stimmung, kunstvoll gefeilter Dialog, das ist viel, die Bühne ?
1161 2461 1775 2515 wbraucht noch etwas mehr.
1828 2440 2582 2525 .. In „Lebendige Stunden“ spielte)
1171 2510 2593 2567 LSuske den um die geliebte Frau trauernden Alten mit überzeugen¬
1167 2555 2582 2602 #hdem Schmerze; Monnard gab den jungen Dichter; die melan¬
1194 2600 2566 2665 cholische Stimme, die discret gedämpften Manieren, die sich auch
1208 2654 2572 2711 im Schmerz kaum vergröbern, das war alles echt bis in's Kleinste.
1198 2690 2573 2768 Den biederen, alten Gärtner gab Gura sehr treuherzig. Die
1206 2748 2562 2808 schwierige Rolle der Pauline=Paola („Frau mit dem Dolche“) spielte
1200 2802 2569 2878 Frl. Dandler recht gut. Salfner's Leonhard befriedigte,
1209 2856 2569 2902 weniger der Lionardo der Renaissance. Stury's Remigio, eine
1209 2901 2565 2963 schlimme Rolle, war gewandt gespielt. Es ist, meines Erachtens, dass
1215 2948 2573 3014 schwächste Stück; denn: predigt hier Schnitzler die indisch=Nietzsche'sche
1216 3001 2560 3066 „Wiederkehr aller Dinge“ oder ist die Mordscene nur ein
1207 3047 2558 3100 hysterisches Gankelspiel von Paulinens Phantasie? Häusser gab
1205 3099 2557 3160 den todtkranken Journalisten („letzte Masken“) in seinem letzten
1202 3142 2568 3205 höhnischen Aufbäumen gegen das Schicksal, wie in der Resignation
1196 3196 2554 3249 des Sterbens erschütternd, den schwindsüchtigen Schauspieler stellte
1210 3248 2565 3309 Pindo mit viel Charakteristik und Beweglichkeit dar. König gab
1202 3292 2573 3351 den berühmten Schriftsteller in all seiner kleinlichen Erbärmlichkeit
1200 3341 2558 3397 sehr lebensecht und discret. Der Arzt Waldau's und die Kranken¬
1209 3398 2561 3455 pflegerin Frl. Schwarz' entsprachen völlig den Anforderungen.
1212 3447 2574 3507 Mit Verve und seinem drastischen Styl ensprechend, wurde das Lust¬
1203 3490 2561 3557 spiel „Literatür“ gespielt. Famos gab Frl. Swoboda die schrift¬
1203 3528 2576 3589 stellernde Frau, die schon manchen Sturm eriebte, Waldau den
1208 3598 2565 3652 etwas dümmlichen Aristokraten und Basil den Schriftsteller und
1205 3646 2569 3691 einstigen Freund Margarethens; besonders der discrete Humor des
1207 3680 2559 3743 Letzteren wirkte manchmal überwältigend. Die sorgsame Regie des
1215 3729 2574 3793 Abends ist Savits' Verdienst. Mit dieser Aufführung collidirte eine
1219 3782 2569 3843 Vorstellung der „Zauberflöte“ im großen Hause, welche zwei Gäste
1215 3830 2578 3892 brachte. Frl. Bossenberger (Frankfurt) bewährte, wie mir von
1207 3882 2561 3937 maßgebenden Seiten erzählt wird, als Königin der Nacht ihre statt¬
1214 3929 2566 3988 lichen, stimmlichen Vorzüge, und eine hier neue Erscheinung,
1204 3978 2562 4037 Frl. Hedwig Weingarten (Bremen) fand wegen ihres aus¬
1211 4011 2574 4093 giebigen, klangreinen Soprans als Pamina günstige Aufnahme.
1203 4098 2577 4142 Darstellerisch bleibt der sehr jungen Künstlerin noch mancherlei aus¬
2488 4126 2537 4171 K
