3484 4256
796 179 2008 235 gern die Gedanken scharf herausschält und unmittelbar ein¬
787 219 2014 281 ander gegenüberstellt. Er erzielt damit einen gewissen äußeren
784 254 2011 312 Spannungsreiz, zwingt den Zuhörer, mit zu disputiren, aber
789 311 2001 380 die menschliche Wahrheit der Situation geht dabei leicht
781 345 990 415 perloren.
884 400 1989 467 Auch das zweite Stück, „Die Frau mit dem Dolche“,
779 433 2015 517 leidet unter diesem Fehler. Das Problem wirkt künstlich zu¬
799 490 2012 554 recht geschnitten, und daher erweckt das Stück wohl jene
788 533 2010 598 Stimmung, die man Interesse nennt, nicht aber unmittelbare
790 579 2017 638 menschliche Theilnahme. Der Gegensatz zwischen dem Leben
789 627 2013 693 des Künstlers und der Art, wie der gewohnliche Mensch das
790 675 2010 728 Leben auf sich wirken läßt, ist hier nicht in dem Grade wie in
773 710 1446 758 dem ersten Stucke Hauptmotio
1482 710 2019 785 Das eigentliche Problem
775 748 2011 806 bietet ein Frauencharakter, und in seiner Analyse hat wiederum
789 798 2019 868 der Arzt Schnitzler den Vortritt vor dem Künstler. Der
787 840 2028 920 Konflikt zwischen erotischer Leidenschaft und der großen Liebe
774 886 2011 946 hat ihn gelockt: Paula, die Gattin eines Dichters, den sie anbetet,
783 937 2016 996 wie man das Göttliche anbetet, hat in ihrer Brust noch Raum
788 975 2012 1039 für eine flüchtige, aber starke erotische Leidenschaft zu einem
781 1019 2020 1090 hübschen Jüngling, mit dem sie innerlich nichts verbindet, zu
788 1062 2024 1110 dem sie nur ein heißes sinnliches Verlangen zieht. Das ist
783 1107 2014 1173 der psychologische, besser pathologische Fall, den Schnitzler
787 1148 1095 1209 „demonstrirt“.
1100 1151 2020 1217 Und zwar mit raffinirt theatralischen
782 1203 1958 1259 Mitteln. Vor einem anonymen Renaissancegemälde i
786 1243 2015 1303 der Gemäldegalleric. „Die Frau mit dem Dolche“, treffen sich
789 1278 2016 1346 Paula und ihr Geliebter Leonard. Er hat ihr die selisame
788 1316 2028 1386 Aehnlichkeit zwischen ihr und dem rothhaarigen Räthselreibe
774 1371 2020 1431 des Gemäldes zeigen wollen, und er hofft heute endlich von
770 1413 2010 1478 ihr Erhörung. Aber Paula sieht nicht nur die Aehnlichkeit,
827 1467 2012 1528 nein, sie fühlt plötzlich, daß sie selbst diese Frau mit dem
766 1516 2010 1571 Dolche ist, und es erwacht in ihr, während Leonard ihr mit
783 1548 2008 1583 wilden Worten seine Leidenschaft gesteht, etwas wie eine Er¬
778 1577 2011 1662 innerung aus einem früheren Leben, und plötzlich werden ihre
787 1633 2008 1702 Phantasiegestalten Wirklichkeit: die Bühne verdunkelt sich, und,
775 1688 2001 1747 als es wieder hell wird, sind wir in ein Schloßgemach der
783 1723 2005 1773 Renaissancezeit versetzt und erleben die Geschichte der „Fr###
778 1764 1142 1821 mit dem Dolche“
1140 1772 2008 1817 Paola, des großen Malers Remizio schönes
781 1814 1994 1884 Weib, hat sich in der Abwesenheit ihres vergötterten Gatten,
776 1860 1998 1927 in einem Augenblicke des sinnlichen Rausches dem jungen Maler
774 1918 2000 1966 Lionardo ergeben. Nun der Rausch vorüber, ist er ihr nicht
774 1955 2013 2002 mehr als ein zerbrochenes Spielzeug, und ihre Seele jauchzt
772 1987 2016 2064 dem endlich heimkehrenden Gatten zu. Vergeblich alles Flehen
773 2040 2009 2082 und heiße Drängen Lionardos, vergeblich sein Drohen, als sie
777 2073 1996 2141 ihn verächtlich bei Seite stößt, sich zu tödten. Es ist Tag ge¬
780 2126 2002 2186 worden, die Nacht ist dahin, und sie weist ihm, der letzten Er¬
765 2164 1574 2215 innerung an die Nacht, die Thüre.
1624 2172 2000 2232 Er aber, dessen
776 2212 1992 2272 ganzes Leben dami zerstört ist, bleibt und wünscht sich nur
769 2251 2002 2294 den Tod von Remigios Hand. Diesen jedoch läßt das Ge¬
766 2297 1785 2353 ständniß, das ihm Lionardo entgegenschleudert, kalt.
1785 2304 1995 2360 Er lebt¬
773 2336 2006 2397 in einem anderen Leben, zu dem Lionardo keinen Zutritt hat,
770 2373 2010 2457 und hochmüthig heißt er ihn gehen. Lionardo tobt und rast,
766 2431 2000 2476 aber nichts reizt den Künstler Remigio; auch als Lionardo
768 2471 2001 2538 nun jah seine Stimmung wechselt und in glühendem Haß
771 2513 2001 2565 ihn zu tödten schwört, bleide Remiglo unbewegt. Paola
767 2563 1991 2630 aber bebt in tödlicher Angst vor Lionardos That, und in dem
765 2591 2015 2672 Aufruhr ihrer Gefühle ergreift sie den Dolch und stößt ihm
771 2653 1989 2701 Lionardo, der sich eben zum Gehen gewendet, mit wilder
775 2696 2018 2757 Kraft ins Herz. Und Remigio? Für ihn bedeutet dieser
770 2731 2009 2778 Moment die endliche Inspiration für Paolas Bild, das er
775 2781 2002 2846 begonnen, aber bis dahin nicht hat vollenden können. Hier
769 2813 1996 2898 liegen seine „lebendigen Stunden“ ... Das ist die Geschichte
769 2868 1991 2935 von Paola und Lionardo, die vor Jahrhunderten sich zu¬
774 2913 1996 2966 getragen, und das wird auch die Geschichte von Paula und
764 2947 1998 3016 Leonard werden; denn als Paula aus ihrem weltentrückten
773 3009 1997 3068 Sinnen wieder erwacht und sich wieder in der Bildergallerie
762 3045 1986 3106 und Leonards heißem Drängen gegenüber findet, da gewährt
768 3090 1987 3150 sie ihm, dem sie noch eben aufs Nimmerwiedersehen hat Lebe¬
756 3136 1989 3202 wohl sagen wollen, mit einem räthselhaften Blick seine heiße
759 3177 1981 3238 Bitte. Sie wird in der Nacht zu ihm kommen, es soll die
764 3214 1989 3276 letzte Nacht sein, bevor sie mit dem Gatten die Stadt
1034 3262 1127 3313 #
768 3261 942 3316 verläßt,
1128 3263 1984 3331 wird Leonards letzte Nacht werden.
752 3306 2015 3366 Paulas Gatten lernen wir nur in der Traumgestalt!
760 3349 2012 3416 des Remigio und aus der Schilderung Leonards
758 3388 1125 3450 kennen: er ist
1134 3404 2002 3467 ein Künstler wie Remigio, dem die
755 3443 2021 3506 Gabe geworden ist, seine Seelenerlebnisse im Kunstwerk zu##
754 3483 2019 3555 objektiviren. Doch tritt, wie gesagt, dieses Motiv mehr in den
747 3522 1029 3586 Hintergrund.
828 3577 1983 3648 Menschlich am einfachsten und deshalb am meisten un¬
754 3623 1985 3678 mittelbar packend ist das dritte Stück „Die letzten
749 3648 1976 3723 Masken“. Die Szene ist in einem Spital. Ein Sterben¬
748 3714 1989 3781 der äußert den dringenden Wunsch, noch ein Mal einen früheren
755 3745 1976 3825 Freund, dem berühmten Dichter Weihgast, zu sehen. Der Arzt
755 3811 1980 3870 willfahrt schließlich dem Flehen des Kranken und holt den
753 3842 1974 3902 Dichter. Inzwischen aber erfahren wir den Grund, warum
750 3879 1964 3949 der Sterbende diese letzte Begegnung ersehnt hat. Nicht um
746 3924 1967 4002 ihm noch einmal die Hand zu drücken, sondern um ein einziges
752 3976 1975 4048 Mal all den Haß ihm ins Gesicht zu schreien, mit dem ihn
738 4014 1973 4091 sein Leben, das Leben eines stets Erfolgverlassenen, gegen den
740 4068 1968 4129 erfolgreichen einstigen Freund erfüllt hat und vor Allem,
748 4108 1968 4165 um ihm zu sagen, daß der Verachtete und von ihm
730 4152 1964 4208 in den Hintergrund Gedrängte, zwei Jahre die Gattin
783 4182 833 4230 23
2001 3529 2094 3593 RN
2041 178 3019 250 Tichters Aneit ganselt Strtratne 11
2167 229 3249 303 Den Bericht über die Aufführung der Tragödie
2036 295 3247 368 „Dantons Tod“ von Georg Büchner im Bellealliance¬
2033 347 3258 416 Theater durch die Neue Freie Volksbühne haben wir
2036 387 3017 454 aus Raummangel bis morgen zurückstellen müssen.
2149 4119 2630 4205 anein
