3484 4320
2124 219 2577 319 box 21/2
315 221 1978 326 16.1. Lebendige Stunden— zuklus
2188 919 2322 998 179
1398 914 1830 1002 Theater=Korrespondenz.
898 1000 2322 1102 doch thatsächlich. Auch mit den Kreisen der deutschen Arbeit in Land¬
907 1071 2306 1144 wirthschaft und Industrie haben sie wenig gemein. An die höhere Be¬
917 1138 2311 1197 amteuschaft können sie noch weniger heran. Ihre gesellschaftlichen Be¬
903 1194 2322 1270 ziehungen teudiren in der Hauptsache nach einer Richtung hin, zur Welt
900 1253 2317 1299 der Börse. Und in der That: in der Psychologie des modernen Börsen¬
900 1294 2312 1380 mannes und des modernen Theatermannes findet sich manch gleicher Zug.
911 1357 2317 1436 Vor Allem sind es zwei Momente, die in beiden Welten vorherrschend in
904 1409 1910 1478 Betracht kommen: die Illusion und die Spekulation.
1004 1456 2310 1538 Ich habe natürlich hier nicht das Bild irgend eines einzelnen Theater¬
915 1496 2314 1577 schriftstellers zeichnen wollen. Ich wollte vielmehr die Grundlage des
913 1558 2319 1641 modernen Theaterbetriebs bloßlegen und aus dieser Grundlage heraus
911 1620 2326 1684 vielleicht mit einer gewissen dichterisch psychologischen Begabung den Typus,
903 1683 2183 1760 die „Idee“ des modernen Theaterschriftstellers organisch entwickeln.
991 1851 2304 1946 Die Produkte der Herren Engel und Dreyer sind nichtswürdige
906 1911 2317 1996 Arbeiten. Herr Engel stellt einen versoffenen, aus dem Amte gejagten
907 1964 2306 2051 alten Pastor, einen jungen angeblich orthodoxen Pastor und eine berufs¬
908 2013 2302 2088 mäßige Dirne angesichts des Todes einander gegenüber. Er läßt in Todes¬
898 2086 2305 2142 nöten den „orthodoxen“ Pastor und die Dirne in Liebe zu einander ent¬
905 2127 2314 2212 brennen und er läßt schließlich die „Orthodoxie“ des jungen Pastors durch
909 2189 2306 2258 die reine und geläuterte „Menschlichkeit“ der Dirne ud abenelum führen.
909 2247 2310 2313 Diesen Vor= und Ausgang begleitet der alte versoffene Pastor mit einer
902 2301 2307 2359 Predigt im Sinne vorgeblich Gocthe'scher „Menschlichkeit", unter miß¬
899 2339 2306 2431 bräuchlicher Anwendung eines Citats aus dem Gott und der Bajadere.
999 2408 2102 2470 Herrn Dreyers drei Einatter sind freche Schamlosigkeiten.
989 2452 2320 2525 Herr Georg Engel ist aus der liberalen Welt, etwa des Berliner
905 2495 2316 2582 Tageblattes, hervorgegangen. Herr Max Dreyer hat lange Zeit der
907 2559 2312 2656 nationalen Täglichen Rundschau angehört. Man sieht: das Theatergeschäft
905 2608 1475 2695 gleicht solche Gegensätze aus.
994 2784 2296 2881 Da Arthur Schnitzlers „Lebendige Stunden“ noch immer das einzige
899 2876 2310 2932 Werk von einiger literarischer Bedeutung sind, das dieser Theaterwinter
908 2918 2312 2989 gebracht hat, komme ich mit ein paar Worten darauf zurück. Anlaß giebt
909 2960 2311 3026 mir ein Brief, den ein mir persönlich unbekannter, aber = eben nach dem
898 3003 2315 3104 Briefe zu schließen — regelmäßiger und verständuißvoller Leser meiner
893 3075 2302 3152 Theaterkritiken mir geschrieben hat. Diesem Leser ist es nämlich gelungen, eine
964 3143 2305 3199 wie mich dünkt — einwandsfreie Erklärung der „Frau mit dem Dolche“
903 3172 2306 3247 zu finden. Hier ist sie: „Das Leitmotiv, das sich durch alle vier Stücke
904 3252 2313 3312 zieht, ist ... der Gegensatz zwischen den „lebendigen Stunden“ des
898 3298 2305 3366 ästhetischen und des praktischen Menschen und dieses spezielle Problem
883 3351 2304 3428 auf dieser Linie lautet im ersten Stück „Künstler und Schmerz“,
2017 3403 2112 3485 12*
