3484 4224
2141 137 2539 228 box 21/3
265 148 1948 255 16. 1. Lebendige Stunden zuklus
925 410 1399 510 — Telephon 12801.
562 508 1792 597 Alex. Weigl’s Unternehmen für Zeitungs-Ausschnitte
1567 571 1802 652 Ausschnitt
1466 588 1557 670 6
794 589 1472 725 „OBSERYER‘
1610 633 1882 734 Nr. 78
466 704 1916 795 L. österr. behördl. Sonc. Bureau für Zeitungsberichte u. Personalnachrichten
684 768 1699 864 Wien, IX/1, Türkenstrasse 17.
859 837 1510 925 Filiale in Budapest: „Figyelö“ —
495 902 1847 984 ertretungen in Berlin, Chicago, Genf, London, Newyork, Paris, Rom, Stockho
2362 956 2819 1066 Telephon 12801.
458 1035 981 1139 Musschnitt aus:
1974 1063 3210 1160 Alex. Weigl’s Unternehmen für Zeitungs-Ausschnitte
2195 1132 3200 1269 „OBSERVED“ Inschnit
456 1183 1018 1288 13%
3006 1196 3275 1288 Nr. 66
1282 1202 1802 1304 ee
1867 1254 3313 1358 I. österr. behördl. conc. Bureau für Zeitungsberichte u. Personalnachrichten
2074 1319 3093 1412 Wien, IX/1, Türkenstrasse 17.
2270 1392 2907 1469 Filiale in Budapest: „Figyelö“ -
1860 1464 3313 1550 Vertretungen in Berlin, Chicago, Genf, Wondon, Newyork, Paris, Rom, Stockholm.
2623 1513 3239 1664 Seoiialatt, Wien
862 1549 1498 1629 Theater= und Kunstnotizen.
1852 1578 2379 1681 Ausschnitt aus:
685 1616 1777 1687 Das Ensemble des „Deutschen Theaters“ in Berlin
573 1616 1776 1725 gibt gegenwärtig Gastporstellungen im Wiener Carl=Theater.
574 1672 1784 1768 Es begann dieselben mit einem Einakter=Zyklus von Arthur
1856 1669 2437 1811 vore 1/1-7 77 2.
576 1719 1782 1804 Schnitzler: „Lebendige Stunden“ welche in Wien mit
572 1764 1778 1848 Interesse aufgenommen wurden. Der erste Einakter führt denselben
564 1804 1770 1886 Titel wie der Zyklus. Er deutet auf die Absicht des Dichters, an
566 1840 1773 1912 verschiedenen Beispielen zu zeigen, daß das Leben des Menschen in
576 1874 1767 1957 jenen Augenblicken gipfelt, in denen es die höchste Energie aufbringt,
575 1916 1776 1981 das sind die Augenblicke, in denen neues Leben erzeugt wird oder
445 1952 560 2011 Für
577 1961 1831 2039 altes erlischt: Liebe und Sterben, dann die höchste Energie, die des jei
574 1986 1761 2086 schaffenden Genius. Die Stunden, in denen diese Kraft regiert, sind
1762 2026 1831 2078 0
560 2030 1761 2121 die „lebendigen Stunden“. Das erste Schauspiel ist sozusagen die
1755 2066 1823 2122 54
561 2067 1758 2153 Vorrede. Ein junger Dichter sieht seine über alles geliebte Mutter
538 2101 1754 2190 1dahinsiechen, was seine Schaffenskraft lähmt. Darum will sie ihr
1766 2082 3221 2215 ### Den aufgeregtesten Abend hatten die Berliner bisher bei der Erst¬
554 2152 1749 2236 Leiden freiwillig abkürzen. Als der Sohn dieses Geheimnis erfährt,
1760 2137 3206 2277 es aufführung von Schnitzler's „Lebendige Stunden“, denn es war eine
440 2168 1753 2278 Abom will er sich töten. Um aber den Zweck des Liebesopfers zu erfüllen,
1788 2192 3211 2316 „Wiener“ Première. Es wird Viele geben, die den Stoff Schnitzler's
451 2244 1754 2322 Abom kafft er sich zu neuem Schaffen auf. Der Genius zeigt ihm den Weg
564 2266 1748 2362 zu Recht und Pflicht. Der zweite Einakter „Die Frau mit dem
1785 2226 3210 2374 gesucht finden. Daß die Erlebnisse der Künstler erst später, in der Repro¬
546 2301 1747 2396 Dolche“ zeigt wieder den Triumph des Künstlers über den Menschen,
1772 2295 3205 2431 duktion, in den Werken dieser Künstler so eigentlich lebendig werden — ist
1751 2342 1798 2393 n0
562 2347 1746 2414 es ist etwas von der Seelenwanderungs=Theorie und Auferstehungs¬
1757 2339 3213 2460 # dieser Satz so allgemein interessant? Und doch bewahrheitet er sich eft.
442 2367 1735 2468 Inhal lehre der okkultistischen Theosophen darinnen; Hermann Kienzl nennt
1747 2415 2955 2501 #t Wieder ein kleines, der letzten Woche entnommenes Beispiel:
454 2404 1729 2508 b14 das Drama ein verwirrendes, loses Spiel der Phantasie. Die moderne Frau
1902 2435 3214 2536 Vergangenen Sonntag besuchen zwei Freunde, darunter der Schrift¬
455 2447 1742 2546 woau Pauline steht in einer Gemäldegallerie vor dem Bilde eines unbekannten
1744 2497 1797 2551 6
449 2487 1743 2578 Lebel Malers des 16. Jahrhunderts, das „die Frau mit dem Dolche“ dar¬
1800 2485 3224 2614 steller Viktor Léon, den Direktor Gabor Steiner in seiner Kanzlei in
445 2521 1750 2619 theil stellt. Sie ist die Gattin eines erfolggekrönten Dichters, droht aber
1814 2539 3213 2644 „Venedig in Wien“. Sie drücken ihm ihre Theilnahme anläßlich des schreck¬
553 2584 1738 2662 einem anderen ungeliebten Manne anheimzufallen, der ihre Sinne in
1818 2575 3226 2687 lichen Brandes aus, der in der vorvergangenen Nacht den herrlichen Römer¬
544 2622 1746 2690 Aufruhr bringt. Durch die Aehnlichkeit des Porträts verleitet, bildet
1826 2661 2558 2744 saal in Schutt und Asche gelegt hatte.
548 2667 1737 2748 sie sich ein, vor 400 Jahren die Gattin jenes Malers gewesen zu
1927 2677 3228 2779 „Ja, meine Herren!“ sagte Direktor Steiner resignirt, „es war eine
542 2687 1760 2780 sein, den sie mit einem jungen Farbenreiber betrog, welch letzteren sie!
1820 2729 3221 2839 schreckliche Nacht und es ist ein furchtbarer Schaden; denn zum erstenmal
537 2751 1740 2852 jedoch nach einer Nacht des Genusses reuevoll vor ihrem Gemahl
1825 2773 3236 2896 hatte ich heuer den Römersaal nicht verpachtet, sondern in eigene Regie
528 2792 1751 2900 tötete. Der Meister bezwang sich jedoch und verewigte das schuldige
1836 2832 2996 2942 genommen. Viel, viel Geld ist uneinbringlich verloren! ...“
537 2832 1748 2938 Weib im Bilde. Schließlich sagt Frau Pauline jenem Leonhard, den
531 2869 1737 2974 sie, wie anno 1530, Lionardo nennt, die Nacht zu. Der dritte Ein¬
1929 2862 3241 2967 Doch plötzlich sprang der kleine Herr Steiner, wie von einer Feder
528 2926 1748 3010 akter „Die letzten Masken“ führt uns in ein Spital zu einem sterbens¬
1823 2912 3251 3017 emporgeschnellt, von seinem Sitze auf. „Eines sage ich Ihnen aber“ — rief
522 2955 1746 3053 kranken Komiker und einem zweiten Todeskandidaten, dem Journalisten
1826 2965 3245 3068 er zu Herrn Léon gewendet aus — „der Brand war furchtbar, aber
530 2988 1737 3092 Rademacher. Dieser Enterbte des Glückes läßt einen glücklicheren
1829 3008 3245 3119 überwältigend schön! Ich habe so etwas noch nie gesehen! Zuerst kam es
517 3028 1735 3139 Kollegen, einen Modedichter, aus dem Café holen, um ihm zu sagen,
1826 3056 3252 3161 roth, dann rosa, dann bläulich vom abschmelzenden Zinn — kurz in allen
517 3072 1722 3169 daß er, der arme Teufel, die Frau des beneideten Reichen früher als
521 3107 1736 3220 Geliebte besessen hat. Der Komiker animiert ihn auf der Jagd
1838 3107 3250 3218 Farben leuchtete und glühte es! Und deshalb sage ich Ihnen, in einer
515 3145 1727 3244 nach Modellen für seine Kunst, die er aber nicht mehr wird ausüben
1844 3153 3253 3267 meiner nächsten Novitäten muß ein Brand vorkommen! Daß Sie es
517 3174 1715 3280 können, ihm als angenommenen Gegner die Standrede zu halten.
1847 3221 3251 3310 wissen, Léon: Sie müssen mir einen Brand schreiben! Jetzt weiß ich's
511 3223 1717 3333 Rademacher sprudelt all seine Zornesreden und seine Neidesgefühle
1839 3254 3257 3357 leider, wie man so ein Flammenmeer inszenirt und die Wiener werden
513 3255 1710 3355 heraus. Als aber der Erwartete teilnahmsvoll kommt und auch von
514 3297 1715 3400 seinen Enttäuschungen und der Fadenscheinigkeit seines Glückes erzählt,
1839 3346 2051 3428 schauen!“
512 3349 1721 3454 schweigt der rächende Richter Rademacher. Infolge der Aufregung
1946 3334 3251 3441 Direktor Steiner hatte also beim Brand des Römersaales seine
512 3375 1711 3482 aber stirbt er. Der vierte Einakter heißt „Literatur“ und ist ein
1848 3396 3251 3497 Schnitzler'sche „Lebendige Stunde". Wir wünschen ihm für den Verlauf
508 3416 1712 3522 Satyrspiel. Eine raffinierte Schriftstellerin fängt einen albernen
1849 3439 3262 3554 seiner eben eröffneten Sommersaison freundlichere Stunden. Hoffentlich
495 3457 1713 3562 Baron ein; sie und ein cynischer Kaffeehausliterat schreiben je einen
503 3498 1706 3602 Roman, für den sie ihren einstigen sehr ungenierten, sehr intimen
1858 3484 3269 3593 kommt auch bald die Sonne hervor und bereitet milde Abende. Dann erst
493 3527 1703 3626 Briefwechsel praktisch verwerten. Das Ensemble des „Deutschen
1860 3542 3078 3640 hat das Benedig=Theater seine werthvollen „lebendigen Stunden.“
3055 3557 3284 3663 J. 8t
492 3566 1705 3664 Theaters“ in Berlin setzte sein Gastspiel im Carl=Theater
3099 3624 3269 3705 e
487 3620 1704 3718 in Hauptmanns „Biberpelz“ und „Fuhrmann Henschel“ fort.
603 3653 1699 3756 Als zweite Nopität brachten die Berliner Gäste ein holländisches
498 3669 1698 3792 Seestück in vier Akten: „Die Hoffnung“ von Hermann Heyer¬
486 3725 1695 3830 mans, einem der bedeutendsten unter den Modernen Hollands. Das
491 3765 1702 3865 sozialdemokratische Drama (den Webern“ Gerhart Hauptmanns ver¬
493 3808 1709 3907 gleichbar) zeigt uns, wie ein Schiffsreeder mit dem Leben der armen
482 3846 1698 3947 Fischer spielt. Der Ausbeuter schickt widerstandsunfähige Boote in
481 3881 1705 3987 die See, denn Schiff und Ladung sind versichert. Zu Hause erwarten
480 3946 665 4006 Wa
488 3914 1730 4057 die Schiffersfrauen und Bräute den ziemlich sicheren Untergang ihrer
1795 4046 1940 4138 n genabe
