3392 4256
1157 300 1226 351 II
195 265 2364 382 16.1. Lebendige Stunnen zuklus box 21/5
2745 1453 3278 1547 stimmungsvolle Violinsoli
2740 1533 3271 1611 kowitsch und Fräulein G
629 1538 2747 1616 sus darf beseitigt werden: im Renaissance Einakter sieht rührendes Sohnesgemüt. Vortrefflich ist Herr Sunko
2738 1581 2942 1656 begleitet.
1698 1597 2745 1659 als Zillinger. Witwer und Sonnlagsjäger aus der
624 1601 1684 1656 man die Büste der Venus von Milv, die 1820 ausge¬
2832 1613 3283 1687 * Todesfälle. In de
1688 1630 2743 1707 guten alten Zeit. Herr Kaliger als drolliger
622 1641 1677 1722 graben wurde, damals also auch tief in griechischer
2747 1669 3246 1742 Hause Lessingstraße 14
1694 1682 2733 1744 Treiber, dem eine Seele von Dackel nicht von der Seite
625 1701 887 1763 Erde steckte.
2748 1718 3281 1790 linsky im 82. Lebens
1680 1727 2738 1806 weicht, Frl. Schuhfried als schönstimmige, ganserk¬
724 1730 1691 1804 Die Aufnahme des Dichters und der Einakter,
2757 1765 3269 1839 wird in Waltersdorf bei H#
1697 1767 2747 1846 hafte Wilhelmine und der Konrad des Herrn Koß
626 1792 1682 1852 die seinerzeit schon mit Mehnert, de Grach, Sussin hier
2753 1823 3275 1890 sitätsoberbibliothekar Dr. O
1695 1826 2746 1903 machten sich als zweites erfolgreiches Trisolium an¬
634 1835 1684 1905 gespielt wurden, war im ausverkauften Haus außer¬
2744 1872 3261 1944 schweren Verlust erlitten.
1695 1875 2739 1939 genehm bemerkbar. Frl. Fröhlich (Margarethe);
1400 1888 1649 1959 Dr. A. M.
624 1893 1000 1966 dentsich stürmisch.
2747 1923 3274 2001 Elsa, geb. Puchner, im H#
1705 1933 2752 1995 und Frl. Riedner (Anna) trugen zum Gelingen
909 1940 1413 2053 Die Schützenliesel.
2749 1977 3285 2039 im Alter von 41 Jahren.
2500 1973 2714 2051 dr. w. h.
1697 1979 2268 2060 des Ganzen das Ihrige bei.
2753 2018 3278 2090 In der Griesgasse 4 Her
629 2027 1690 2082 Operette von Leo Stein und Karl Lindau. Musik von
2751 2065 3276 2136 Friseur, im 75., und in 1
879 2076 1439 2152 Edmund Eisler. — 10. Juni.
1773 2044 2751 2136 Grazer Theater. Im Opernhaus wird heute
2749 2116 3274 2187 Marie Baumgartner
1702 2113 2755 2188 unter Mitwirlung der Frau Jensen=Bendekovies Der
724 2119 1699 2198 Eyslers famoses Werkchen trägt die Marke der
2756 2165 3276 2233 87. Lebensjahre. — Sonnt
1691 2171 2746 2238 Frauenfresser zum erstenmal in dieser Spielzeit
630 2179 1691 2237 Vorkriegszeit im Titel. Glückliche Tage, in denen wir
2757 2211 3271 2286 beim Paulustor die Prit
1700 2216 2753 2291 gegeben. Morgen veranstaltet der Verein „Arbeiter¬
644 2226 1694 2293 weder an Schützen noch an Lieseln Mangel hatten.
2753 2271 3283 2325 bacher im Alter von 45
1700 2270 2753 2337 bühne“ eine Aufführung der Oper Mignon, Mittwoch
631 2287 1689 2347 Versailles hat uns zunächst die Schützen genommen.
2746 2311 3277 2378 10. Juni verschied hier Her
1693 2320 2753 2375 stellt sich Otto Wiesinger als Operettentenor anläßlich
637 2330 1690 2391 Nunmehr werden auch die Lieseln, wie die letzten Gast¬
2751 2359 3279 2430 der Bundeslehrerinnenbildi
1698 2366 2753 2436 einer Aufführung der Dollarprinzessin vor. In
647 2381 1689 2452 spiele zeigten, immer rarer. Unter der bewährten
2746 2410 3280 2478 Agram ist am 9. d. der#
1698 2419 2748 2480 dieser Vorstellung wird auch Fräulein Haas, eine
641 2434 1691 2496 Leitung der Herren Koß und Voglar erstand die alte
1688 2463 3279 2532 Operettensoubrette, die derzeit der Liebling des Linzer] Deutsch im 63. Lebens
633 2472 1697 2539 Operette am Samstag zu neuem Leben. Die Schützen¬
2882 2510 3265 2578 Jubiläum des
1701 2516 2754 2575 Publikums ist, zum erstenmal vor das Grazer Publikum
644 2530 1692 2597 liesel teilt mit anderen Werken ihres Jahrganges den
2754 2548 3274 2624 vereines. Anläßlich seine
1700 2550 2753 2643 treten. Beide Gäste sind zur Verpflichtung in Aussicht
643 2575 1687 2651 Vorzug der Melodie. Demgegenüber fallen einzelne
2746 2616 3265 2687 anstaltete der Eggenberger
1697 2607 2758 2688 genommen. — Das Schauspielhaus bringt morgen
649 2624 1691 2684 Längen oder veraltete Witze nicht so schwer ins Gewicht.
2750 2658 3281 2727 im Gasthof Alt=Eggenberg
1701 2660 2754 2732 eine Neueinstudierung des Lustspiels Am Teetisch
640 2678 1696 2732 Frl. Normann ist eine temperamentvolle handfeste
2752 2704 3277 2770 sich Ehrengäste eingefunden.
1694 2712 2760 2770 unter Wagners Leitung. Es wirken mit Fräulein Dürr
641 2733 1688 2802 Liesel, umflossen von Bräustübelpoesie; feste Statur,
2757 2754 3280 2824 des Musikquartetis des Gr#
1707 2765 2755 2825 und Herr Grieg sowie Herr Riedl, der allenfalls das
648 2774 1696 2844 sonniger Hamur... Herr Gabel ein nicht minder
2756 2805 3282 2866 dauer“ begrüßte der Obm
1695 2811 2756 2890 Fach des Bonvivants im nächsten Spieljahre bei uns
643 2816 1704 2885 wirkungsvoller Blasius; durch die herbe Hülle des
2753 2852 3278 2945 August Queisser die Al
646 2870 2001 2956 Zimmerkommandanten i. R. leuchtet ein ungemein vertreten soll.
