3484 4256
6 2472 80 2525 det,
19 2508 79 2565 e
-13 2552 84 2600 vas
-6 2587 74 2639 orge
-15 2786 64 2839 hren
-18 3084 80 3148 este
-15 3139 70 3193 ler
-14 3211 79 3264 en
2 3251 75 3303 alte
-8 3296 77 3345 beln
2125 204 2587 297 box 21/2
327 234 1999 316 16.1. Lebendige Stunden zyklus
374 1005 435 1137 0
423 1042 505 1148 d.
258 992 352 1143 6
268 1152 459 1226 Bureau
235 1248 401 1310 saussch
311 1774 409 1875 AN
648 2079 2463 2157 ein Männk=in und ein Weiblein der Bohéme — verschmäht es, Leonardo, der ihm Glück und Ehre
1559 2137 2459 2188 geraubt hat hat, zu vernichten — da springt Paola
655 2142 1557 2225 sie haben allerlei „lebendige Stunden“ gehabt mit
221 2085 534 2232 Stunden.“
1570 2158 2464 2226 auf und stößt dem Verführer, der ihrem Gatten gegen¬
656 2187 1551 2243 einander, nun sie von einander gegangen,
1556 2208 2459 2277 über so klein ist, den Dolch in den Hals. Dann
883 2222 1548 2291 diesen Stunden Dauer verleihen
211 2215 489 2294 Theater.)
661 2244 837 2295 wollen
1561 2246 2450 2306 steht sie da, den Dolch in der erhobenen Rechten,
649 2261 1549 2325 und schreiben je einen Roman. Aber ihnen
207 2278 646 2357 ge Bühnenwirkung geht
1560 2282 2449 2350 den Blick zu Boden gesenlt zu dem, der da tot
659 2292 1556 2366 fehlt die dichterische Kraft — sie geben keine seeli¬
224 2314 654 2385 Schnitzlers, den
1556 2312 2459 2382 liegt. Und diese Stellung begeisterte den Künstler
656 2328 1552 2402 schen Offenbarungen, nur seelische Entblößungen.
207 2355 648 2418 denDAuf¬
1565 2358 2457 2426 zu künstlerischer Großthat — er schafft sein Meister¬
664 2382 1547 2450 Sie vermögen den einst lebendigen Stunden keine
2243 2401 2453 2450 Pauline
207 2383 658 2466 ums war eine so rück¬
1572 2405 2206 2469 werk, „Die Frau mit dem Dolche“
662 2420 1053 2498 Dauer zu verleihen.
214 2433 650 2496 in dieser Saison noch
1569 2440 2450 2502 erwacht aus ihrer Träumerei und verspricht
730 2448 1556 2527 Solche Stunden leben nicht länger als der
212 2470 659 2534 dichterischem Wert ge¬
1560 2474 2228 2544 Leonhardt das erbetene Stelldichein.
655 2485 1564 2557 letzte, der sich ihrer erinnert ... Doch kann nicht
203 2511 659 2579 ie freilich des ersten
1619 2500 2451 2570 Das Ganze ist wohl etwas konstruiert, aber
666 2532 1560 2601 jählings eine Vorstellung in uns auftauchen,
199 2550 653 2610 keine starke Wirkung.
1879 2554 2457 2620 farbiges, im guten Sinne
1564 2561 1893 2617 nicht nur als
661 2586 1553 2646 die uns erscheint wie die Erinnerung an
206 2583 662 2653 Stimmung und Inter¬
1562 2589 2466 2659 effektvolles Theaterbild, sondern auch psycho¬
665 2607 1554 2685 ein bisher uns ganz Unbekanntes? Und
199 2634 653 2690 eutung, seinem geistigen
1565 2633 2456 2688 logisch sehr interessant. Paulinens Gatte
668 2653 1557 2718 dann gewinnen Stunden, die längst vergangen,
207 2674 652 2722 hnn es erst anerkannt und
1860 2677 2458 2735 wird der Schmerz um sie,
1565 2682 1815 2747 ist Dichter
669 2692 1555 2744 in uns wieder Leden. Haben wir schon einmal
187 2705 655 2765 Busammenhang mit den
1559 2713 2454 2766 die ihn mit Leonharbt nun verraten will,
663 2733 1563 2796 früher existiert? Kann, was so plötzlich nie im
207 2744 666 2806 s Abends. Denn diese
1561 2757 2452 2800 den Dichter adeln zu einem großen Kunstwerk,
669 2767 1557 2828 fiebernden Leben vor uns steht, kann solch eine
206 2780 662 2844 en in Stimmung, Tem¬
1567 2792 2456 2849 wie der Schmerz und der Zorn Paolas Gatten
668 2801 1552 2875 lebendige Stunde nicht vielleicht das Spiegelbild
269 2830 665 2892 bedeuten doch ein
226 2840 284 2885 d.
1573 2827 2467 2896 zum Künstler erzogen hat? Und in diesem Motiv
672 2843 1555 2901 einer Erinnerung sein? Solch psychologisches
292 2865 658 2922 In dieser Einheit
1575 2872 2461 2926 der Opferung, die sich hier ja auch noch aus dem
672 2883 1567 2963 Rätsel bietet uns die zweite der lebendigen Stun¬
232 2904 666 2972 heit von Gedanken und
1576 2905 2471 2967 Naturell Paulinens erklärt, liegt eine weitere
669 2924 1563 2985 den, das Schauspiel „Die Frau mit dem
240 2946 668 2998 den reichgestaftenden,
1568 2947 2470 2996 Verwandtschaft mit dem Einleitungseinakter.
672 2954 1570 3020 Dolche“. In der Gemäldegalerie steht Frau Pau¬
228 2984 670 3035 en schöpfenden Dichter
1581 2986 2464 3042 Dort opfert sich die seit Jahren kranke Mutter
666 3004 1572 3069 line vor jenem Bilde eines unbekannten Meisters,
203 3025 659 3087 hollen Strahlenbrechungen
1570 3026 2470 3083 für ihren Sohn, den jungen Dichter, der gegen¬
671 3040 1566 3107 das eine weißgekleidete Frau darstellt, die einen Dolch
207 3071 280 3116 cs.
1568 3068 2465 3126 über dem Leiden seiner Mutter die Kraft zum
681 3081 1573 3147 in der erhobenen Rechten hält und zu Boden sieht,
205 3086 664 3154 Freundin verloren hat,
1574 3114 1999 3164 Schaffen verloren hat.
678 3119 1567 3178 als läge dort einer ermordet. Und neben Frau
193 3136 672 3199 d, der ganze Inhalt des
1622 3125 2472 3199 Hat der dem Tode schon Geweihte noch Be¬
679 3152 1571 3222 Pauline steht Leonhardt, der sie liebt und ein
195 3173 674 3241 t mit dem Tode dieser
1567 3194 2467 3234 ziehungen zu den Lebenden? Die Liebe der Mutter,
683 3179 1567 3261 Stelldichein von ihr begehrt. Sie verweigert's
203 3221 673 3272 Keine Kunst des größten
1571 3221 2479 3275 die opferwillig in den Tod geht, denkt daran,
675 3239 1564 3300 ihm, wiewohl sie einmal einen Augenblick in der
198 3263 676 3315 bendige Stunden ersetzen,
1588 3258 2471 3314 dem Sohne glückliche lebendige Stunden zu schaffen.
685 3273 1562 3333 Stimmung gewesen ist, seine Geliebte zu werden.
200 3295 668 3351 bei ihm im Garten ge¬
1587 3291 2473 3356 Der Haß hat keine Beziehungen mehr, wenn
683 3312 1572 3376 Nicht aus Freundschaft, nur aus Lust —
200 3329 676 3394 Frau aber, den das Leben
1579 3340 2474 3405 die letzten Masken gefallen sind. In dem
681 3353 1567 3410 vielleicht wie es jene Frau auf dem Bilde
197 3373 665 3447 en und Zielen, er kann
1571 3378 2454 3443 dritten Einakter „Die letzten Masken“
669 3393 1572 3464 da einmal gethan hat mit einem jugendlichen
209 3406 671 3467 so hoch nicht schätzen:
1577 3397 2480 3482 führt Arthur Schnitzler das in feinen, liebevoll
685 3431 1574 3492 Leonardo. Und je mehr Frau Pauline auf
200 3448 675 3519 Sie leben doch nicht länger
1578 3468 2469 3505 ausgeführten Scenen vor. Ein alter Journalist,
685 3469 1579 3528 das Bild schaut, desto mehr ersteht in ihrer
217 3485 684 3555 ihrer erinnert“. Und er
1583 3490 2472 3546 Rademacher, der immer nur Subalternes hat
684 3500 1578 3576 Phantasie etwas wie eine Erinnerung: Paola,
209 3524 668 3585 der ihn befähigt, solchen
1584 3531 2484 3580 schaffen dürfen, liegt im Krankenhaus. Er sieht
679 3545 1585 3613 die Fraa in Weiß, hat dem Leonardo einmal ihre
207 3563 666 3630 leihen über ihre Zeit hin¬
206 3598 2492 3665 hen in dem Satyrsviel Liebe geschenkt. Nun ist der Gatte, der Künstler, den Tod nah vor sich und möchte noch eine Freude
198 3598 2489 3719 en Abend abschließt, auch] der Maler jenes Bildes, hinzugekommen. Er sich verschaffen: dem Jugendfreund, der lange
2450 2066 3373 2141 schon ein gefeierter Dichter geworden, einmal zu
2457 2115 3360 2190 sagen, wie sehr er ihn verachtet und seine
2457 2154 3351 2216 Hohlheit. So lange er ihn erwartete,
2461 2183 3355 2240 machte sich des Alten Haß in leidenschaft¬
2451 2228 3357 2276 lichen Worten Luft — doch da jener dann selbst
2461 2271 3364 2331 kommt und immer nur von all den kleinen Miseren
2459 2310 3368 2365 des Tages spricht und von sich und seiner Arbeit,
2537 2351 3367 2405 fühlt Rademacher, wie aller Haß in ihm
2459 2360 2548 2405 da
2467 2385 3362 2450 schwindet und er empfindet: wie armselig sind
2461 2433 3358 2473 doch die Leute, die auch morgen noch leben müssen.
2461 2470 3364 2515 Und was gehen ihn, den dem Tode Geweihten,
2459 2495 3373 2555 die Sorgen der Lebenden an? „Was hat unser¬
2469 2553 3372 2604 einer mit den Leuten zu scaffen, die morgen noch
2468 2587 2997 2658 auf der Welt sein werden?“
2527 2604 3370 2678 Diese kurze Analr## der Bedeutung, nicht der
2464 2657 3308 2716 Handlung der vier Stücke, dürfte ihre Einheitlic
2473 2702 3227 2766 keit, ihren gemeinsamen inneren Gehalt 1
2471 2733 3202 2800 kennen lassen. Jedes dieser Stücke ist, vo
2473 2781 3192 2836 abgesehen, auch im Theatersinne von selb
2478 2815 3197 2871 starker Prägung. Besonders lebensvoll
2474 2861 3221 2913 die „Letzten Masken“ und „Litteratur", d
2478 2892 3270 2960 Einakter der letzten Jahre. Da sprüht es
2475 2934 3313 3010 glitzert es von Geist und Laune, von W
3098 2973 3339 3035 echt, selbst
2481 2977 3109 3031 und Satire, und alles ist
2470 3009 3350 3080 die Gestalt des jungen Sportbarons, in dem
2481 3037 3372 3105 Schnitzler mit besonders zu betonender Feinheit
2484 3088 3344 3152 sich von all den billigen, bereits Schablone ge¬
2476 3125 3359 3197 wordenen Späßen über junkerliche Beschränktheit
2478 3175 2807 3237 ferngehalten hat.
2549 3192 3361 3262 Jubelnder Beifall dankte dem Dichter, der
2488 3246 3374 3303 wiederholt im Laufe des Abends gerufen wurde.
2478 3281 3370 3347 Darstellerisch wurde Bedeutendes geschaffen.
2477 3325 3365 3389 Irene Triesch gab Allererstes. Reinhardt,
2483 3361 3375 3427 Rittner, Bassermann, in kleineren Auf¬
2484 3389 3375 3463 gaben Fischer, Hofmeister, Sommer¬
2485 3436 3380 3503 storff trafen das Tyvische, wie das Individuelle
2493 3481 3373 3554 mit gleich großem Glück. Es war ein prächtiger
3112 3520 3302 3574 Ph. St.
2483 3533 2645 3586 Abend.
