3484 4256
2116 124 2575 222 box 21/2
288 148 1966 241 16.1. Lebendige Stunden Zuklus
338 1102 3350 1209 1 Einakterreihe genannt und diese Aufschrift wiederholtI nicht, wie in dem jungen Menschen aus dem Tode nun und Erfolg sich gegen ihn überhoben, durch surchtbare
345 1164 959 1225 der erste noch einmal als Titel.
1339 1174 2354 1229 das neue Leben keimt. Ein großes inneres Geschehel
2336 1187 3352 1250 Wahrheit stürzen Als aber der Erfolgsmann etwas
387 1185 1350 1261 Geistreich nachdenkliches Spiel prägte diesen Be¬
1346 1218 2347 1293 ist mit Gleichgültigkeit behandelt und konnte nichts
2345 1231 3361 1284 dümmlich und verlegen an seinem Bette steht, vergeht
344 1232 1345 1301 griff, ein Paradoxon ist er eigentlich, denn Schnitzler
1336 1249 2054 1312 weiter erwecken, als Gleichgültigkeit.
2328 1265 3358 1321 ihm die Lust. Das Bewußtsein des Todes giebt ihm
339 1282 1347 1342 I meint mit den lebendigen Stunden die letzten Stunden,
1380 1285 2344 1352 Das zweite Stück „Die Frau mit dem Dolch“
2339 1301 3358 1371 eine Ueberlegenheit, daß ihm der andere ganz klein
341 1320 1346 1383 die Stunden vor dem Sterben. Vom Tode handelt er
1336 1330 2337 1387 giebt auch nicht viel. Es ist psychologisch, in der
2331 1347 3354 1415 und fern erscheint, kein Gegner. an den er nur ein
343 1362 1343 1423 hier, seinem alten Lieblingsthema, das schon in jener
1341 1373 2342 1437 Problemstellung, noch viel anspruchsvoller und zieht
2342 1387 3350 1449 Wort verschwenden möchte. Das lohnt ihm nicht mehr:
346 1393 1355 1463 frühen Novelle „Sterben“ ihn quälerisch beschäftigte.
1334 1410 2345 1484 sich, statt in Seelen lesen zu lassen, mit dekorativen
2338 1425 3343 1480 „Was hat unsereiner mit den Leuten zu schaffen, die
341 1438 1350 1500 Das Geheimnisvolle jener Stunden, in denen sich das
1340 1452 1798 1512 Effekten aus der Affäre.
2339 1465 3352 1525 morgen noch auf der Welt sein werden“. Auch dieser
341 1480 1346 1539 Leben noch einmal zusammendrängt, in denen das
1377 1487 2337 1551 Die Irrgänge weiblicher Gefühle sind hier das
2340 1497 3352 1580 Lebensbankerotteur, der verpfuschte Künstler, hat im
337 1522 1349 1586 Leben durch den Verlust erst seine höchste Bedeutung
1334 1523 2338 1586 Thema: Das spitzfindige Problem, daß eine Frau den,
2332 1538 3002 1607 Sterhen seine „lebendigste Stunde“.
343 1558 1344 1618 gewinnt, hat-ihn gelockt. Doch nicht als Philosoph
1335 1562 2343 1632 den sie liebt, wie einen Ungeliebten betrügt, taucht
2381 1581 3355 1652 Ein achtes Säkyrspiel ist dann die letzte Nummer
343 1596 1332 1654 sondern als Künstler sah er das an. Und er er¬
1336 1609 2341 1668 hier auf und läßt an Schnitzlers Schleier der Beatrice“
2326 1628 3353 1689 des Quartetts, die Farce „Litteratur“. Die Idee,
335 1630 1336 1694 kannte, daß aus den Todesstunden der Menschen den
1340 1646 2340 1710 denken, in den auch, ohne jeden hellseherischen Moment,
2329 1662 3348 1712 daß dem nahren Künstler Leben und Sterben immer
335 1671 1339 1738 Schaffenden die lebendigen Stunden erwachsen, daß
1343 1682 2337 1746 einfach nur das Rätsel=Widerspruchsvolle verborgener
2339 1684 3358 1762 aus der engpersönlichen Erfahrung zu einem Objekte
332 1709 1337 1787 das Schauen eines Schicksals die stärkste Erregung
1329 1728 2345 1795 Triebe an einem erlesen=extremen Fall abgebildet
2325 1737 3349 1803 künstlerischen Anschauens und zu einem Schaffensreiz
322 1749 1342 1817 künstlerischen Triebes ist. Wer einen Menschen, den
2320 1777 3339 1833 auswächst, wird in der Karrikatur gezeigt. Kaffeehaus¬
335 1800 1335 1853 er liebt, sterben sieht, der fühlt tiefer und gesteigerter,
1385 1798 2334 1868 Dekorativ und nicht psychologisch ist die Behand¬
2331 1817 3347 1873 Existenzen hohle Scheingeschöpfe, die mit dem Bleistift
323 1827 1342 1898 und tiefer auch kehrt er in sich selbst. Er verliert
1330 1846 2342 1904 lung in dem Einakter. Er spielt vor einem altfloren¬
2333 1858 3337 1916 und dem Block in der Hand „erleben“, die nur durch
330 1878 1354 1940 äußerlich, aber innerlich wird er bereicherter. Und ist
1328 1888 2336 1944 tiner Bild in der Galerie, das die Frau mit dem
2328 1896 3344 1955 das Medium ihrer Lektüre empfinden und aus dem
330 1914 1334 1965 er ein Künstler, so kann sich ihm aus Schmerz und
1329 1929 2341 1991 Dolch heißt. Ein junger Mann und eine Frau stehen
2328 1938 3344 2002 Nacherleben eines Buches wieder ein neues machen,
325 1954 1341 2015 Verlust wirklich ein neues Leben ringen, und das
1329 1962 2334 2025 davor. Er fleht um ihre Liebe und sie giebt ihm, be¬
2320 1977 3335 2039 stellt Schnitzler mit Witz, Sicherheit und schlagender
333 1988 1337 2057 künstlerische Abbild dieses Erlekens, von allem Zu¬
1323 1996 2331 2060 vor er sie besessen, den Abschied. Während'sie sprechen,
2333 2022 3345 2092 Situationswirkung hin und er pointirt dabei schlag¬
339 2032 1336 2093 fälligen gereinigt und in seiner ganzen Intensität er¬
1327 2036 2335 2092 versinkt sie aber in Träumerei. Sie findet sich dem
2325 2058 3207 2121 fertig, wie ein französischer Schwankkomponist.
332 2071 1326 2134 faßt, ist dann wie die Spiegelung eines höheren
1329 2081 2337 2154 Bilde jener gemalten Frauähnlich. Die Szeue wandelt
2370 2088 3352 2155 Und sehr nachdenklich ist, daß bei diesem von ihm
335 2107 1340 2177 Seins, und das Alltagsleben dagegen nur ein Schein¬
1317 2115 2332 2181 sich und sieferledt deren Geschichte, den Morgen nach
2322 2134 3348 2185 gewiß nur als Nebeneinfall geschätzten Intermezzo
324 2138 489 2205 leben.
1308 2171 2328 2229 Pder-Liebesnacht mit dem Jüngling, als der Gatte heim¬
2319 2171 3353 2221 seine Hand so leicht und glücklich ihre Züge that und
371 2186 1345 2263 So fühlte Schnitzler, aber zur Darstellung zwang
1330 2203 2335 2263 kehrt und sie erkennt, daß sie den nur liebt, und daß
2321 2223 3351 2286 bei den Bildern aus der Seele Hintergrund, die ihm
322 2227 1338 2292 er es nicht. Dies erste Stück wirkt wie eine trockene
1322 2237 2334 2300 jener, dem sie sich heut Nacht gegeben, ihr fremder nun
2315 2255 3315 2327 gewiß schmerzlich wert, so unsicher und tastend nur.
327 2267 1335 2319 Themastellung ohne jeden Pulsschlag, ohne jede Ge¬
1323 2277 1407 2329 ist
1389 2289 2349 2356 als der fremdeste. Und die Florentinerin sagt
325 2316 1330 2375 fühlsvibration. Um so erkühlender mutet das an, als
1321 2323 2329 2371 ihrem Mann stolz und aufrecht, was sie gethan und
328 2352 1336 2430 der Vorgang, wie es Schnitzler überhaupt liebt,
1323 2360 2342 2422 sticht den Jüngling nieder. Der Mann aber fühlt in
320 2384 1168 2435 psychologisch überaus komplizirt gewählt ist.
1324 2397 2347 2449 diesem Augenblick nun als Künstler, die „lebendige
370 2424 1327 2488 Ein junger Dichter erfährt, daß seine von ihm
1327 2442 2331 2506 Stunde“ erwacht und seine Hand bannt im Fieber das
167 2452 324 2532 eater“.
314 2452 1322 2535 Füber alles geliebte Mutter nicht natürlich starb, son¬
1322 2479 2334 2539 Bild der „Frau mit dem Dolch“ auf die Leinewand.
326 2496 1327 2565 dern Selbstmord beging, um ihn von der nieder¬
1376 2515 2333 2571 Die Szene wandelt sich. Wir sind wieder in der
175 2539 1328 2598 n Ein=ldrückenden Sorgenlast ihrer Krankheit zu befreien.
1316 2552 2339 2615 Galerie. Die Dame und der junge Mann fahren wie
182 2587 1331 2641 Neben Gegen ihren Willen teilt das ein Freund der Toten
1326 2597 2338 2665 aus einem Traum auf und sie sagt jäh zu ihm, den
188 2617 1330 2690 as für dem Sohne mit, damit der sich aufrafft, „zum Leben
1324 2640 2344 2707 sie vorher abgewiesen: „Ich komme“. ... Die psycho¬
178 2651 1335 2722 ste ist 3 und Gestalten". Und der formulirt, nach der ersten!
1319 2667 2331 2739 logische Motivirung ist dazu recht billig in Klammern
212 2699 1335 2759 Stei=1Bestürzung sich sofort die Situation: „Mir bleibt nichts
1325 2721 2333 2769 gesetzt: „in ihren Zügen drückt sich allmählich die
193 2740 1321 2801 am einkübrig, als mich selbst zu töten, oder den Beweis zu
1318 2756 2341 2801 Ueberzeugung aus, daß ein Schicksal über ihr ist, dem
193 2777 1323 2865 in sehr versuchen, daß meine Mutter nicht vergeblich ge¬
1327 2798 2335 2842 sie nicht entrinnen kann.“ So leicht darf man sich die
179 2814 574 2879 esetztes Istorben ist.“
1316 2840 2335 2910 Vorführung heikler Gefühlsintimitäten doch nicht
175 2852 335 2912 entlich
355 2851 1329 2908 Wir aber sehen hier nicht Menschen einem unge¬
1315 2871 1512 2936 machen.
195 2904 1323 2960 e, ein heuren Schicksalsmoment gegenüber, sondern nur eine
1363 2911 2330 2970 Festeren Boden faßt Schnitzler im dritten Stück
207 2940 1326 3006 zün=Tkalte logische Begriffsspielerei. Und voll Unwahrheit
1321 2944 2337 3017 „Die letzten Masken“. Ein Verlorener, dem sein
314 2967 1322 3039 noch dazu, denn, was dem Ganzen doch die Bedeut¬
1315 2998 2330 3036 Leben zerrann, will vor dem Tode seinem Todfeinde
192 3018 2350 3100 seine samkeit geben sollte, das bleibt aus: Wir erleben seinen Haß ins Gesicht schreien und ihn, der in Glück
