3392 4224
983 254 2372 309 „Louise“ an ihr auszusetzen hatte. Die Rolle wurde einer anderen Dame,
974 292 2385 341 Fräulein Massanetz, übertragen, die ihre Sache auch recht gut machte.
973 338 2379 396 Aber im Allgemeinen athmen Soli und Chor nach den „Louisen"=Proben
984 394 2392 460 erleichtert auf. Es waren die heißesten Frühlingstage, die man seit Jahren
984 442 1636 512 in-der Hofoper zu ertragen hatte.
1093 468 2384 538 Frühjahr ist es — und im Deutschen Volkstheater
980 529 2385 585 sprießen die Novitäten so zahlreich wie die Knospen. Hoffentlich währt
980 567 2376 635 ihre Blüthezeit länger als die der Frühlingskinder des Weghuberparkes.
985 618 2384 680 Zu den gesunden Blumen, die das Volkstheater in jüngster Zeit gepflanzt,
988 681 2387 726 zählen die vier Schnitzler'schen Einakter „Lebendige Stunden“. Sie brachten
992 710 2387 770 einen soliden Premiérenerfolg, der Dauer verspricht. Der Dichter konnte
993 758 2384 809 bei der Inszenirung seiner Stücke nicht mithelfen, weil er zur selben Zeit
989 797 2392 878 die Einstudirung seines Dramas „Der Schleier der Beatrice" in Berlin
991 854 2385 913 leitete. Aber zur Generalprobe konnte er doch noch rechtzeitig eintreffen.
989 910 2391 963 Der Vorhang ging auf. Eben begann man das zweite Stück „Die Frau
989 943 2386 999 mit dem Dolche“ zu spielen. Der Dichter lauschte im Parket dem Zwie¬
982 996 2384 1059 gespräche der Sandrock (Pauline) und Kramer's (Leonhard), die
981 1052 2390 1098 nach Vorschrift jene Bilder betrachteten, welche der gemalte Theaterprospekt
995 1086 2381 1144 aufweist; denn der erste Theil des Schauspiel=Einakters spielt in einer
994 1138 2387 1196 Bidergalerie. Des Dichters Aufmerksamkeit war ganz und gar auf den
997 1189 2385 1242 prechton der Darsteller gerichtet, der sehr angenehm an sein Ohr schlug.
978 1230 2388 1295 (So kannte man wenigstens in Schnitzler's Miene lesen. Da kam Fräulein
983 1271 1750 1349 Sandrock in ihrer Rolle zu dem Satze:
1101 1327 2381 1389 „In diesem Bildersaale fühl' ich mich so wohl; da drüben bei den
984 1372 2390 1432 alten Deutschen und Niederländern neulich war mir gar nicht so behaglich.
984 1427 2385 1494 Aber hier — bei diesen Bildern — habe ich eine Art von Heimats¬
986 1464 1302 1538 gefühl ...“
1092 1518 2392 1575 Weiter konnte Fräulein Sandrock nicht sprechen, denn der Dichter
985 1563 2389 1633 war in größter Erregung von seinem Sitze aufgesprungen und hatte die
990 1607 1833 1669 sofortige Unterbrechung der Probe verlangt.
1102 1643 2388 1714 „Das Stück kann nicht aufgeführt werden,“ rief Dr. Schnitzler
988 1696 2390 1755 aus, „wenn nicht bis zum Abend der Prospekt, der die Bildergalerie dar¬
990 1741 2420 1810 stellt, vollständig umgemalt wird. Sonst lacht das Publikum bei)
987 1796 1289 1858 dieser Stelle.“
1096 1841 2383 1918 Welche Beobachtung hatte den Dichter zu solchem Protest ver¬
995 1882 2381 1963 anlaßt? Nun — es war keine Kleinigkeit: Der Theatermaler hatte fast
985 1942 2403 2006 nur Stier= und andere Thierköpfe auf jene Bilder gemalt, zu denen
994 1989 2383 2055 sich Pauline=Sandrock durch ein so auffallend warmes „Heimats¬
998 2041 2398 2099 gefühl“ hingezogen sieht! Ja, an einer späteren Stelle des Dialoges weist
998 2081 2387 2146 sogar ihr Partner, Leonhard=Kramer, auf die Möglichkeit hin, daß Pauline
988 2137 2383 2194 von den Trägern jener Physiognomien, die im sechzehnten Jahrhundert
992 2185 2355 2236 gelebt haben, abstammen könne, daß sie mit ihnen verwandt sei. Und
997 2220 2392 2281 wer waren diese gemalten Vorfahren? Der Pinsel des Theatermalers
992 2271 2385 2327 hatte sie vornehmlich als Rinder und einen Schwan dargestellt, den der
995 2317 2395 2384 unbewaffnete Beschauer bei einigem Bratenappetit auch für eine Gaus halten
989 2373 2387 2426 konnte... Direktion und Regie sahen sofort ein, daß des Dichters
992 2405 2388 2478 Beschwerde vollauf berechtigt sei. Der Theatermaler mußte binnen weniger
990 2458 2397 2507 Stunden den ganzen Bilderprospekt umändern. Man pries es als ein
996 2502 2406 2564 Glück, daß der Dichter noch rechtzeitig auf den Fehler aufmerksam ge¬
994 2551 1229 2630 macht habe.
1091 2606 2376 2675 Trotzdem gab es am Abend der Première doch noch einen Zwischen¬
982 2661 2384 2730 fall, der wohl nicht durch einen Mißgriff in der Dekoration, aber doch durch
1001 2711 2392 2771 die eigenthümliche Wahl eines Requisites herbeigeführt wurde. Es war
999 2750 2388 2810 beinahe, als hätten sich an diesem Abend Dinge verschworen, nicht
995 2812 2379 2863 Personen... Der kritische Vorfall ereignete sich während des letzten der
990 2850 2389 2899 vier Einakter, in dem köstlichen Schwanke „Literatur“. Eine der gelungensten
1003 2895 2385 2950 Figuren dieses Stückes ist der literarische Naturbursche Gilbert, jener
994 2944 2373 2995 Münchner Kaffeehausbohémien, der die ihm von seiner angebeteten Marga¬
988 2992 2386 3052 rethe geschriebenen Liebesbriefe und seine eigenen Antworten darauf in
988 3038 2384 3088 seinem jüngsten Romane verwerthet, das heißt, wortwörtlich abgedruckt
985 3087 2385 3147 hat. Diesen Roman bringt er nun der über solche Indiskretion entsetzten
993 3129 2016 3182 Margarethe und reicht ihr ihn über den Tisch hinüber.
1100 3178 2383 3238 In dem Aubenblicke nun, da Herr Kutschera (Gilbert) dem
994 3196 2383 3297 Fräulein Sandrock (Margarethe) das Buch hinüberreichte, sah man, wie sich
997 3273 2392 3334 aus einer Loge ein kleiner, wohlgenährter Herr mit interessantem sprühendem
988 3323 2384 3380 Literatenkopf von seinem Sitze erhob, einige Augenblicke stehend das Fern¬
996 3369 2392 3419 glas auf die Bühne richtete und sich dann in sichtlich gereizter Stimmung
996 3411 1838 3475 mit einiger Heftigkeit wieder niedersetzte...
995 3507 2393 3569 nur allzubald erfahren. Denn unmittelbar nachdem der Vorhang gefallen
987 3557 2394 3616 war, erschien der Herr aus der Loge, Genugthuung fordernd auf der
998 3609 2389 3658 Bühne. Es war Dr. Julius v. Ludassy. Man denke nur, welche Be¬
992 3656 2385 3713 obachtung er mit Hilfe seines scharfen Glases aus der Ferne gertächt
995 3696 2396 3758 hatte: Das Buch, welches der Literaturbengel Kutschera=Gilbert aus
995 3755 2383 3810 seiner Ueberrocktasche zog, um es Fräulein Sandrock als sein jüngstes Werk
993 3792 2384 3854 zu überreichen, war die Buchausgabe des Volksstückes „Der letzte Knopf“
997 3837 2381 3894 von Julius v. Ludassy, das vor drei Jahren im Deutschen Volkstheater
990 3883 2393 3947 mit so sensationellem Erfolge gegeben worden ist. Dabei muß bemerkt
986 3936 2388 3989 werden, daß die Werke Gilbert's und Konsorten im Dialoge ausdrücklich
998 3984 2387 4048 als „Kaffeehausliteratur“ gekennzeichnet werden. Das konnte sich ein Schrift¬
994 4025 2386 4085 steller von Geist, dessen Werk dem Volkstheater so schöne Einnahmen ge¬
996 4086 2386 4150 bracht, denn doch nicht bieten lassen. Und so fragte Ludassy den Dichter
