3484 4320
2024 278 2489 361 box 21/5
331 275 1973 375 16.1. Lebendige Stunden zuklus
1936 599 2272 680 Telephen 12.801.
1422 675 2123 815 „OBSERVER
1254 790 2333 887 österr. bekördl. konz. Unternehmen für Zeltungs-Ausschaltte
1425 859 2164 931 Wien, I., Concordiaplatz 4.
1650 917 1975 984 Vertretungen
1256 939 2345 1014 à Berlin, Basel, Budapest, Chicago, Cleveland, Christiania,
1246 1013 2331 1052 Geni, Kopenhagen, London, Madrid, Mailand, Minneapolis,
1251 1035 2334 1123 New-Vork, Paris, Rom, San Francisco, Stockholm, St. Peters¬
1635 1088 1952 1144 burg, Toronto.
1559 1123 2011 1196 (Quellenangabe ohne Gewähr.)
1253 1183 1689 1266 Ausschnitt aus:
1245 1253 2150 1359 vom: 5·FERI9Matt, Czernowit
1909 1357 2043 1447 —
1230 1468 1998 1573 Tbeater und Kunst.
1906 1550 2458 1635 Czernowitz, 4. Februar.
1207 1580 2492 1696 Literarischer Abend. Unsere Theaterdirektion wollte
1203 1681 2503 1731 den Versuch machen, die so oft von der Presse erhobenen
1212 1706 2506 1787 idealen Forderungen durch die Veranstaltung literarischer
1206 1756 2500 1837 Abende zu erfüllen, aber das Publikum hat durch seine
1207 1817 2487 1877 Teilnahmslosigkeit schon gelegentlich der ersten Veran¬
1208 1874 2534 1960 staltung bewiesen, wie wenig Interesse es im Theaterg
1156 1942 1203 2028 1
1196 1953 2549 2058 der Literatur entgegenbringt. Vor einem kleinen Häuflein #.
1206 2037 2572 2107 von Zuschauern mußte gespielt werden, und so stellte
1210 2073 2491 2157 sich die rechte Stimmung nicht ein und die Wechse
1205 2128 2489 2184 wirkung zwischen Bühne und Zuhörern. Die Reihe der
1205 2175 2487 2250 vorgeführten Stücke bewegte sich von den Tönen einer
1201 2218 2482 2301 aus Düsternis und Erbitterung hervorgehenden Resig¬
1194 2276 2497 2348 nation zum Maliciösen und der Groteske. Da ist in
1198 2324 2497 2404 Schnitzlers „Letzten Masken“ in eng zusammengepreßten!
1198 2368 2476 2443 Szenen die kleine Kante zwischen Tod und Leben, auf
1198 2426 2477 2495 welcher dieser Dichter mit seiner Poesie und seinen An¬
1189 2454 2492 2550 schauungen sich so gern bewegt. Letzte Masken, den
1194 2522 2472 2597 Lebenden in ihren Nöten aufgezwungen, fallen, wenn
1187 2561 2475 2636 wir uns daran machen, aus ihren Reihen zu scheiden.
1187 2623 2469 2688 Karl Ridemacher, der Journalist, der nach langer auf¬
1181 2648 2476 2736 reibender und erfolgloser Arbeit im Krankenhaus seiner
1193 2716 2482 2782 letzten Stunde entgegensieht, will Abrechnung halten
1185 2766 2478 2835 mit seinem vom Glück begünstigtern Freunde, dem
1187 2818 2468 2878 Dutzenddichter Weihgast. Was er früher nicht gekonnt,
1189 2858 2476 2934 jetzt will er ihm sagen, daß er ihn stets geringgeschätzt,
1195 2916 2492 2981 daß er ihn verachtet und mir dessen eigener Frau be¬
1184 2962 2481 3029 trogen habe. Er will Rache nehmen an der Flachheit,
1183 3007 2476 3079 die ihn bemitleidet und sich für gottähnlich gehalten
1184 3050 2465 3132 hat. In aller Bitternis will Rademacher noch die einzige
1192 3109 2470 3168 Süßigkeit verkosten, die glückliche Mittelmäßigkeit zu
1199 3145 2478 3224 demütigen und sie ihres Glaubens zu berauben. Als
1196 3196 2476 3263 Weihgast jedoch in später Nachtstunde zu ihm kommt
1189 3250 2469 3310 schweigt der Sterbende. Eine Wandlung ist in ihm in¬
1192 3300 2465 3371 zwischen vorgegangen, eine letzte Erkenntnis ihm zu
1196 3347 2478 3403 Teil geworden, und wenn er spricht, so klingen seine
1191 3389 2478 3444 Worte wie von einem andern Ufer her, Worte eines
1191 3449 2461 3504 aus der Gemeinschaft der Lebenden Geschiedenen. „Was
1188 3488 2465 3568 hätte ich ihm sagen sollen? Was ist dem, der heute
1193 3540 2472 3633 stirbt, einer, der morgen noch leben wird? Haß, Liebe,
1182 3596 2453 3659 Rache und Nachruhm, das sind Sachen für Lebende..“
1181 3640 2457 3706 Schnitzler hat hier einen tragischen Endpunkt aufge¬
1189 3693 2459 3771 griffen und ist mit tiefem Begreifen letzten Lebens¬
1184 3747 2465 3817 ergebnissen nachgegangen. In einer Nußschale, welch
1177 3794 2461 3858 ein Goldgehalt an Weisheit und Psychologie.. In den
1175 3831 2465 3896 „Litzten Masken“ ist eine bittere, im „Dieb“ von
1172 3887 2455 3956 Mirbeau eine spielerische und heitere Ironie. Mit einer
1175 3931 2456 4006 eleganten Klinge berührt hier der Dichter die verschleierte
1168 3990 2455 4044 und aufgeschmückte Korruption der modernen Gesellschaft.
1169 4035 2459 4083 Lachende Wahrheiten in einem scherzhaften Einfall.
1184 4080 2463 4152 Ein Dieb aus Lebensphilosophie, ein Apostel eines noch
1176 4139 2452 4183 verfehmten Handwerks, dem er in der Reihe der Berufe
1177 4186 2462 4245 soziale Anerkennung und Berechtigung verschaffen will.
