3436 4256
1837 163 1920 224 US
2113 154 2554 257 box 21/2
307 144 1952 262 16.1. Lebendige Stunden Zyk##e
1440 926 1849 990 Telefon 12801.
961 996 2324 1105 Alex. Weigl’s Unternehmen für Zeitungs-Ausschnitte
1983 1097 2178 1160 Ausschnitt
1311 1120 2304 1248 „OBSENVER“ N. 87
888 1224 2355 1308 I. österr. behördl. conc. Bureau für Zeitungsberichte u. Personalnachrichten
1089 1303 2178 1391 Wien, IXX,, Türkenstrasse 17.
1294 1365 1997 1466 Filiale in Budapest: „Figyeló“ —
897 1440 2338 1550 Vertretungen in Berlin. Chicago, Genf, London, Newyork, Paris, Rom, Stockholm.
885 1548 1416 1647 Ausschnitt aus:
1446 1611 2280 1754 Posener Neugste fachrichten
882 1694 1406 1846 vom 11
1190 2128 2169 2221 ungleich größere Hoffnungen für die Bedeutung
866 2186 2127 2265 der diesmäligen Thehterigison hatte man an die Erstaufführnn
972 2235 1213 2299 neuen Schni
1281 2250 2113 2306 'schen Einakter „Lebendige Stunde
916 2280 2165 2352 eknüpft. Wir haben zwar auch diesmal bei Schnitzler es mit
875 2321 2173 2412 Kunstwerken von vornehmem, dabei kräftigem Geschmack zu thun,
873 2371 1900 2437 die himmelhoch über die Fabrikwaare der üblich
1976 2381 2149 2445 Bühnen¬
1059 2417 1833 2482 nausragen, aber es ist Kleinkunst, es sin
2053 2424 2185 2487 volle
1059 2463 1827 2533 ien, die sich nicht annähernd zu der Hö
2034 2474 2169 2529 under¬
1070 2505 1840 2565 ackenden Stimmung in seinem „Grün
2076 2520 2174 2567 er¬
1038 2549 1832 2616 Man hätte sich den neuen Einaktercykli
1995 2562 2290 2638 vohl als uire
1004 2592 1845 2651 nden Abschluß, so gewissermaßen als „N
1998 2603 2257 2682 tCehier 1io,
1077 2642 2271 2720 eatersaison im April gefallen lassen, aber jetzt geradebar
1061 2684 2289 2745 Höhe der Spielzeit sind die Erwartungen zu hoch ge= oraus
932 2719 1056 2794 waußt.
1108 2728 2103 2794 m darin die Sensation der Saison zu erblicken!
1042 2750 2313 2841 Gegensatze zu anderen Bureaux für Zeitungsausschnitte ist das
856 2777 2316 2892 Abonnement durch keine bestimmte Zeitdauer begrenzt; — auch steht es den
857 2822 2154 2929 Abonnenten frei die aufgegebenen Themen zn ergänzen oder zu ändern.
972 2890 2312 3010 Der „OBSERVER“ veranstaltet täglich einen Auszug enthaltend die
857 2961 2314 3036 Inhaltsangabe aller wichtigen Mittheilungen der Wiener Morgen¬
858 3001 2310 3088 blätter (Tagesjournale ausser „Neue Freie Presse“ und „Wiener Zeitung“)
861 3034 2302 3113 wodurch eine Uebersicht über das gesammte politische und wirthschaftliche Leben
853 3079 2310 3182 des In- und Auslandes in drastischer Kürze geboten wird. Diese Mittheilungen
847 3103 1667 3189 werden in Wien um 9 Uhr Früh verschickt.
1152 3188 1990 3289 Prospecte gratis und franco.
