3484 4384
2130 223 2590 326 box 21/3
336 233 1988 326 16.1. Lebendige Stunden zukius
1830 386 1969 473 D AE
3233 440 3401 501 tlisch
2308 464 3211 507 schon einmal, vielleicht in einem früheren Dasein,
1368 460 2305 514 in eiserner Nothwendigkeit nach dem in solcher
2309 500 3215 549 gethau, gewisse Worte schon einmal gesprochen zu
1367 492 2299 552 Stunde geschmiedeten Ringe weiter bildet und
2300 536 3227 585 haben. Vor dem florentinischen Gemälde einer
1373 543 2290 602 formt, so wird uns oft erst ganz spät klar, daß
2297 573 3224 625 Frau, in deren rechter Hand ein Dolch blitzt, tressen
1365 581 2292 653 grade damals der Wendepunkt des Lebens war,
3230 625 3287 672 9
2310 625 3216 677 sich in der Kunstausstellung zwei Liebende; sie, eine
1363 632 2293 686 daß damals der Grund zum heutigen Glück oder
3227 664 3403 724 träume.
2301 669 3228 723 verheirathete Fr u. wird von ihm, einem jungen
1375 674 2297 725 Unglück gelegt ward. Dann treten die bestimmen¬
3236 702 3406 765 bar, den
2310 709 3232 764 schönen Maune, mit Liebesanträgen bestürmt. Dem
1375 710 2295 769 den Einzelheiten, die unser Heil oder unser Ver¬
3238 744 3412 816 Bursche
2301 748 3227 805 Weibe, das an der Seite eines brutalen Gatten
1382 762 2306 814 hängniß waren, mehr oder minder deutlich in der
3238 794 3393 853 trockene
2305 790 3227 844 nicht ihr Lebensglück gefunden, klingen die Worte
1369 808 2301 867 Erinnerung hervor, und wir segnen oder verwünschen
3234 838 3399 900 fieberha
2296 840 3226 912 des Verehrers wie Zaubermusik in den
1376 844 2295 914 jene Augenblicke, je nachdem die Zeit, die zwischen
3240 885 3379 937 Grau
2298 881 3233 938 Ohren, sie giebt seinen Bitten um ein
1375 896 2294 957 einst und jetzt liegt, unser Gemüth mildern oder
3239 923 3402 983 Monto
2306 927 3233 974 Stelldichein, schon halb nach. Da fällt ihr
1377 932 2305 999 verbittern konnte. Weichere, schwächere Charaktere
2310 966 3222 1028 Blick auf das Gemälde, und ihr Sinn umslort sich,
3241 972 3397 1030 Färbung
1375 978 2302 1041 werden sich, zum Trost für erlittenes
2304 1018 3233 1068 wie von Geisterhänden fühlt sie sich davon getragen
3238 1021 3296 1072 di
1376 1012 2293 1094 Ungemach oder zur Entschuldigung für ver¬
2310 1059 3222 1133 und in längst entschwundene Zeiten entrückt. Die
3239 1062 3357 1119 aufgel
2159 1056 2304 1120 Wahn
1986 1070 2113 1123 dem
1715 1062 1935 1131 Handeln,
1370 1069 1676 1137 häugnißvolles
3226 1100 3397 1159 nehmen
2312 1103 3226 1173 Bühne verdunkelt sich, und wie es wieder hell
1373 1098 2300 1164 hingeben, daß sie jene Stunden anders, besser,
3236 1146 3404 1205 voll di
2313 1143 3224 1206 wird, sieht man das Paar in mittelalterlichem
1369 1148 2294 1212 kätten durchleben können, aber der Starke, kiar
2311 1188 3225 1240 Gewande in einem altflorentinischen Gemach, wo
3238 1187 3412 1249 Fräulei
1377 1196 2296 1267 Denkende, sieht, daß sie nichts als das unabänder¬
3239 1236 3401 1300 sondere
2316 1227 3235 1289 sich Das abspielt, was in verschwommenen Formen
1380 1235 2305 1308 liche Ergebniß einer endlosen Reihe früherer That¬
3272 1280 3381 1336 Das
2306 1279 3232 1331 gleich einer verwischten Erinnerung, durch den
1379 1284 2307 1348 sachen bilden, und daß sie ihrem ganzen unsächlichen
2317 1324 3228 1381 Geist der modernen Frau bei dem Er¬
1383 1328 2305 1387 Zusammenhang gemäß so feste Form gewinnen
2318 1352 3227 1423 blicken des Gemäldes huschte. Die Florentinerin
1371 1373 2296 1435 mußten, daß sie wie lebendige Wesen mit starker
2317 1408 3229 1468 tödtet den kecken Maler Leonardo, der das Glück
3231 1349 3390 1467 tect in
1376 1431 2161 1493 Hand in unser Geschick eingreiten konnten.
2318 1447 3229 1511 ihrer Liebe genossen. Wieder wird es dunkel, und
3242 1453 3397 1513 lich un
1411 1430 2305 1517 Diesem Gedanken entspringen die vier Einacter,
2311 1494 3225 1549 wieder sehen wir die Bildergalerie mit den beiden
3240 1497 3404 1555 doch mi
1375 1505 2302 1569 die Schnitzler uns in ernster, mystischer, schauriger
2311 1531 3235 1591 modernen Menschen; die Frau erwacht aus ihrer
3237 1542 3395 1596 Eine j
1377 1553 2299 1613 und heiterer Ferne unter dem Gesammttitel „Le¬
2316 1573 3240 1635 Starrheit, und in dem festen Bewußtsein, daß dem
3241 1585 3393 1637 eine be
1375 1580 2302 1650 beneige Stunden“ bietet. Der erste Act, der den¬
2306 1621 3231 1690 bestimmten Geschick kein Sterblicher auszuweichen
3245 1624 3398 1685 Aussich
1383 1626 2302 1690 selben Titel trägt, wie der ganze Cyclus, schilder:
2314 1668 3231 1719 vermag, reicht sie dem Liebenden die Hand und
3238 1662 3382 1729 gelang
1389 1674 2308 1737 in einkönigen, wenig erfreulichen Farben, den Kampf
3240 1714 3402 1774 und n
2319 1720 2988 1775 gelobt. zum Stelldichein zu kommen.
1385 1724 2317 1773 zwischen dem ernsten, verbitterten Alter und der
3249 1759 3364 1808 ihre
2340 1734 3231 1811 Man kann das Stückchen nur als einen Scherz
1375 1775 2302 1844 lebensfrohen Ingend. Die Mutter eines erfolg¬
2310 1795 3231 1849 des Dichters hinnehmen, dem er, eigentlich über¬
3239 1791 3372 1853 Gilber
1379 1807 2306 1861 reichen jungen Dichters, die in schwerer Krankheit
2315 1836 3244 1901 flüssiger Weise, einen so finstern Hintergrund
3240 1845 3287 1899 1
524 1810 1015 1951 Telephon 12891.
1389 1864 2306 1918 dahinsiecht, hat sich selber ein schnelles Ende bereitet,
2325 1883 3239 1942 gegeben. Herr Montor und Frau Doré gaben
3244 1894 3291 1951 3
1391 1891 2318 1952 um in dem Sohn durch ihr Dasein nicht den Schaffens¬
2317 1928 3231 1980 dem merkwürdigen Paare Leben und Daseins¬
1159 1918 1382 1998 Ausschnitt
1388 1939 2313 1996 drang zu ertödten; sie vertraut dies einem lang¬
210 1864 1370 2093 per wacge Verseen ie Selehesente
2325 1976 3242 2023 berechtigung; ihr Spiel war fein nnancirt und
3242 1978 3348 2029 hat
1377 1980 2309 2056 4jährigen Freunde, dem alten Hausdorfer, der sich
1211 1984 1356 2087 Nr.
2323 2019 3245 2081 frei von jeder Uebertreibung. Bedauerlich war
3250 2018 3387 2075 seinen
1389 2021 2321 2084 ihrer in schweren Zeiten in edelster Weise
2317 2058 3239 2110 nur, daß das in Frage kommende Gemälde der
3254 2048 3397 2115 Roman
1386 2075 2313 2121 augenommen hat, durch einen hinterlassenen
406 1987 1098 2190 „OBSERVER“
2325 2103 3239 2162 „Frau mit dem Dolche“ als Kunstwerk von äußerst
3247 2109 3385 2165 aber
1397 2116 2309 2175 Brief an, und hofft, daß ihr Sohn nie von dem
209 2059 1389 2286 geritcken ven Kenesene en
2312 2140 3249 2225 zweifelhaftem Werthe erschien, das berechtigte
3251 2148 3406 2207 verfloch
1407 2161 2311 2214 Geheimniß Kunde erhalten werde. Aber in einer
2321 2198 2730 2252 Heiterkeit hervorrief.
3252 2193 3397 2247 dem
1391 2201 2318 2260 erregten Aussprache zeigt der Alte dem Jungen
305 2137 1319 2320 Wen Re. Partenuranse 1
2358 2212 3239 2295 „Die letzten Masken“ führt uns in ein Kranken¬
3255 2237 3401 2296 beider
492 2219 1164 2368 rmate in Badspest „Piepel. —
2315 2275 3240 2348 haus, in dem der ganz heruntergekommene Jour¬
3246 2277 3394 2340 letzten
1391 2295 2316 2350 ins Gemüth des scheinbar zu leicht Getrösteten zu
221 2247 2314 2468 ptangen in Berlin, Chleage, Oent, London, Nenpork, Parts, Rom, Ser biesen Sitef und glanbt katurch, ewige Vorwarte
2326 2313 3247 2378 nalist Rademacher, von Herrn Nhil erschütternd
3258 2328 3386 2380 Weise
1382 2330 2317 2387 senken; aber der Jungling wälzt die Last der Ver¬
2323 2355 3248 2419 und künstlerisch vollendet dargestellt, im Sterben
3245 2355 3399 2431 sich äu
1384 2370 2312 2440 antwortung kraftvoll von sich, er empfindet deutlich,
2329 2409 3251 2471 liegt; der Kranke hat es trotz großer Begabung zu
1397 2421 2312 2476 daß die lebendigen Stunden, die die Entschlafene
2317 2456 3239 2517 Nichts gebracht und muß nun hier elend zu Grunde
3343 2460 3390 2510 se
3243 2456 3308 2514 al
1398 2456 2326 2521 in das Herz des hochstrebenden Sohnes blicken
2338 2495 3242 2553 ehen. Er fühlt sein Ende und bittet den Arzt,
3252 2505 3372 2561 reich
1398 2508 2325 2577 lehrte, diese Opierthat gebieierisch von der Mutter
215 2495 653 2627 bsschnitt aus:
2325 2538 3249 2605 ihm den berühmten Dichter Weigast, seinen ehe¬
3260 2543 3401 2606 Geleg
1391 2553 2315 2631 forderten, und daß sein Gewissen durch keinen Vor¬
2333 2583 3242 2635 maligen langjährigen Freund, ans Schmerzenslager
3251 2589 3398 2652 stische
1399 2603 1932 2670 wurf getrübt werden könne.
2328 2626 3248 2691 zu rufen. Dieser Dichter ist ein seichter Gesell, den
3253 2637 3394 2688 von v
1422 2611 2318 2699 Uebermäßig interessont ist der Einacter nicht; die
2331 2671 3250 2725 Glück und Geschicklichkeit so hoch empor getragen
208 2641 800 2762 1L
3258 2678 3386 2734 Vertr
1402 2675 2317 2737 Unterhaltungen sind viel zu lang, und die Idee
2331 2712 3256 2767 haben, und diesem Menschen will der sterbende
3332 2722 3389 2780 ni
1406 2730 2315 2783 ist zu schwer aus dem Ganzen herauszuschälen.
2326 2752 3261 2826 Rademacher gern noch in letzter Stunde seine wahre
1395 2766 2322 2819 Darstellung und Regie aber überboten sich in
2327 2803 3249 2850 Meinung ins Besicht schleudern; als aber der Heiß¬
1395 2814 2317 2870 meisterhaften Leistungen. Die Herbststimmung der
2330 2839 3249 2905 ersehnte hereintritt, da packt den Kranken ein Ekel
1399 2853 2324 2921 Decoration mit dem fallenden Laub der absterbenden
2335 2889 3251 2942 vor der Jämmerlichkeit des Lebens mit allen Ent¬
1396 2902 2318 2964 Bäume war mit wundervoller Feinheit getroffen,
2327 2927 3256 3004 täuschungen und Ungerechtigkeiten — er schweigt
1397 2949 2329 3007 ##n Herr Forst als Hausdorfer, Herr Schroth
2337 2985 2565 3051 und stirbt.
1418 2982 2328 3057 #l Sohn, Herr Stettner als Gärtner spielten
593 2904 1294 3077 Dentsches Schanspieihaus.
2360 2994 3257 3074 Hier scheint die didee am wenigsten heraus¬
1422 3022 1991 3104 hre Rollen ganz ausgezeichnet.
2332 3068 3254 3128 gearbeitet zu sein was sind renn die lebendigen
1429 3065 2320 3124 Ein mir völlig unbegreiflicher Eutschluß der
655 3078 1225 3163 „Lebendige Stunden“.
2329 3117 3253 3175 Stunden? Etwa# e, in denen der damals noch
1403 3105 2330 3190 Direction verheimlicht seit gestern den Namen des
567 3129 1296 3213 Vier Einacter von Arthur Schnitzler.
2337 3143 3256 3206 gesunde Rademacher den eitlen, vertrauenden
1409 3161 2331 3220 jeweiligen Regisseurs; deshalb kann fortab
2334 3198 3255 3253 Weigast mit seiner Frau betrog? Man sieht hier
678 3191 1109 3255 „Lebendige Stunden.“
1413 3208 2332 3259 nicht der Person sondern nur der Sache — der
2336 3235 3255 3291 nicht den Zusammenhang mit den anderen Stücken,
665 3230 1236 3310 „Die Frau mit dem Dolche.“
1408 3241 2321 3301 Regie das Urtheil gelten; für den gestrigen
2338 3276 3263 3342 sondern nur eine sehr geschickte, fein berechnete
667 3288 1108 3363 „Die letzten Masken.“
1413 3291 2323 3363 Abend darf dies Urtheil als großes Lob für wirk¬
2336 3336 3255 3394 Theatermache. Die Darsteller können sich übrigens
668 3331 952 3399 „Litteratur.“
1404 3333 2321 3398 lich ganz hervorragende Thaten gespendet werden,
2341 3386 3263 3435 nicht beilagen, denn sie haben außergewöhnlich
1406 3386 2328 3443 doppelt schade, daß Der, dem es zukommt, dem
512 3361 1395 3443 In jedes Menschen Dasein giebt es Stunden, die
2332 3412 3264 3467 gute Rollen vom Autor erhalten, und das
1410 3426 2221 3498 Publicum gegenüber im Tunkel bleiben soll.
350 3415 1395 3485 50 Z für das ganze spätere Schicksal entscheidend sind,
234 3436 353 3509 Für
2337 3452 3264 3509 ist immer schon Etwas! Herrn Nhil's meister¬
350 3468 462 3520 100
1444 3470 2320 3529 „Die Frau mit dem Dolche“ illustrirt dramatisch
482 3476 1406 3528 Stunden der Wonne oder der Qual, des ernsten,
2332 3483 3268 3567 haftes Spiel ist schon erwähnt worden. Ferner
349 3510 462 3559 200
1399 3515 2326 3564 den geheimnißvollen Vorgang in der Menschenseele,
467 3518 1399 3558 tiefsten Empfindens oder der lächelnden Ober¬
340 3548 467 3599 500
1401 3539 3262 3625 der oft die Ueberzeugung vorspiegelt, gewisse Thaten verdient Herr Brahm höchstes Lob, der einen
335 3559 1403 3643 1000 flächlichkeit. Und wie die Kette der Geschehnisse sich
414 3630 469 3688 mi
263 3617 844 3737 Abonnement durek Keine —
261 3633 1120 3796 ennenten ini die uteseitnen Waene u
390 3649 1723 3845 Senene rerte un ue uen enene
281 3688 1721 3907 eeict ie ene enten en iens ee
295 3722 1704 3947 Aunnegenen en e he ne
293 3758 1729 3979 n menen
293 3805 1733 4026 uen en een ee e aeeune
301 3894 1333 4066 geren eunin er une in en enenent
639 3954 1403 4124 Prenfieere grarin und Wanen
