3484 4256
2080 99 2529 204 box 21/2
259 92 2078 221 16.1. Lebendige StundenZykius
147 801 748 870 r Zeitungs-Ausschnitte
406 849 605 914 Ausschnitt
147 858 376 989 ER“
403 876 746 997 Nr. 44
140 997 802 1074 berichte u. Personalnachrichten
143 1068 635 1158 nstrasse 17.
143 1152 401 1229 „Figyelé“ —
153 1217 789 1299 h. Newyork, Paris, Rom, Stockholn.
143 1319 756 1451 Lete Bucen
762 1879 973 1955 G
585 1886 722 1965 d e
492 1886 3268 1996 1 das ihr qualvolles Leiden dem Schaffen ihres Lieb= zu zeigen. Da stürzt aber die Gattin herzu, ent= woll = Fabrikanten scheiden lassen und ist unter
2321 1947 3267 2005 die Münchener Caféhaus=Litteraten gegangen.
1412 1952 2339 2019 reißt dem schon ausholenden Liebhaber den Dolch
499 1975 1438 2050 lings bereitet. Ein alter Freund des jungen Schrift¬
2325 1980 3263 2036 Noch rentabler erscheint ihr aber bald darauf der
1417 1996 2336 2054 und ersticht ihn vor den Augen des Gatten. Als
133 1998 379 2087 nden“.
494 2014 1432 2078 stellers teilt diese furchtbare Thatsache mit Berufung
2335 2019 3259 2084 Eheantrag eines adligen Sportsman. Dieser sehr
1426 2042 2341 2098 sie noch mit dem Dolche in der Pose jenes Gallerie¬
139 2065 1428 2124 den das Deutsche auf ein briefliches Dokument der Mutter allmählich
2337 2053 3272 2118 unlitterarische Herr will jedoch nichts von ihrer
1417 2075 2341 2144 Gemäldes vor ihm dasteht, greift er schnell zum Pinsel
2330 2082 3273 2153 Schriftstellerei wissen und stellt sie sogar vor die
152 2082 1445 2154 dem neusten Ein= dem Sohne mit, erzielt aber damit eigentlich nur
504 2118 2335 2198 das Gegenteil dessen, was die aufopfernde Selbst= und benutzt die Mordsituation zur Vollendung eines
2334 2128 3265 2192 Wahl. Sie will aber nicht von ihrem neuen Roman
147 2143 525 2213 Dramatikers Jung¬
1421 2156 2341 2212 daneben noch auf der Staffelei stehenden gleich¬
517 2172 1441 2239 mörderin beabsichtigte, denn wir scheiden beim
2331 2170 3270 2245 lassen. Da erhält sie zufällig Besuch von einem
137 2189 524 2251 Dem Dichter wieder
1426 2177 2342 2258 artigen Gemäldes. Dann verwandelt sich die Scene
514 2211 1430 2271 Sinken des Vorhanges nicht von einem schaffens¬
2330 2208 3269 2287 duschreisenden ehemaligen Geliebten, einem Mit¬
132 2222 534 2302 ach jedem einzelnen
1424 2239 2343 2303 wieder in dis Gallerie des ersten Auftrittes. Leo¬
2327 2242 3270 2326 gliede ihrer Münchener=Kaffeehausrunde. Im Aus¬
146 2246 1439 2322 erscheinen und die lustigen jungen Dichter, sondern von einem
1428 2270 2344 2339 uardo ist jetzt wieder Leonhardt und erhält von der
519 2283 1430 2360 gebrochenen Manne, den der Gedanke, nun gleich¬
2336 2284 3275 2361 tausch ihrer Erlebnisse entdecken beide, daß sie in
157 2302 520 2365 nVerehrer dankend
1428 2310 2348 2375 aus einer Art visionärer Betrachtung des Gemäldes
516 2330 1439 2391 sam als unfreiwilliger Mörder seiner Mutter durchs
2342 2331 3274 2402 ihrem neuesten Roman jeder die Liebcsbriefe des
127 2343 526 2407 end, die jetzt auch
1437 2334 2345 2416 erwachenden Frau die Zusage, ihn abends besuchen
525 2360 1434 2436 Leben gehen zu sollen, eber zu Boden drückt, als zu
2339 2376 3274 2441 anderen verwertet haben. Sie ist außer sich darüber und
135 2379 530 2452 en aufgeführter Ein¬
1425 2385 2344 2462 zu wollen. Der Maler Remigio muß für seine herz¬
2337 2399 3288 2475 nun ganz einverstanden, daß ihr künftiger Gatte ihren
518 2412 983 2498 neuen Thaten begeistert.
147 2417 531 2485 den abendfüllenden
1426 2431 2345 2491 lose künstlerische Ausbeutung der Bravour seiner
583 2431 1440 2511 Das zweite Stück heißt „Dle Frau mit dem
2338 2440 3281 2522 Roman einstampfen lassen will, denn die Uebereinstim¬
148 2462 531 2521 r seinen Stücken den
1436 2468 2352 2533 Gatlin bestraft werden. So oberflächliche Männer
526 2486 1437 2544 Dolche“ und ist eine seltsame Mischung von phan¬
2335 2479 3279 2547 mung der Liebesbrieke in beiden Werken würde ihr
136 2501 525 2567 .Lebendige Stunden“
1432 2516 2352 2574 verdienen nach Schnitzler, daß sie von ihrer Frau be¬
2349 2516 3269 2597 Verhältnis zu dem Münchener Liebhaber offenkundig
139 2531 1440 2595 ben, einen Titel,tastischer Romantik und spiritistischem Spuk, dazu
1435 2557 1731 2622 trogen werden.
2344 2550 3280 2644 gemacht haben und dann wäre es ja mit der neuen
137 2567 1434 2642 so gesucht u.d er= ganz getaucht in das trübe Spülwasser unsauberer
1494 2567 2359 2663 In dem dritten Stück „Die letzten Masken“
120 2615 1437 2689 ar nicht auf alle vier Erotik, wie es die Muse dieses ehemaligen Medi¬
2345 2612 3279 2688 Ehe vorbei. So schleudert sie denn nun mit wahrem
1438 2623 2354 2695 sind wir in einem Spital die Zeugen zweier sehr
520 2647 1443 2720 ziners leider so häufig liebt. Eine leichtfertige Frau
2346 2653 3281 2710 Feuereifer das einzige übrig gebliedene Exemplar
132 2661 534 2726 Die Weisheit, die sich
1436 2666 2360 2727 verschiedenartiger Unterredungen. Die erste mehr
528 2688 1448 2753 trifft sich mit einem Liebhaber in einer Gemälde¬
2344 2676 3286 2750 ihres Buches vor den Augen des vornehmen Freiers
133 2707 542 2766 nd hier und da zu
1434 2715 2361 2765 komische oder tragikomische verläuft zwischen
538 2726 1445 2786 gallerie vor dem Bilde der Frau mit dem Dolche,
2348 2732 3291 2786 in den Kamin und rühmt sich dabei'gar noch mit
136 2733 535 2793 vom Dichter ausge¬
1441 2732 2352 2821 zwei Todeskandidaten, einem heruntergekommenen
535 2765 1443 2822 deren Augen sie nach den überschwänglichen Ver¬
2354 2748 3294 2829 komischem Ernste des Opfers, das sie dem ge¬
133 2767 540 2832 Wedanke, daß der Tod
1437 2791 2356 2842 Journalisten und einem lungenkranken Schauspieler.
520 2800 1464 2866 sicherungen ihres Galans besitzen soll. Er begehrt
2358 2796 3290 2869 liebten Manne zu bringen vermöge. Die Ab¬
129 2809 547 2886 chter oft zur Geburts¬
1441 2822 2365 2881 Der erstere probt gleichsam mit dem letzteren eine
526 2829 1445 2897 4 ein heimliches Rendezvous, sie ist unentschlossen. Da
2355 2837 3282 2905 sicht des Dichters, seine Freunde auf pikante
137 2852 551 2930 man im Gegensatz zu
1446 2873 2365 2926 haßerfüllte Scene, die er gern noch vor seinem Tode!
530 2884 1457 2937 erinnert der Seblag der Mittagsstunde die Säumige
2357 2872 3293 2945 Weise zu erheitern, war damit jedenfalls voll¬
139 2892 549 2959 ja seine lebendigsten
1449 2901 2364 2963 mit einem Jugendfreunde erleben möchte. Der
534 2921 1450 2987 an ihre Rückkehr zum Gatten. Während sie geht,
2350 2927 3286 2987 kommen erreicht. Die geschickten Momentbilder
128 2934 549 2993 snennen könnte, und
1441 2917 2361 2993 Jugendfreund, ein zu Ruhm und Anseben gelangter
123 2952 1456 3035 s Werk des Dichters verdunkelt sich die Scene und verwandelt sich unter
2352 2947 3299 3025 aus der litterarischen Bohôme und die mancherlei
1449 2987 2360 3039 Schriftsteller, erscheint darauf im Geleit des Anstalts¬
535 2988 1455 3060 dem Geläute einer nahen Kirche in ein Maleratelier
2364 3005 3296 3065 witzigen Bemerkungen und Anspielungen, die er
127 3014 561 3078 eder zum Leben, zu
1455 3020 2367 3078 arztes, aber in den 15 Minuten, die ihnen der Arzt
533 3034 1453 3088 per Renaissanzezeit, in dem uns nun die Geschichte
2358 3037 3297 3106 hier darbot, versöhnten auch manchen Hörer wieder,
137 3049 551 3117 Nach der alltäglichen
1445 3069 2379 3119 zur Aussprache bewilligt, gelangt kein Wort des!
534 3077 1461 3154 der Frau mit dem Dolche von den entsprechend um¬
2358 3083 3297 3152 der sich mit der gesuchten frostigen Mache der voraus¬
147 3092 549 3161 würde man freilich
1446 3094 2382 3156 Vorwurfs und der Erbitterung über die Lippen des
532 3113 1456 3186 gekleideten Personen der ersten Scene selbst vorge¬
2357 3115 3300 3182 gegangenen Stücke absolut nicht befreunden konnte.
152 3132 550 3191 Dichtung mit der
1450 3120 2377 3194 Sterbenden. Er ist wie ausgewechselt, so entwaffnet
535 3146 1462 3221 A spielt wird. Der Liebhaber, der jetzt Leonardo
2364 3157 3299 3225 Ein geistreicher Mann, ein Psycholog und gewandter
182 3164 550 3230 können; die erste
1453 3177 2384 3232 ihn der Anblick der hohlen Aufgeblasenheit dieser
544 3186 1464 3252 heißt, wird von dem Gatten der Ungetreuen, dem
2365 3196 3284 3262 Kauseur ist Schnitzler gewiß auch in mancher
126 3215 551 3263 ort=Tiftelei, die ohne
1452 3222 2375 3275 schriftstellerischen Modegröße, und stirbt nun williger¬
543 3230 1470 3290 Maler Remigio, am Morgen nach einer fündigen Nacht
2372 3232 3299 3304 Scene und Feinheit dieser Einakter. Aber er
124 3231 565 3311 laum in seinem Sinne
1455 3258 2059 3330 und ausgesöhnt mit seinem Los.
545 3265 1464 3332 bei ihr angetroffen. Der Gatte offenbart merk¬
120 3290 558 3351 nd obendrein in dem
1500 3274 3296 3336 Der vierte Einakter Litteratur“ ein echtes wollte zu geistreich und litterarisch sein, und
541 3306 1472 3370 würdigerweise dabei gar kein raschloderndes süd¬
136 3326 550 3388 urch ein sehr abstoßen¬
1456 3319 3294 3388 Bohemienstück, das den Beschluß machte, ist eines so wurde er unwahr, unnatürlich und geziert Man
540 3344 1456 3406 ländisches Natureil, sondern hört sehr gelassen die
133 3362 567 3431 chnitzler will uns in
1457 3362 3288 3431 Art Satyrspiel, das offenbar den Sterbe= und merkt die Absicht und man wird verstimmt. Auch
136 3381 1471 3463 En, daß sich eine tod=haßerfüllten Worte das Nebenbuhlers an, schreitet
1456 3393 3298 3469 Krankenhausgeuuch der ersten drei Werke mit seiner die vorzügliche Darstellung des Deutschen Theaters,
134 3418 1479 3487 ihrem schriftstellernden dann aber ruhig zur Thür, als ihn Leonardo
150 3428 3303 3537 sie mit Morphium ver= für den Fall einer Flucht mit sofortigem Tod Laune wieder vertreiben sollte. Eine genußfüchtigs die Frl. Triesch und die Heiren Reinhardt,
161 3531 3300 3584 dem Wege zu schaffen, bedroht, um dim Elenden seine volle #chtung Frau hat sich von ihrem philiströsen Baun Rittner, Sommerstorff, Fischer und Basser¬
