3484 4256
2141 173 2604 274 box 21/3
328 172 2009 294 16.1. Lebendige Stunden Zyklus
908 882 1385 993 Telephon 12801.
513 980 1778 1088 Alex. Welgl’s Unternehmen für Zeitungs-Ausschnitte
1537 1052 1783 1134 Ausschnitt
759 1074 1466 1219 „OBSERYER“
1599 1107 1853 1206 Nr. 53
424 1167 1891 1272 I. österr. behördl. conc. Bureau für Zeitungsberichte u. Personalnachrichten
647 1247 1675 1332 Wien, IX/1. Türkenstrasse 17.
842 1327 1494 1407 Filiale in Budapest: „Figyelö“ —
427 1371 1886 1456 Vertretungen in Berlin, Chicago, Genf, London, Newyork, Paris, Rom, Stockholm.
442 1517 964 1620 Ausschnitt aus:
437 1663 1022 1771 vom: #Z
1613 2050 3376 2165 lihn zu besuchen. Ob sie sterben will oder hoft, sorts stritter der „Wielter Abendpost¬
794 2031 1428 2212 Feuilleton.
1628 2135 3410 2245 leben zu können, vermag ein prosaisches Gemüt nicht kleine Blumenparterre vor Schnitz
1626 2188 3401 2279 auszudenken, der Autor aber schreibt vor: „In ihren Vorgarten des allgemeinen Kra
862 2198 1336 2325 Wiener Brief.
1623 2223 3401 2333 Zügen drückt sich allmählich die Ueberzeugung aus, dem baumbesetzten Hof spazieren
1622 2256 3387 2379 daß ein Schicksal über ihr ist, dem sie nicht entrinnen Kranke: z. B. Hypochondrie, Hyster
1365 2279 1650 2377 —, 7. Mai.
1628 2315 1781 2379 kann.“
2680 2340 3351 2411 lin Nr. 1, Nr. 2 und Nr. 3.
632 2355 1642 2432 Im Carliheater begann gestern die Gesellschaft
1705 2355 1793 2425 3.
1781 2350 3377 2471 „Die letzten Masken“, Schauspiel in Nr. 4 ganz gesund sind, möchten
536 2366 1630 2472 des Deutschen Theaters in Berlin ein Gastspiel. Man
1633 2421 3249 2519 einem Aufzuge. — Ein alter Journalist, Kritiker, arm faber amüsant sind sie sehr.
435 2432 556 2514 Fü
550 2445 1629 2536 führte vier einaktige Stücke Arthur Schnitlers
1624 2461 2697 2556 und verlassen, liegt im Spitale und hat nur, ehe es
539 2480 1340 2564 zum ersten Male auf. Es waren dies:
2765 2493 3393 2565 Die Darstellung aller vier
1606 2496 2691 2601 lans Sterben geht, den einen Wunsch, einen ehemaligen
2688 2523 3382 2613 in Brünn haldigst zu sehen bekommen
697 2526 2692 2649 „Lebendige Stunden“, Schauspiel in Freund zu sprechen. Er will dem hohlen Gecken sagen:
2681 2596 3384 2668 gut. Schnitzler und den Darste
540 2561 3103 2711 einem Aufzuge. — Es ist eine Art Vorspiel des Cyklus, daß er, der Journalist, vor zwanzig Jahren der Ge= Ehren des Abends.
542 2637 1623 2726 Eine ältere Frau stirbt, ihr Freund betrauert sie und
1614 2659 2691 2736 liebte seiner Frau gewesen ist. Der Freund kommt, der
532 2669 1614 2759 kann es dem Sohne der Verblichenen nicht verzeihen,
1618 2705 2721 2811 Journalist aber schweigt. Ob er den unerlaubt törichten
440 2625 547 2809 4
530 2725 2702 2837 daß dieser, ein Dichter, in der Trauerzeit wenigstens „Dichter“ für gestraft genug hält oder einsieht, welche
536 2775 2703 2887 nicht, auf das „Schaffen“ verzichten mag. Der junge Schurkerei er in der letzten Lebensstunde begehen
543 2820 2707 2958 Mann hat das letzte Wort und sagt dem Alten wahr: würde, wenn er einer Frau, die ihn erhörte, die Ehre
541 2870 1617 2965 auch dieser werde, wenn der neue Lenz ins Land
1609 2896 2240 2959 nähme, das wird nicht gesagt.
529 2907 1488 2998 kommt, durch seine Blumen neu belebt werden.
1714 2945 2693 3041 4. „Literatur“, Schwank in einem Aufzuge.
613 2971 2691 3064 2. „Die Frau mit dem Dolche“ Schauspiel — Das Stück geißelt gewisse Literaten, einige, viel¬
459 2976 531 3083 1
530 3007 2693 3101 in einem Aufzuge. — Dieses Stück führt eine Art leicht viele, und verschafft eine gute, eine lebendige
518 3051 2687 3172 von Seelenwanderung vor. Der als Bild gemalteshalbe Stunde. Die Geliebte eines Sportsman,
531 3116 2682 3220 Titel läßt eine hypernervöse Frau, die nicht recht dessen kleiner Finger mehr einen Gentleman verrät
518 3151 2675 3271 weiß, was sie will, oder vielmehr, was sie soll, als die ganze Schriftstellerin, eine Frau mit etwas
528 3202 2682 3324 träumen oder sich in den Wahn hineinreizen, die Geist mit gleicher Dosis von Herz, hat eine bewegte
518 3255 2154 3354 Renaissance=Dame, der sie ähnlich sieht, sei ihre Vergangenheit hinter sich
2213 3301 2692 3366 vielleicht auch eine
523 3303 2679 3405 frühere Inkarnation gewesen. Die Dame mit dem derlei Zukunft vor sich. Daraus ist heute kein Roman
508 3354 2675 3462 Dolche habe sich, weil sie ihrem Gatten untreu wurde, zu machen, aber ein sehr witziges Lustspiel, in dem
512 3401 2672 3495 denselben in die Brust gestoßen. Sie träumt dies in viele Worte fröhlich knistern. Dieses Stück ist von
514 3445 2677 3559 einer unbesuchten Gallerie angesichts des Bildes und guter Schnitzlerischer „Literatur“ von Anno Anatol,
510 3494 2673 3606 und gibt — lebendige Stunden! — einem jungensals der Zephyr des Poeten noch durch seinen Rosen¬
493 3540 2689 3674 Manne, dem sie bisher widerstanden, das Versprechen, garten der Wiener Liebe wehte. Heute ist, wie der
