3392 4224
2008 201 2475 312 box 21/3
205 214 1873 311 16.1. Lebendige Stunden Zuklus
264 1500 3287 1542 berufenen angewandt haben. Sie haben gemeint, als Künstler] Am Freitag findet im Neuen Theater das einmalige Gastspiel] Wirkung der Passionsspiele in Oberau
271 1527 2611 1583 müßten sie sich vor dem Publitum sozusagen nackt ausziehen, der Internationalen Tournee (Direktion: Gustav Lindemann) statt,
2599 1568 3287 1628 auch die Wirkung der zahllosen G
275 1564 1447 1643 und haben ganz einfach in der unkünstlerischsten Weise Poesie
1442 1593 2599 1650 bei dem Gabriele d'Annunzios Drama: Die tote Stadt aufgeführt
2596 1593 3299 1666 Niemals sei das Publikum durch diese
267 1605 1455 1681 berübt. Da hat sie in einem Roman ihre Liebschaft mit dem
1441 1627 2609 1690 wird. — Im Alten Theater geht am Freitag die beliebte Operette:
2654 1636 3300 1710 Rechtsanwalt Rosenstock ging noc
273 1642 1457 1715 Dichterling geschildert und dabei ohne weiteres die Liebesbriefe,
1446 1653 2002 1726 Die Landstreicher in Scene.
2602 1664 3288 1753 Punkte ein, die das Polizeipräsidium
272 1691 1463 1772 die sie an ihn geschrieben, und die, die er an sie geschrieben, wört¬
1509 1708 2607 1776 Biblische Stoffe auf dem Theater. Die Berliner Censur
2593 1722 3276 1778 bots angeführt hat, und wandte sich
259 1723 1454 1799 lich abdrucken lassen — und einen ähnlichen Roman hat auch er
1452 1745 2598 1811 hat gestern wieder einmal eine der üblichen Niederlagen erlitten.
2592 1758 3283 1825 keit des dritten Grundes, die angeblich
263 1773 1446 1843 geschrieben. Da werden also die Stümper verhöhnt, die die Lehre,
1439 1796 2604 1858 aus denen sie leider nie etwas zu lernen scheint. Paul Heyses
2602 1801 3281 1864 Person Christi mit der Maria von Ma
269 1810 1449 1885 daß die Dichter Erlebtes zu gestalten und zu verarbeiten haben,
1449 1827 2610 1883 biblisches Drama Maria von Magdala, das anderwärts bereits
2600 1842 3283 1901 anwalt Rosenstock noch auf die Perso
263 1844 1451 1913 ganz plump auffassen. Diese Satire ist Schnitzler sehr gut ge¬
1442 1870 2607 1946 gegeben worden ist, hat der Bezirksausschuß zu öffentlicher Auf¬
2600 1880 3291 1958 durch die Entscheidung des Polizeiprä
272 1893 1452 1959 lungen; er enthüllt in übermütig ersonnener Handlung die ganze
1440 1923 2601 1968 führung im Berliner Lessingtheater freigegeben. Das Polizei¬
2598 1921 3281 1981 troffen sei. Herr Rosenstock teilte mit,
272 1930 1448 1996 Schäbigkeit eingebildeter Dichterlinge, die mit plumpen Fingern
1431 1955 2599 2026 präsidium hat seiner Zeit das Aufführungsverbot damit begründet,
2605 1961 3281 2021 Verhandlung nicht persönlich erschiene
258 1970 1438 2051 ins Leben greifen, ohne eine Ahnung vom künstlerischen Schaffen
1441 2000 2598 2057 daß das Heysesche Schauspiel geeignet sei, das religiöse Em¬
2589 1997 3288 2065 Erregung, in die ex durch das Verbo
265 2009 489 2083 zu haben.
1435 2039 2603 2099 pfinden der christlichen Bevölkerung zu verletzen. Im einzelnen
2594 2050 3301 2116 brauchen, die öffentlich nicht gesproche
349 2045 1439 2114 So flott aber das Stück ist, so verwirrend muß es in dem
1440 2072 2612 2151 werde diese Verletzung des religiösen Empfindens durch die
2647 2085 3282 2147 Wenn der Vertreter der Klägerng
256 2101 1436 2163 Zusammenhang mit den übrigen Stücken wirken. Das Satyr¬
1433 2100 2591 2175 wörtliche Verwendung von Stellen der heiligen Schrift verursacht,
2593 2110 3288 2192 des Polizeipräsidiums beleuchtete, so
260 2128 1444 2190 spiel nach der Tragödie — das ist eine schöne Sache. Aber die
709 2165 839 2206 rklich
1436 2151 2597 2214 durch die dramatische Verwertung der Person
879 2163 938 2211 15
2594 2165 3262 2227 thatsächlich wegen der Verwerfung
270 2173 1446 2237 Tragödie muß dann wirklich vorausgegangen sein. Und die ist
1441 2195 2594 2264 und Leidensgeschichte Christi und endlich dadurch, daß
2600 2199 3279 2267 gemeinere Bedeutung. Der Erlaß des
261 2202 1437 2273 hier nicht vorausgegangen. Das Thema von der Stellung des
2735 2231 2794 2271 0
1431 2235 2600 2296 die Kreuzigung Christi in Beziehung gebracht werde zu dem Ent¬
2597 2262 3280 2311 Jahre 1875 erklärte: „Für unzulässi
266 2254 1445 2303 Dichters zur Wirklichkeit ist nicht so ausgeführt, daß es irgendwie
1439 2276 2603 2333 schluß eines angeblich buhlerischen Weibes (Maria von Magdala),
2597 2291 3277 2345 Standpunkte öffentliche Darstellungen
264 2287 1447 2355 ergreifen könnte. Zu den Dichterlingen des letzten Stückes fehlt
1438 2315 2591 2376 sich einem Manne (Flavius) hinzugeben. Das Polizeipräsidium
2589 2331 3283 2381 des Alten und Neuen Testaments, nc
255 2320 1446 2390 der Gegensatz. Nirgends wird der Dichter im Ringen mit dem
1436 2354 2597 2420 stützte sein Verbot der Aufführung der Maria von Magdala in
2590 2367 3288 2419 Lebens= und Leidensgeschichte, möge
252 2350 1436 2435 Leben gezeigt, wir hören nur immer davon, daß sich die Dichter
1435 2392 2592 2462 Berlin auf einen Erlaß des Kultusministers vom 8. Oktober 1875,
2597 2393 3284 2464 lebende Bilder oder in scenisch sich be
249 2403 1440 2472 leicht mit dem Erlebten abfinden, und das ist ja im Grunde nichts
1435 2435 2596 2511 dem zufolge grundsätzlich Theaterstücke mit biblischem Inhalt als
2589 2444 3283 2512 um deshalb erachtet werden, weil sol
261 2450 1437 2517 weiter als oberflächlichste Betrachtung, die die leichtfertigste
1438 2473 2311 2543 nicht geeignet zur Aufführung anzusehen seien.
2587 2476 3281 2559 großen Teile der Bevölkerung Anstoß
259 2482 1454 2555 Meinung von dichterischem Schaffen ins Publikum hinausträgt.
1496 2512 2590 2580 In der Verhandlung vor dem Bezirksausschuß unterwarf
2586 2533 3265 2592 Gefühle vieler verletzen würden ...“
335 2517 1440 2600 Das Publikum ging gestern erst bei den beiden letzten Stücken
1434 2535 2596 2622 Rechtsanwalt Dr. Rosenstock nach dem Berliner Tageblatt die
2588 2569 3294 2620 aufrecht erhalten werden konnte, wurd
259 2564 1442 2636 richtig mit, die wohl auch auf dem Spielplan bleiben werden.
1430 2595 2602 2663 Entscheidung des Polizeipräsidiums einer scharfen Kritik. Die
2585 2608 3279 2673 eines Einzelfalles“ zugestanden. Als
265 2605 1437 2682 Hier wurden auch die lebendigsten Charakterfiguren entworfen.
1425 2640 2601 2701 Polizei habe nur für die äußere Ordnung und ihre Wahrung zu
2590 2640 3284 2710 und v. d. Recke den Erlaß in Erinner
256 2639 1432 2713 Wieder stand Herr Mehnert als der Dichter Weihgast und der
1429 2677 2597 2738 sorgen; es sei aber nicht ihre Aufgabe, über die innere Ruhe der
2584 2681 3286 2743 ausdrücklich, daß Ausnahmen zul
260 2687 1440 2748 troddelhafte Baron Clemens im letzten Stück obenan, ihm zur
1434 2715 2595 2781 Bevölkerung zu wachen. Zudem komme es bei dem Verbot der
2587 2720 3281 2791 ausdrücklichen Zustimmung der Mini
259 2724 1435 2788 Seite Margarete Frey als das Litteraturweib Margarete und
1422 2754 2597 2819 Aufführung eines Schauspiels auch nicht auf das allgemeine
2585 2772 3276 2824 so verklausuliert, ist der Erlaß nichts
251 2762 1442 2823 Herr Forsch als der ewig beobachtende Schauspieler im dritten
1429 2795 2597 2856 Empfinden der Bevölkerung an, sondern auf das Publikum des
2587 2810 3282 2867 gerade im Interesse ernsten dichterischen
249 2799 1436 2876 Stück. Die Stimmung des zweiten Stücks kam gar nicht heraus,
1427 2831 2591 2895 speciellen Theaters, in dem das Stück gespielt werden solle. Ueber
2589 2842 3283 2900 muß. Wer einigermaßen in der mod
256 2844 1436 2929 woran Regie und Schauspieler zu gleichen Teilen Schuld trugen.
1425 2875 2597 2941 diesen Punkt aber sei das Polizeipräsidium überhaupt in keine
2580 2877 3289 2944 Bescheid weiß, der weiß auch, daß de
1269 2899 1442 2967 gm.
1418 2915 3281 2987 Prüfung eingetreten. Ferner erhebe sich die Frage: Ist über=[und immer wieder zu dichterischer Aus
330 2937 1435 3011 Theaternachrichten. Neues Theater. Donnerstag, zum erstenmale
1427 2958 3282 3024 haupt der vom Ministerium aufgestellte Grundsatz berechtigt, es stellt gewiß dem Dramatiker eine
247 2974 1430 3051 So leben wir. Lustspiel in vier Akten von L.-Leipziger. Altes
1423 2998 2588 3059 Dramen biblischen Inhalts zu verbieten, weil sie angeblich ge¬
2587 3013 3278 3065 zu bewältigen des Schweißes der Edel
252 3026 1432 3096 Theater. Donnerstag, zum erstenmal: Die Kreuzelschreiber. Bauern¬
1422 3038 3277 3102 eignet sind, religiöse Empfindungen zu verletzen? Diese Fragelich nach der Entscheidung in Sachen
259 3077 1274 3137 komödie mit Gesang in drei Akten von L. Anzengruber.
1413 3064 3286 3156 könne man nicht bejahen. Man brauche zum Beispiel nur die Erlaß nicht wieder herangezogen wer
