<?xml version="1.0" encoding="UTF-8" standalone="yes"?>
<PcGts xmlns="http://schema.primaresearch.org/PAGE/gts/pagecontent/2013-07-15" xmlns:xsi="http://www.w3.org/2001/XMLSchema-instance" xsi:schemaLocation="http://schema.primaresearch.org/PAGE/gts/pagecontent/2013-07-15 http://schema.primaresearch.org/PAGE/gts/pagecontent/2013-07-15/pagecontent.xsd">
    <Metadata>
        <Creator>prov=University of Rostock/Institute of Mathematics/CITlab/Gundram Leifert/gundram.leifert@uni-rostock.de:name=ONB_Newseye_GT_M1+(htr_id=10810)::::v=2.4.2
prov=University of Rostock/Institute of Mathematics/CITlab/Tobias Gruening/tobias.gruening@uni-rostock.de:name=de.uros.citlab.module.baseline2polygon.B2PSeamMultiOriented:v=2.4.2
prov=University of Rostock/Institute of Mathematics/CITlab/Tobias Gruening/tobias.gruening@uni-rostock.de:name=/mnt/transkribus/LA/DEA/URO/LA_news_onb_att.pb:de.uros.citlab.segmentation.CITlab_LA_ML:v=2.4.2
Transkribus</Creator>
        <Created>2019-10-07T11:35:15.722+02:00</Created>
        <LastChange>2019-10-08T17:08:38.136+02:00</LastChange>
        <TranskribusMetadata docId="223975" pageId="9501607" pageNr="382" tsid="16603362" status="IN_PROGRESS" userId="40391" imgUrl="https://files.transkribus.eu/Get?id=BMIEFVNGXQVYBDSPXEHXUWEK&amp;fileType=view" xmlUrl="https://files.transkribus.eu/Get?id=DIEIDDLJESBZKEPGRRCGRDCE" imageId="6191829"/>
    </Metadata>
    <Page imageFilename="223975_0382.jpeg" imageWidth="3436" imageHeight="4384">
        <ReadingOrder>
            <OrderedGroup id="ro_1711449867408" caption="Regions reading order">
                <RegionRefIndexed index="0" regionRef="r1"/>
            </OrderedGroup>
        </ReadingOrder>
        <TextRegion orientation="0.0" id="r1" custom="readingOrder {index:0;}">
            <Coords points="980,173 980,4215 2116,4215 2116,173"/>
            <TextLine id="r1l1" custom="readingOrder {index:0;}">
                <Coords points="982,219 2070,204 2069,167 2021,164 981,173"/>
                <Baseline points="988,204 1041,203 1095,203 1149,203 1203,202 1256,202 1310,201 1364,201 1418,200 1471,200 1525,199 1579,199 1633,198 1686,197 1740,197 1794,196 1848,195 1901,195 1955,194 2009,194 2063,193"/>
                <TextEquiv>
                    <Unicode>vermischt und dadurch die ganze Situation unklar und</Unicode>
                </TextEquiv>
            </TextLine>
            <TextLine id="r1l2" custom="readingOrder {index:1;}">
                <Coords points="989,250 1974,252 2090,212 989,215"/>
                <Baseline points="996,248 1050,248 1104,248 1159,248 1213,248 1268,248 1322,247 1376,247 1431,246 1485,246 1540,245 1594,245 1648,244 1703,243 1757,243 1812,242 1866,241 1920,241 1975,240 2029,239 2084,239"/>
                <TextEquiv>
                    <Unicode>unverständlich gemacht. Jene Frau, welche in der er¬</Unicode>
                </TextEquiv>
            </TextLine>
            <TextLine id="r1l3" custom="readingOrder {index:2;}">
                <Coords points="981,299 2034,298 2085,241 980,259"/>
                <Baseline points="988,296 1042,295 1097,295 1151,294 1206,293 1260,293 1315,292 1369,291 1424,290 1478,290 1533,289 1587,288 1642,288 1696,287 1751,286 1805,285 1860,285 1914,284 1969,283 2023,283 2078,282"/>
                <TextEquiv>
                    <Unicode>wähnten Vision ihr eigenes Schicksal erlebt, steht erst</Unicode>
                </TextEquiv>
            </TextLine>
            <TextLine id="r1l4" custom="readingOrder {index:3;}">
                <Coords points="977,338 2083,344 2065,284 976,302"/>
                <Baseline points="983,338 1037,339 1092,340 1146,340 1201,340 1256,339 1310,339 1365,338 1419,337 1474,336 1529,335 1583,334 1638,333 1692,333 1747,332 1802,331 1856,330 1911,330 1965,330 2020,330 2075,331"/>
                <TextEquiv>
                    <Unicode>am Anfang ihrer Schuld, aber sie wird diese Schuld auf</Unicode>
                </TextEquiv>
            </TextLine>
            <TextLine id="r1l5" custom="readingOrder {index:4;}">
                <Coords points="977,392 1933,389 2075,347 976,355"/>
                <Baseline points="983,385 1037,385 1091,385 1145,384 1200,383 1254,383 1308,382 1362,381 1417,380 1471,380 1525,379 1579,378 1634,377 1688,376 1742,376 1796,375 1851,374 1905,373 1959,373 2013,373 2068,372"/>
                <TextEquiv>
                    <Unicode>sich laden und dann — so darf man wohl annehmen —</Unicode>
                </TextEquiv>
            </TextLine>
            <TextLine id="r1l6" custom="readingOrder {index:5;}">
                <Coords points="986,431 2034,428 2082,390 986,396"/>
                <Baseline points="993,425 1047,425 1101,425 1155,424 1209,424 1263,423 1317,423 1371,422 1425,421 1479,421 1534,420 1588,420 1642,419 1696,418 1750,418 1804,418 1858,417 1912,417 1966,417 2020,417 2075,417"/>
                <TextEquiv>
                    <Unicode>in demselben Sinne handeln wie ihr traumhaftes zweites</Unicode>
                </TextEquiv>
            </TextLine>
            <TextLine id="r1l7" custom="readingOrder {index:6;}">
                <Coords points="986,477 2085,469 2084,430 2006,420 985,439"/>
                <Baseline points="993,473 1047,472 1101,470 1155,469 1210,468 1264,467 1318,466 1372,465 1427,465 1481,464 1535,463 1589,463 1644,462 1698,462 1752,461 1806,461 1861,460 1915,460 1969,459 2023,459 2078,458"/>
                <TextEquiv>
                    <Unicode>Ich. Im dritten Einakter (Die letzten Maskea) liegt</Unicode>
                </TextEquiv>
            </TextLine>
            <TextLine id="r1l8" custom="readingOrder {index:7;}">
                <Coords points="1653,511 1727,520 1781,501 1816,518 1917,497 1942,519 2038,520 2086,502 2086,469 1959,461 1754,477 1711,466 1653,486"/>
                <Baseline points="1660,508 1686,507 1712,506 1738,506 1764,505 1790,505 1817,504 1843,503 1869,503 1895,502 1921,501 1948,501 1974,501 2000,501 2026,501 2052,501 2079,502"/>
                <TextEquiv>
                    <Unicode>In einem Wiener</Unicode>
                </TextEquiv>
            </TextLine>
            <TextLine id="r1l9" custom="readingOrder {index:8;}">
                <Coords points="991,516 1445,525 1513,502 1621,519 1651,510 1651,485 1609,469 990,479"/>
                <Baseline points="998,516 1030,515 1062,514 1095,513 1127,512 1159,512 1192,512 1224,511 1256,511 1289,510 1321,510 1353,510 1386,509 1418,509 1450,509 1483,508 1515,508 1547,507 1580,507 1612,506 1645,505"/>
                <TextEquiv>
                    <Unicode>die Situation bedeutend klarer.</Unicode>
                </TextEquiv>
            </TextLine>
            <TextLine id="r1l10" custom="readingOrder {index:9;}">
                <Coords points="972,560 1918,568 2085,520 972,536"/>
                <Baseline points="980,562 1034,560 1089,559 1144,559 1199,557 1254,556 1309,555 1364,555 1419,554 1474,553 1529,552 1583,551 1638,551 1693,550 1748,550 1803,549 1858,549 1913,549 1968,549 2023,549 2078,549"/>
                <TextEquiv>
                    <Unicode>Krankenhause soll es zwischen einem sterbenden Journa¬</Unicode>
                </TextEquiv>
            </TextLine>
            <TextLine id="r1l11" custom="readingOrder {index:10;}">
                <Coords points="980,616 2078,597 2077,562 2012,552 980,573"/>
                <Baseline points="987,604 1041,603 1095,603 1149,602 1203,602 1258,601 1312,600 1366,599 1420,598 1474,598 1529,597 1583,596 1637,595 1691,594 1745,593 1800,592 1854,591 1908,591 1962,590 2016,590 2071,589"/>
                <TextEquiv>
                    <Unicode>listen und einem im rauschenden Leben stehenden Dichter</Unicode>
                </TextEquiv>
            </TextLine>
            <TextLine id="r1l12" custom="readingOrder {index:11;}">
                <Coords points="980,649 2051,647 2081,602 979,610"/>
                <Baseline points="987,648 1041,649 1095,648 1150,648 1204,647 1258,647 1313,645 1367,644 1421,643 1476,642 1530,641 1584,639 1639,638 1693,637 1747,636 1802,636 1856,635 1910,635 1965,636 2019,637 2074,638"/>
                <TextEquiv>
                    <Unicode>zur letzten Aussprache kommen. Der Sterbende will</Unicode>
                </TextEquiv>
            </TextLine>
            <TextLine id="r1l13" custom="readingOrder {index:12;}">
                <Coords points="978,678 1788,700 2046,692 2089,656 977,657"/>
                <Baseline points="985,692 1039,692 1094,691 1149,690 1204,690 1259,689 1314,688 1369,687 1424,686 1479,685 1534,684 1588,683 1643,683 1698,682 1753,681 1808,680 1863,680 1918,680 1973,679 2028,679 2083,680"/>
                <TextEquiv>
                    <Unicode>Rache an dem Lebenden nehmen und ihm ins Gesicht</Unicode>
                </TextEquiv>
            </TextLine>
            <TextLine id="r1l14" custom="readingOrder {index:13;}">
                <Coords points="992,748 2071,737 2095,702 991,701"/>
                <Baseline points="999,736 1053,736 1107,736 1162,735 1216,734 1271,734 1325,732 1380,731 1434,730 1489,729 1543,728 1597,726 1652,725 1706,725 1761,724 1815,724 1870,724 1924,724 1979,725 2033,726 2088,728"/>
                <TextEquiv>
                    <Unicode>schleudern, daß sein — des Dichters — Leben ein</Unicode>
                </TextEquiv>
            </TextLine>
            <TextLine id="r1l15" custom="readingOrder {index:14;}">
                <Coords points="985,765 1180,794 2083,756 1837,721 985,750"/>
                <Baseline points="992,778 1046,779 1100,779 1154,779 1208,779 1263,778 1317,778 1371,777 1425,776 1479,775 1534,774 1588,773 1642,772 1696,771 1750,771 1805,770 1859,770 1913,770 1967,770 2021,771 2076,772"/>
                <TextEquiv>
                    <Unicode>Scheinleben, ein erbärmliches, niederträchtiges Leben ge¬</Unicode>
                </TextEquiv>
            </TextLine>
            <TextLine id="r1l16" custom="readingOrder {index:15;}">
                <Coords points="985,829 2090,815 2089,783 1999,773 985,790"/>
                <Baseline points="992,824 1046,823 1101,823 1155,822 1210,822 1264,821 1319,821 1373,820 1428,819 1482,819 1537,818 1592,817 1646,817 1701,816 1755,815 1810,815 1864,814 1919,813 1973,812 2028,812 2083,811"/>
                <TextEquiv>
                    <Unicode>wesen ist. Aber die Kraft fehlt dem Kranken, das alles</Unicode>
                </TextEquiv>
            </TextLine>
            <TextLine id="r1l17" custom="readingOrder {index:16;}">
                <Coords points="983,874 2090,852 2078,819 982,828"/>
                <Baseline points="989,870 1043,868 1098,867 1153,866 1207,865 1262,864 1317,864 1371,863 1426,863 1481,863 1536,862 1590,862 1645,862 1700,862 1754,861 1809,861 1864,860 1918,859 1973,858 2028,857 2083,855"/>
                <TextEquiv>
                    <Unicode>zu sagen. Das Recht der Lebenden ist stärker als das</Unicode>
                </TextEquiv>
            </TextLine>
            <TextLine id="r1l18" custom="readingOrder {index:17;}">
                <Coords points="982,913 1956,890 2041,916 2093,868 982,879"/>
                <Baseline points="989,915 1043,913 1098,912 1153,910 1208,909 1263,908 1318,908 1373,907 1428,906 1483,906 1538,905 1592,905 1647,905 1702,904 1757,904 1812,903 1867,903 1922,902 1977,901 2032,900 2087,899"/>
                <TextEquiv>
                    <Unicode>Recht der Sterbenden, und in dieser Erkenntnis bricht</Unicode>
                </TextEquiv>
            </TextLine>
            <TextLine id="r1l19" custom="readingOrder {index:18;}">
                <Coords points="980,945 1857,962 2059,953 2092,920 979,917"/>
                <Baseline points="987,955 1041,954 1096,953 1151,952 1206,951 1261,951 1316,950 1371,950 1426,950 1481,949 1536,949 1590,949 1645,949 1700,948 1755,948 1810,948 1865,947 1920,947 1975,946 2030,946 2085,945"/>
                <TextEquiv>
                    <Unicode>der Arme in die Worte aus: „Was hab ich mit ihm</Unicode>
                </TextEquiv>
            </TextLine>
            <TextLine id="r1l20" custom="readingOrder {index:19;}">
                <Coords points="985,1012 2059,1004 2083,948 984,972"/>
                <Baseline points="991,1001 1045,999 1099,998 1153,997 1208,996 1262,995 1316,994 1371,993 1425,993 1479,992 1534,992 1588,991 1642,991 1696,991 1751,990 1805,990 1859,990 1914,989 1968,989 2022,988 2077,988"/>
                <TextEquiv>
                    <Unicode>zu schaffen? Was geht mich sein Glück, was gehn mich</Unicode>
                </TextEquiv>
            </TextLine>
            <TextLine id="r1l21" custom="readingOrder {index:20;}">
                <Coords points="982,1051 2094,1027 2074,994 982,1012"/>
                <Baseline points="989,1046 1043,1045 1098,1042 1153,1041 1208,1039 1263,1038 1318,1037 1373,1036 1428,1036 1483,1035 1538,1035 1592,1035 1647,1035 1702,1034 1757,1034 1812,1034 1867,1034 1922,1033 1977,1033 2032,1032 2087,1031"/>
                <TextEquiv>
                    <Unicode>seine Sorgen an? Was hat unsereiner mit den</Unicode>
                </TextEquiv>
            </TextLine>
            <TextLine id="r1l22" custom="readingOrder {index:21;}">
                <Coords points="980,1086 2097,1076 2096,1033 980,1055"/>
                <Baseline points="987,1089 1042,1088 1097,1087 1152,1086 1207,1085 1262,1084 1317,1084 1373,1083 1428,1082 1483,1081 1538,1080 1593,1080 1648,1079 1703,1079 1759,1078 1814,1078 1869,1078 1924,1078 1979,1078 2034,1078 2090,1078"/>
                <TextEquiv>
                    <Unicode>Leuten zu schaffen, die morgen noch auf der Welt sein</Unicode>
                </TextEquiv>
            </TextLine>
            <TextLine id="r1l23" custom="readingOrder {index:22;}">
                <Coords points="992,1137 1189,1111 1325,1140 2082,1132 2081,1091 1923,1079 992,1101"/>
                <Baseline points="999,1133 1052,1131 1106,1129 1160,1128 1214,1126 1268,1126 1321,1125 1375,1124 1429,1124 1483,1124 1537,1124 1590,1124 1644,1124 1698,1123 1752,1123 1806,1123 1859,1123 1913,1123 1967,1122 2021,1122 2075,1121"/>
                <TextEquiv>
                    <Unicode>werden?“ Der letzte Einakter (Litteratur) varüiert das</Unicode>
                </TextEquiv>
            </TextLine>
            <TextLine id="r1l24" custom="readingOrder {index:23;}">
                <Coords points="1000,1176 2065,1181 2088,1127 1000,1140"/>
                <Baseline points="1008,1176 1061,1175 1115,1174 1168,1173 1222,1172 1276,1171 1329,1171 1383,1170 1437,1169 1490,1169 1544,1168 1598,1167 1651,1167 1705,1166 1759,1166 1812,1165 1866,1165 1920,1165 1973,1165 2027,1165 2081,1165"/>
                <TextEquiv>
                    <Unicode>Thema satirisch. Auch hier wird die Vergangenheit einer</Unicode>
                </TextEquiv>
            </TextLine>
            <TextLine id="r1l25" custom="readingOrder {index:24;}">
                <Coords points="990,1225 2092,1213 2091,1176 2008,1170 990,1184"/>
                <Baseline points="997,1222 1051,1220 1105,1219 1160,1217 1214,1216 1269,1215 1323,1215 1377,1214 1432,1213 1486,1213 1541,1213 1595,1212 1649,1212 1704,1212 1758,1211 1813,1211 1867,1211 1921,1210 1976,1210 2030,1210 2085,1209"/>
                <TextEquiv>
                    <Unicode>Frau durch ihre eigene Klugheit überwunden und den</Unicode>
                </TextEquiv>
            </TextLine>
            <TextLine id="r1l26" custom="readingOrder {index:25;}">
                <Coords points="998,1267 2032,1269 2082,1264 2082,1224 998,1235"/>
                <Baseline points="1005,1266 1058,1265 1112,1263 1165,1262 1219,1260 1272,1259 1326,1258 1379,1257 1433,1257 1486,1256 1540,1256 1593,1255 1647,1255 1700,1255 1754,1255 1807,1255 1861,1255 1914,1255 1968,1255 2021,1255 2075,1255"/>
                <TextEquiv>
                    <Unicode>„Lebendigen Stunden“, d. h. dem Leben der Gegenwart,</Unicode>
                </TextEquiv>
            </TextLine>
            <TextLine id="r1l27" custom="readingOrder {index:26;}">
                <Coords points="984,1322 2096,1314 2066,1260 984,1278"/>
                <Baseline points="991,1306 1045,1306 1100,1305 1155,1305 1210,1305 1265,1304 1320,1304 1375,1303 1430,1302 1485,1301 1540,1301 1594,1300 1649,1299 1704,1299 1759,1298 1814,1298 1869,1297 1924,1297 1979,1297 2034,1297 2089,1298"/>
                <TextEquiv>
                    <Unicode>das größere Recht zugesprochen, aber das alles tritt doch</Unicode>
                </TextEquiv>
            </TextLine>
            <TextLine id="r1l28" custom="readingOrder {index:27;}">
                <Coords points="986,1351 2093,1347 2092,1310 1883,1301 985,1323"/>
                <Baseline points="993,1354 1047,1352 1102,1351 1156,1350 1211,1349 1266,1348 1320,1347 1375,1346 1430,1345 1484,1345 1539,1344 1594,1344 1648,1344 1703,1343 1758,1343 1812,1343 1867,1342 1922,1342 1976,1342 2031,1341 2086,1341"/>
                <TextEquiv>
                    <Unicode>zurück hinter der scharfen Satire, die Schnitzler auf ge¬</Unicode>
                </TextEquiv>
            </TextLine>
            <TextLine id="r1l29" custom="readingOrder {index:28;}">
                <Coords points="996,1399 2099,1396 2098,1350 1917,1345 995,1367"/>
                <Baseline points="1003,1395 1057,1394 1111,1393 1166,1392 1220,1391 1275,1390 1329,1390 1384,1390 1438,1390 1493,1389 1547,1389 1601,1389 1656,1389 1710,1389 1765,1389 1819,1389 1874,1388 1928,1388 1983,1387 2037,1386 2092,1384"/>
                <TextEquiv>
                    <Unicode>wisse litterarische Kreise anwendet. Er will den Sno¬</Unicode>
                </TextEquiv>
            </TextLine>
            <TextLine id="r1l30" custom="readingOrder {index:29;}">
                <Coords points="987,1447 2055,1442 2102,1395 986,1415"/>
                <Baseline points="994,1440 1049,1439 1104,1438 1159,1437 1214,1436 1269,1436 1324,1436 1379,1435 1434,1435 1489,1435 1544,1434 1599,1434 1654,1434 1709,1434 1764,1433 1819,1433 1874,1432 1929,1432 1984,1431 2039,1430 2095,1429"/>
                <TextEquiv>
                    <Unicode>bismus in unserer Litteratur, das litterarische Raub¬</Unicode>
                </TextEquiv>
            </TextLine>
            <TextLine id="r1l31" custom="readingOrder {index:30;}">
                <Coords points="996,1495 2098,1482 2086,1434 996,1449"/>
                <Baseline points="1003,1483 1057,1482 1111,1482 1166,1481 1220,1481 1275,1480 1329,1479 1383,1478 1438,1477 1492,1476 1547,1476 1601,1475 1655,1475 1710,1474 1764,1474 1819,1473 1873,1473 1927,1474 1982,1474 2036,1475 2091,1475"/>
                <TextEquiv>
                    <Unicode>rittertum treffen, das seine nächste Umgebung ausbeutet</Unicode>
                </TextEquiv>
            </TextLine>
            <TextLine id="r1l32" custom="readingOrder {index:31;}">
                <Coords points="980,1538 1994,1531 2103,1489 979,1499"/>
                <Baseline points="987,1528 1042,1528 1097,1527 1153,1526 1208,1526 1264,1525 1319,1524 1375,1523 1430,1523 1486,1522 1541,1521 1596,1521 1652,1520 1707,1520 1763,1519 1818,1519 1874,1519 1929,1519 1985,1519 2040,1520 2096,1520"/>
                <TextEquiv>
                    <Unicode>und die intimsten Dinge, die so ein elender Strauchdieb</Unicode>
                </TextEquiv>
            </TextLine>
            <TextLine id="r1l33" custom="readingOrder {index:32;}">
                <Coords points="980,1554 1955,1582 2061,1572 2098,1530 980,1538"/>
                <Baseline points="987,1571 1042,1571 1097,1570 1152,1570 1207,1569 1263,1568 1318,1568 1373,1567 1428,1566 1483,1565 1539,1565 1594,1564 1649,1564 1704,1563 1759,1563 1815,1562 1870,1562 1925,1562 1980,1563 2035,1563 2091,1563"/>
                <TextEquiv>
                    <Unicode>einmal erlebt hat, schamlos der Oeffentlichkeit preisgiebt.</Unicode>
                </TextEquiv>
            </TextLine>
            <TextLine id="r1l34" custom="readingOrder {index:33;}">
                <Coords points="991,1623 2017,1624 2094,1608 2094,1564 991,1590"/>
                <Baseline points="998,1617 1052,1615 1107,1614 1161,1613 1216,1612 1270,1611 1325,1610 1379,1610 1434,1610 1488,1609 1543,1609 1597,1609 1652,1609 1706,1609 1761,1609 1815,1608 1870,1608 1924,1608 1979,1607 2033,1607 2088,1606"/>
                <TextEquiv>
                    <Unicode>Das ist dem Verfasser vortrifflich gelungen, und dieser</Unicode>
                </TextEquiv>
            </TextLine>
            <TextLine id="r1l35" custom="readingOrder {index:34;}">
                <Coords points="991,1665 2099,1650 1970,1609 991,1623"/>
                <Baseline points="998,1663 1052,1662 1107,1661 1162,1660 1216,1659 1271,1657 1326,1656 1380,1655 1435,1654 1490,1654 1545,1653 1599,1653 1654,1652 1709,1653 1763,1653 1818,1654 1873,1655 1927,1656 1982,1659 2037,1661 2092,1664"/>
                <TextEquiv>
                    <Unicode>Einakter wird auch überall, wo er zur Aufführung</Unicode>
                </TextEquiv>
            </TextLine>
            <TextLine id="r1l36" custom="readingOrder {index:35;}">
                <Coords points="988,1702 1533,1716 1662,1707 1690,1674 1608,1657 1538,1675 1424,1656 987,1666"/>
                <Baseline points="995,1705 1029,1703 1063,1702 1098,1702 1132,1701 1167,1700 1201,1700 1235,1700 1270,1700 1304,1699 1339,1699 1373,1699 1407,1699 1442,1699 1476,1698 1511,1698 1545,1698 1579,1697 1614,1696 1648,1696 1683,1694"/>
                <TextEquiv>
                    <Unicode>kommt, den stärksten Erfolg haben.</Unicode>
                </TextEquiv>
            </TextLine>
            <TextLine id="r1l37" custom="readingOrder {index:36;}">
                <Coords points="1033,1736 2102,1741 2090,1682 1977,1711 1033,1710"/>
                <Baseline points="1041,1743 1093,1743 1146,1744 1199,1744 1251,1744 1304,1744 1357,1744 1409,1744 1462,1744 1515,1744 1568,1744 1620,1743 1673,1743 1726,1742 1778,1741 1831,1740 1884,1739 1936,1738 1989,1737 2042,1736 2095,1734"/>
                <TextEquiv>
                    <Unicode>Die kurze Skizzierung der vier Stücke läßt zur Ge¬</Unicode>
                </TextEquiv>
            </TextLine>
            <TextLine id="r1l38" custom="readingOrder {index:37;}">
                <Coords points="987,1794 1999,1804 2093,1773 2002,1745 987,1752"/>
                <Baseline points="994,1796 1048,1794 1103,1793 1157,1792 1212,1791 1267,1791 1321,1790 1376,1789 1430,1789 1485,1788 1540,1788 1594,1787 1649,1787 1703,1787 1758,1787 1813,1786 1867,1786 1922,1786 1976,1785 2031,1785 2086,1785"/>
                <TextEquiv>
                    <Unicode>nüge die Schwierigkeiten erkennen, die ihrer Wiedergabe</Unicode>
                </TextEquiv>
            </TextLine>
            <TextLine id="r1l39" custom="readingOrder {index:38;}">
                <Coords points="991,1827 2034,1841 2094,1837 2094,1799 991,1812"/>
                <Baseline points="998,1840 1052,1838 1106,1837 1161,1836 1215,1835 1270,1835 1324,1834 1379,1834 1433,1834 1488,1834 1542,1834 1596,1834 1651,1834 1705,1834 1760,1834 1814,1833 1869,1833 1923,1832 1978,1831 2032,1830 2087,1829"/>
                <TextEquiv>
                    <Unicode>entgegenstehen. Schon an sich sind Einakter die</Unicode>
                </TextEquiv>
            </TextLine>
            <TextLine id="r1l40" custom="readingOrder {index:39;}">
                <Coords points="999,1880 1933,1891 2063,1881 2098,1840 999,1851"/>
                <Baseline points="1006,1880 1060,1879 1114,1878 1168,1877 1223,1877 1277,1876 1331,1876 1385,1876 1440,1876 1494,1876 1548,1876 1602,1877 1657,1877 1711,1877 1765,1877 1819,1877 1874,1877 1928,1877 1982,1876 2036,1876 2091,1875"/>
                <TextEquiv>
                    <Unicode>Schmerzenskinder der Bühnenleiter. „Das Publikum</Unicode>
                </TextEquiv>
            </TextLine>
            <TextLine id="r1l41" custom="readingOrder {index:40;}">
                <Coords points="986,1948 1490,1905 1538,1933 2066,1928 2105,1923 2105,1876 985,1898"/>
                <Baseline points="993,1925 1048,1925 1103,1924 1158,1924 1214,1923 1269,1923 1324,1922 1379,1922 1435,1921 1490,1921 1545,1920 1600,1920 1656,1920 1711,1920 1766,1919 1821,1919 1877,1919 1932,1919 1987,1919 2042,1919 2098,1920"/>
                <TextEquiv>
                    <Unicode>wird nicht warm dabei“ meint man, weil es, soeben</Unicode>
                </TextEquiv>
            </TextLine>
            <TextLine id="r1l42" custom="readingOrder {index:41;}">
                <Coords points="985,1972 2097,1955 2084,1919 985,1938"/>
                <Baseline points="992,1972 1046,1971 1101,1969 1156,1968 1211,1967 1266,1967 1321,1966 1376,1966 1431,1966 1486,1966 1541,1965 1595,1965 1650,1965 1705,1965 1760,1964 1815,1964 1870,1963 1925,1963 1980,1961 2035,1960 2090,1959"/>
                <TextEquiv>
                    <Unicode>erst mit einer Situation vertraut, gleich darauf in eine</Unicode>
                </TextEquiv>
            </TextLine>
            <TextLine id="r1l43" custom="readingOrder {index:42;}">
                <Coords points="990,2019 2046,2018 2094,1973 990,1983"/>
                <Baseline points="997,2014 1051,2014 1106,2013 1160,2013 1215,2012 1269,2012 1324,2011 1378,2011 1433,2010 1487,2010 1542,2009 1597,2009 1651,2009 1706,2008 1760,2008 1815,2008 1869,2007 1924,2007 1978,2007 2033,2007 2088,2007"/>
                <TextEquiv>
                    <Unicode>neue gezogen wird, die von der vorangegangenen oft</Unicode>
                </TextEquiv>
            </TextLine>
            <TextLine id="r1l44" custom="readingOrder {index:43;}">
                <Coords points="992,2053 2046,2066 2095,2056 2095,2018 992,2028"/>
                <Baseline points="999,2060 1053,2059 1108,2058 1162,2057 1217,2055 1271,2055 1326,2054 1380,2053 1435,2053 1489,2052 1544,2052 1598,2052 1653,2052 1707,2052 1762,2052 1816,2052 1871,2052 1925,2052 1980,2052 2034,2052 2089,2053"/>
                <TextEquiv>
                    <Unicode>gänzlich abweicht. Darum ist es vor allem nötig, daß</Unicode>
                </TextEquiv>
            </TextLine>
            <TextLine id="r1l45" custom="readingOrder {index:44;}">
                <Coords points="990,2115 1987,2109 2090,2068 990,2072"/>
                <Baseline points="997,2103 1051,2101 1105,2100 1160,2099 1214,2098 1268,2098 1323,2097 1377,2097 1431,2097 1486,2096 1540,2096 1594,2096 1649,2096 1703,2096 1757,2095 1812,2095 1866,2095 1920,2094 1975,2094 2029,2093 2084,2092"/>
                <TextEquiv>
                    <Unicode>die Rezie ihre ganze Kunst auswendet, um die Situ¬</Unicode>
                </TextEquiv>
            </TextLine>
            <TextLine id="r1l46" custom="readingOrder {index:45;}">
                <Coords points="988,2135 1892,2154 2097,2143 2097,2103 988,2115"/>
                <Baseline points="995,2146 1049,2145 1104,2143 1159,2143 1214,2142 1268,2141 1323,2141 1378,2141 1433,2140 1487,2140 1542,2140 1597,2140 1652,2140 1706,2140 1761,2140 1816,2141 1871,2141 1925,2141 1980,2141 2035,2141 2090,2141"/>
                <TextEquiv>
                    <Unicode>ation mit einem Schlage verständlich zu machen, daß</Unicode>
                </TextEquiv>
            </TextLine>
            <TextLine id="r1l47" custom="readingOrder {index:46;}">
                <Coords points="987,2182 1390,2209 1580,2174 2095,2181 2094,2142 987,2139"/>
                <Baseline points="994,2189 1048,2188 1103,2188 1158,2188 1212,2187 1267,2187 1322,2187 1376,2186 1431,2186 1486,2186 1541,2185 1595,2185 1650,2185 1705,2184 1759,2184 1814,2184 1869,2183 1923,2183 1978,2183 2033,2182 2088,2182"/>
                <TextEquiv>
                    <Unicode>die Darsteller gewissermaßen eine konzentrierte Kunst</Unicode>
                </TextEquiv>
            </TextLine>
            <TextLine id="r1l48" custom="readingOrder {index:47;}">
                <Coords points="987,2234 2044,2238 2095,2196 986,2190"/>
                <Baseline points="994,2234 1048,2233 1103,2232 1158,2231 1212,2230 1267,2230 1322,2230 1376,2229 1431,2229 1486,2229 1541,2229 1595,2229 1650,2228 1705,2228 1759,2228 1814,2228 1869,2228 1923,2227 1978,2227 2033,2226 2088,2226"/>
                <TextEquiv>
                    <Unicode>bieten, die sich nur an das Wesentliche hält und alles</Unicode>
                </TextEquiv>
            </TextLine>
            <TextLine id="r1l49" custom="readingOrder {index:48;}">
                <Coords points="995,2273 2094,2280 2094,2240 1979,2226 995,2237"/>
                <Baseline points="1002,2278 1056,2276 1110,2275 1164,2273 1219,2273 1273,2272 1327,2271 1382,2271 1436,2271 1490,2271 1545,2271 1599,2271 1653,2271 1707,2271 1762,2271 1816,2272 1870,2271 1925,2271 1979,2271 2033,2271 2088,2270"/>
                <TextEquiv>
                    <Unicode>Unwesentliche als retardierendes Moment ausscheidet.</Unicode>
                </TextEquiv>
            </TextLine>
            <TextLine id="r1l50" custom="readingOrder {index:49;}">
                <Coords points="995,2340 2096,2312 2095,2280 2008,2271 995,2291"/>
                <Baseline points="1002,2321 1056,2320 1110,2319 1164,2318 1219,2318 1273,2317 1327,2317 1382,2317 1436,2317 1490,2317 1545,2316 1599,2316 1653,2316 1707,2316 1762,2315 1816,2315 1870,2314 1925,2313 1979,2312 2033,2310 2088,2309"/>
                <TextEquiv>
                    <Unicode>Aber auch szenisch stellt eine Aufführung von vier Ein¬</Unicode>
                </TextEquiv>
            </TextLine>
            <TextLine id="r1l51" custom="readingOrder {index:50;}">
                <Coords points="991,2387 2054,2374 2092,2371 2092,2320 991,2321"/>
                <Baseline points="997,2362 1051,2362 1105,2361 1160,2361 1214,2361 1269,2360 1323,2360 1378,2360 1432,2360 1487,2361 1541,2361 1595,2361 1650,2361 1704,2360 1759,2360 1813,2360 1868,2359 1922,2359 1977,2358 2031,2357 2086,2355"/>
                <TextEquiv>
                    <Unicode>aktern, die in ihrem Milieu so grundverschieden sind wie</Unicode>
                </TextEquiv>
            </TextLine>
            <TextLine id="r1l52" custom="readingOrder {index:51;}">
                <Coords points="995,2405 2020,2415 2099,2408 2099,2358 995,2383"/>
                <Baseline points="1002,2408 1056,2407 1111,2406 1165,2405 1220,2405 1274,2404 1329,2404 1383,2404 1438,2404 1492,2404 1547,2404 1601,2404 1656,2405 1710,2405 1765,2405 1819,2405 1874,2404 1928,2404 1983,2404 2037,2403 2092,2402"/>
                <TextEquiv>
                    <Unicode>die Schnitzlerschen, die höchsten Ansprüche. Jeder ein¬</Unicode>
                </TextEquiv>
            </TextLine>
            <TextLine id="r1l53" custom="readingOrder {index:52;}">
                <Coords points="992,2462 2057,2460 2091,2411 992,2432"/>
                <Baseline points="999,2459 1053,2456 1107,2454 1161,2452 1216,2450 1270,2449 1324,2448 1378,2448 1433,2447 1487,2447 1541,2446 1595,2446 1650,2446 1704,2446 1758,2446 1812,2446 1867,2446 1921,2446 1975,2445 2029,2444 2084,2444"/>
                <TextEquiv>
                    <Unicode>zelne muß in seiner Szenerie genau die vom Dichter ge¬</Unicode>
                </TextEquiv>
            </TextLine>
            <TextLine id="r1l54" custom="readingOrder {index:53;}">
                <Coords points="998,2511 2103,2486 2079,2450 998,2467"/>
                <Baseline points="1005,2502 1059,2499 1114,2497 1168,2495 1223,2495 1277,2493 1332,2493 1386,2493 1441,2493 1495,2493 1550,2493 1605,2493 1659,2493 1714,2493 1768,2493 1823,2493 1877,2492 1932,2492 1986,2491 2041,2489 2096,2487"/>
                <TextEquiv>
                    <Unicode>gebene Grundstimmung widerspiegeln, damit der Zu¬</Unicode>
                </TextEquiv>
            </TextLine>
            <TextLine id="r1l55" custom="readingOrder {index:54;}">
                <Coords points="996,2537 2050,2544 2099,2499 996,2514"/>
                <Baseline points="1003,2546 1057,2544 1111,2542 1166,2540 1220,2539 1275,2538 1329,2538 1384,2537 1438,2537 1493,2537 1547,2538 1601,2538 1656,2538 1710,2538 1765,2538 1819,2538 1874,2538 1928,2537 1983,2537 2037,2536 2092,2534"/>
                <TextEquiv>
                    <Unicode>schauer auch dadurch in seiner Illusion bestärkt wird.</Unicode>
                </TextEquiv>
            </TextLine>
            <TextLine id="r1l56" custom="readingOrder {index:55;}">
                <Coords points="1003,2587 1914,2599 2061,2586 2106,2548 1002,2539"/>
                <Baseline points="1009,2583 1063,2582 1117,2582 1172,2581 1226,2581 1281,2580 1335,2580 1390,2580 1444,2579 1499,2579 1553,2579 1607,2579 1662,2579 1716,2579 1771,2579 1825,2579 1880,2579 1934,2579 1989,2579 2043,2579 2098,2579"/>
                <TextEquiv>
                    <Unicode>Am Donnerstag Abend wurde fast nach allen Richtungen</Unicode>
                </TextEquiv>
            </TextLine>
            <TextLine id="r1l57" custom="readingOrder {index:56;}">
                <Coords points="994,2613 1035,2642 1963,2639 2090,2614 2090,2579 994,2587"/>
                <Baseline points="1001,2630 1055,2630 1109,2630 1163,2630 1217,2629 1271,2629 1325,2628 1379,2628 1433,2627 1487,2627 1542,2626 1596,2625 1650,2625 1704,2624 1758,2623 1812,2622 1866,2622 1920,2621 1974,2621 2028,2620 2083,2619"/>
                <TextEquiv>
                    <Unicode>hin Vortreffliches geboten, und Herr Löwenfeld</Unicode>
                </TextEquiv>
            </TextLine>
            <TextLine id="r1l58" custom="readingOrder {index:57;}">
                <Coords points="991,2672 2070,2681 2109,2624 991,2631"/>
                <Baseline points="997,2675 1052,2674 1107,2673 1162,2672 1218,2671 1273,2670 1328,2670 1383,2669 1439,2669 1494,2668 1549,2668 1604,2668 1660,2668 1715,2668 1770,2668 1825,2668 1881,2668 1936,2668 1991,2668 2046,2667 2102,2667"/>
                <TextEquiv>
                    <Unicode>der die Reaie zu besorgen hatte, darf mit ehrlichem Stolz</Unicode>
                </TextEquiv>
            </TextLine>
            <TextLine id="r1l59" custom="readingOrder {index:58;}">
                <Coords points="992,2736 2014,2727 2101,2709 2101,2661 991,2673"/>
                <Baseline points="999,2719 1053,2717 1108,2716 1163,2715 1218,2715 1273,2714 1327,2714 1382,2713 1437,2713 1492,2713 1547,2713 1601,2713 1656,2713 1711,2712 1766,2712 1821,2712 1875,2711 1930,2711 1985,2710 2040,2709 2095,2707"/>
                <TextEquiv>
                    <Unicode>auf seine Arbeit zurückblicken. Der erste Einakter spielte</Unicode>
                </TextEquiv>
            </TextLine>
            <TextLine id="r1l60" custom="readingOrder {index:59;}">
                <Coords points="1001,2760 2100,2750 2085,2707 1001,2732"/>
                <Baseline points="1008,2761 1062,2760 1116,2760 1170,2760 1224,2759 1279,2759 1333,2758 1387,2757 1441,2757 1495,2756 1550,2756 1604,2755 1658,2755 1712,2754 1766,2754 1821,2754 1875,2754 1929,2754 1983,2754 2037,2754 2092,2755"/>
                <TextEquiv>
                    <Unicode>sich in einem lauschigen Wiener Vorstadtgarten ab, durch</Unicode>
                </TextEquiv>
            </TextLine>
            <TextLine id="r1l61" custom="readingOrder {index:60;}">
                <Coords points="993,2799 2114,2796 2010,2759 993,2766"/>
                <Baseline points="1000,2805 1055,2804 1110,2804 1166,2803 1221,2803 1277,2802 1332,2802 1387,2802 1443,2801 1498,2801 1554,2801 1609,2801 1664,2801 1720,2801 1775,2801 1831,2801 1886,2800 1941,2800 1997,2800 2052,2800 2108,2800"/>
                <TextEquiv>
                    <Unicode>dessen grüne Baumwipfel die freundliche Fassade eines</Unicode>
                </TextEquiv>
            </TextLine>
            <TextLine id="r1l62" custom="readingOrder {index:61;}">
                <Coords points="993,2852 2078,2855 2107,2807 993,2820"/>
                <Baseline points="1000,2846 1055,2846 1110,2846 1165,2845 1220,2845 1275,2845 1330,2845 1385,2845 1440,2845 1495,2844 1550,2844 1605,2844 1660,2844 1715,2843 1770,2843 1825,2843 1880,2842 1935,2842 1990,2841 2045,2840 2100,2840"/>
                <TextEquiv>
                    <Unicode>Landhauses blickte. Herr Baron gab den pensionierten</Unicode>
                </TextEquiv>
            </TextLine>
            <TextLine id="r1l63" custom="readingOrder {index:62;}">
                <Coords points="996,2883 2110,2896 2095,2850 996,2853"/>
                <Baseline points="1003,2884 1058,2883 1113,2882 1168,2882 1223,2881 1278,2881 1333,2881 1388,2881 1443,2881 1498,2882 1553,2882 1608,2883 1663,2883 1718,2884 1773,2884 1828,2885 1883,2886 1938,2886 1993,2887 2048,2887 2103,2888"/>
                <TextEquiv>
                    <Unicode>Beamten Hausdorfer im Stil eines müden, mit dem</Unicode>
                </TextEquiv>
            </TextLine>
            <TextLine id="r1l64" custom="readingOrder {index:63;}">
                <Coords points="1001,2926 2100,2934 2083,2888 1001,2895"/>
                <Baseline points="1007,2927 1061,2926 1115,2926 1169,2925 1224,2925 1278,2925 1332,2925 1387,2924 1441,2924 1495,2924 1550,2924 1604,2925 1658,2925 1712,2925 1767,2926 1821,2926 1875,2927 1930,2928 1984,2929 2038,2930 2093,2932"/>
                <TextEquiv>
                    <Unicode>Leben ziemlich fertigen Mannes und wußte namentlich</Unicode>
                </TextEquiv>
            </TextLine>
            <TextLine id="r1l65" custom="readingOrder {index:64;}">
                <Coords points="995,2969 2092,2984 2063,2931 995,2931"/>
                <Baseline points="1001,2969 1055,2968 1109,2968 1163,2967 1217,2967 1272,2967 1326,2967 1380,2967 1434,2967 1488,2967 1543,2968 1597,2968 1651,2968 1705,2969 1759,2969 1814,2970 1868,2970 1922,2970 1976,2971 2030,2971 2085,2972"/>
                <TextEquiv>
                    <Unicode>durch seinen verhaltenen Groll, den er der Jugend ent¬</Unicode>
                </TextEquiv>
            </TextLine>
            <TextLine id="r1l66" custom="readingOrder {index:65;}">
                <Coords points="997,3003 1817,3028 1883,3001 2007,3030 2098,3026 2099,2983 997,2979"/>
                <Baseline points="1004,3013 1058,3013 1112,3013 1167,3012 1221,3012 1276,3012 1330,3012 1384,3013 1439,3013 1493,3013 1548,3013 1602,3013 1656,3014 1711,3014 1765,3014 1820,3015 1874,3015 1928,3015 1983,3015 2037,3015 2092,3015"/>
                <TextEquiv>
                    <Unicode>aegenbrachte, zu fesseln. Nicht minder gut war Herr</Unicode>
                </TextEquiv>
            </TextLine>
            <TextLine id="r1l67" custom="readingOrder {index:66;}">
                <Coords points="996,3054 2106,3066 2106,3026 2058,3018 996,3025"/>
                <Baseline points="1003,3056 1057,3055 1112,3055 1167,3055 1222,3055 1277,3054 1331,3054 1386,3054 1441,3053 1496,3053 1551,3053 1605,3053 1660,3053 1715,3054 1770,3054 1825,3055 1879,3056 1934,3058 1989,3059 2044,3062 2099,3064"/>
                <TextEquiv>
                    <Unicode>Teuber als junger Schriftsteller Erlieh der Gestalt trotz</Unicode>
                </TextEquiv>
            </TextLine>
            <TextLine id="r1l68" custom="readingOrder {index:67;}">
                <Coords points="998,3093 2109,3095 2109,3066 2005,3061 998,3062"/>
                <Baseline points="1005,3101 1059,3101 1114,3100 1169,3100 1224,3100 1279,3099 1334,3099 1389,3098 1444,3098 1499,3098 1554,3098 1608,3098 1663,3098 1718,3098 1773,3098 1828,3098 1883,3099 1938,3100 1993,3100 2048,3101 2103,3103"/>
                <TextEquiv>
                    <Unicode>ihrer Jugend einen schönen männlichen Ernst, der seinen</Unicode>
                </TextEquiv>
            </TextLine>
            <TextLine id="r1l69" custom="readingOrder {index:68;}">
                <Coords points="998,3129 2114,3144 1975,3106 998,3118"/>
                <Baseline points="1005,3147 1060,3146 1115,3146 1170,3146 1225,3146 1280,3146 1335,3146 1390,3146 1445,3146 1500,3146 1555,3146 1610,3146 1665,3147 1720,3147 1775,3147 1830,3147 1885,3147 1940,3147 1995,3147 2050,3147 2106,3147"/>
                <TextEquiv>
                    <Unicode>Entschluß, dem Leben seine ganze Kraft zu widmen,</Unicode>
                </TextEquiv>
            </TextLine>
            <TextLine id="r1l70" custom="readingOrder {index:69;}">
                <Coords points="1006,3202 2045,3205 2109,3176 1723,3141 1006,3155"/>
                <Baseline points="1013,3194 1067,3192 1121,3190 1176,3188 1230,3187 1285,3187 1339,3186 1394,3186 1448,3187 1503,3187 1557,3188 1611,3188 1666,3189 1720,3190 1775,3190 1829,3191 1884,3191 1938,3191 1993,3191 2047,3191 2102,3190"/>
                <TextEquiv>
                    <Unicode>glaubwürdig machte. Die Bildergallerie im zweiten Ein¬</Unicode>
                </TextEquiv>
            </TextLine>
            <TextLine id="r1l71" custom="readingOrder {index:70;}">
                <Coords points="1002,3227 2108,3231 2095,3198 1002,3201"/>
                <Baseline points="1009,3234 1063,3232 1118,3230 1172,3229 1227,3229 1281,3228 1336,3229 1390,3229 1445,3230 1499,3230 1554,3231 1609,3232 1663,3233 1718,3234 1772,3235 1827,3235 1881,3236 1936,3236 1990,3235 2045,3235 2100,3233"/>
                <TextEquiv>
                    <Unicode>akter hätte einige bessere Bilder vertragen, dagegen war</Unicode>
                </TextEquiv>
            </TextLine>
            <TextLine id="r1l72" custom="readingOrder {index:71;}">
                <Coords points="998,3265 1816,3293 2045,3289 2109,3249 999,3240"/>
                <Baseline points="1006,3277 1060,3276 1115,3276 1170,3275 1225,3275 1280,3275 1334,3275 1389,3276 1444,3276 1499,3277 1554,3277 1608,3278 1663,3278 1718,3279 1773,3279 1828,3279 1882,3279 1937,3278 1992,3278 2047,3277 2102,3276"/>
                <TextEquiv>
                    <Unicode>die Idee, die Vision der jungen Frau auf einer Hinter¬</Unicode>
                </TextEquiv>
            </TextLine>
            <TextLine id="r1l73" custom="readingOrder {index:72;}">
                <Coords points="1007,3327 2029,3339 2104,3333 2105,3291 1007,3284"/>
                <Baseline points="1014,3326 1068,3324 1122,3322 1176,3321 1230,3320 1285,3320 1339,3320 1393,3320 1447,3320 1501,3321 1556,3322 1610,3322 1664,3323 1718,3324 1772,3324 1827,3325 1881,3325 1935,3325 1989,3325 2043,3325 2098,3324"/>
                <TextEquiv>
                    <Unicode>bühne darzustellen, originell und wirksam. Das Orgel¬</Unicode>
                </TextEquiv>
            </TextLine>
            <TextLine id="r1l74" custom="readingOrder {index:73;}">
                <Coords points="996,3374 2119,3380 2119,3334 1948,3319 996,3332"/>
                <Baseline points="1003,3369 1058,3368 1113,3367 1169,3366 1224,3366 1280,3366 1335,3365 1391,3365 1446,3365 1502,3365 1557,3365 1612,3366 1668,3366 1723,3366 1779,3367 1834,3367 1890,3368 1945,3368 2001,3369 2056,3369 2112,3370"/>
                <TextEquiv>
                    <Unicode>spiel während der Zwischenverwandlung sollte in Zukunft</Unicode>
                </TextEquiv>
            </TextLine>
            <TextLine id="r1l75" custom="readingOrder {index:74;}">
                <Coords points="992,3399 1395,3427 2115,3399 2079,3371 992,3377"/>
                <Baseline points="999,3414 1054,3412 1109,3412 1165,3411 1220,3410 1276,3410 1331,3409 1387,3409 1442,3409 1498,3409 1553,3409 1608,3409 1664,3409 1719,3410 1775,3410 1830,3411 1886,3411 1941,3412 1997,3413 2052,3413 2108,3414"/>
                <TextEquiv>
                    <Unicode>fortbleiben; empfehlenswert wäre dafür ein sanftes</Unicode>
                </TextEquiv>
            </TextLine>
            <TextLine id="r1l76" custom="readingOrder {index:75;}">
                <Coords points="1008,3442 1281,3472 2107,3446 2055,3417 1008,3413"/>
                <Baseline points="1015,3456 1069,3455 1123,3454 1177,3453 1232,3453 1286,3453 1340,3452 1394,3453 1449,3453 1503,3453 1557,3454 1611,3454 1666,3454 1720,3455 1774,3455 1828,3455 1883,3455 1937,3455 1991,3455 2045,3454 2100,3453"/>
                <TextEquiv>
                    <Unicode>Glockenläuten, was um so angebrachter ist, als die Mit¬</Unicode>
                </TextEquiv>
            </TextLine>
            <TextLine id="r1l77" custom="readingOrder {index:76;}">
                <Coords points="998,3495 2109,3498 2035,3460 998,3467"/>
                <Baseline points="1004,3498 1058,3498 1113,3498 1168,3498 1223,3498 1278,3498 1333,3498 1388,3498 1443,3498 1498,3499 1553,3499 1607,3499 1662,3499 1717,3499 1772,3499 1827,3499 1882,3499 1937,3499 1992,3499 2047,3499 2102,3498"/>
                <TextEquiv>
                    <Unicode>tagsstunde, in der der Vorgang sich abspielt, an vielen</Unicode>
                </TextEquiv>
            </TextLine>
            <TextLine id="r1l78" custom="readingOrder {index:77;}">
                <Coords points="1008,3542 2057,3557 2107,3507 1008,3512"/>
                <Baseline points="1016,3540 1070,3540 1124,3540 1178,3540 1232,3540 1287,3540 1341,3540 1395,3541 1449,3541 1503,3541 1558,3541 1612,3542 1666,3542 1720,3542 1774,3542 1829,3542 1883,3542 1937,3541 1991,3541 2045,3540 2100,3539"/>
                <TextEquiv>
                    <Unicode>Orten durch Glockenläuten angezeigt wird. Um die Auf¬</Unicode>
                </TextEquiv>
            </TextLine>
            <TextLine id="r1l79" custom="readingOrder {index:78;}">
                <Coords points="1008,3581 1924,3606 2098,3577 2078,3545 1008,3542"/>
                <Baseline points="1015,3587 1068,3586 1122,3586 1176,3586 1230,3586 1284,3586 1337,3586 1391,3586 1445,3586 1499,3586 1553,3586 1606,3586 1660,3586 1714,3586 1768,3586 1822,3586 1875,3586 1929,3586 1983,3586 2037,3586 2091,3586"/>
                <TextEquiv>
                    <Unicode>führung machten sich die Herren Böhm (Leonhard) und</Unicode>
                </TextEquiv>
            </TextLine>
            <TextLine id="r1l80" custom="readingOrder {index:79;}">
                <Coords points="1018,3641 1987,3645 2095,3637 2110,3596 1018,3598"/>
                <Baseline points="1025,3626 1081,3628 1138,3629 1195,3630 1252,3630 1308,3631 1365,3631 1422,3631 1479,3631 1536,3631 1592,3631 1649,3631 1706,3630 1763,3630 1820,3630 1876,3629 1933,3629 1990,3629 2047,3629 2104,3629"/>
                <TextEquiv>
                    <Unicode>Grunwald (Remigio), sowie Frl. Riemer (Pau¬</Unicode>
                </TextEquiv>
            </TextLine>
            <TextLine id="r1l81" custom="readingOrder {index:80;}">
                <Coords points="1017,3678 2068,3688 2109,3633 1017,3643"/>
                <Baseline points="1023,3670 1076,3671 1130,3672 1184,3673 1238,3674 1292,3674 1346,3675 1400,3675 1454,3675 1508,3675 1562,3675 1615,3675 1669,3675 1723,3675 1777,3674 1831,3674 1885,3674 1939,3673 1993,3673 2047,3673 2101,3672"/>
                <TextEquiv>
                    <Unicode>line) verdient. Der dritte Einakter gewährte einen Blick</Unicode>
                </TextEquiv>
            </TextLine>
            <TextLine id="r1l82" custom="readingOrder {index:81;}">
                <Coords points="1011,3722 2100,3722 2081,3680 1011,3681"/>
                <Baseline points="1018,3717 1071,3717 1125,3717 1179,3717 1233,3717 1286,3717 1340,3718 1394,3718 1448,3718 1501,3719 1555,3719 1609,3720 1663,3720 1716,3720 1770,3720 1824,3720 1878,3719 1931,3719 1985,3718 2039,3717 2093,3715"/>
                <TextEquiv>
                    <Unicode>in das Krankenzimmer eines Wiener Hospitals. Herr</Unicode>
                </TextEquiv>
            </TextLine>
            <TextLine id="r1l83" custom="readingOrder {index:82;}">
                <Coords points="1004,3760 2060,3779 2113,3751 1004,3728"/>
                <Baseline points="1011,3761 1065,3761 1120,3762 1175,3762 1230,3763 1284,3763 1339,3763 1394,3763 1449,3763 1503,3762 1558,3762 1613,3762 1668,3761 1722,3761 1777,3761 1832,3760 1887,3760 1941,3760 1996,3759 2051,3759 2106,3759"/>
                <TextEquiv>
                    <Unicode>Baron gab den sterbenden Journalisten mit bewunder¬</Unicode>
                </TextEquiv>
            </TextLine>
            <TextLine id="r1l84" custom="readingOrder {index:83;}">
                <Coords points="1008,3799 2111,3803 2111,3766 1008,3765"/>
                <Baseline points="1015,3804 1069,3805 1123,3805 1178,3806 1232,3806 1287,3806 1341,3806 1396,3807 1450,3807 1505,3807 1559,3807 1613,3807 1668,3807 1722,3807 1777,3807 1831,3807 1886,3807 1940,3807 1995,3807 2049,3808 2104,3808"/>
                <TextEquiv>
                    <Unicode>ungswerter Charakteristik, Herr Teuber stattete den</Unicode>
                </TextEquiv>
            </TextLine>
            <TextLine id="r1l85" custom="readingOrder {index:84;}">
                <Coords points="1012,3853 2115,3852 2025,3809 1012,3818"/>
                <Baseline points="1018,3852 1072,3851 1127,3851 1181,3851 1236,3850 1290,3850 1345,3850 1399,3850 1454,3850 1508,3850 1563,3850 1617,3851 1672,3851 1726,3851 1781,3851 1835,3851 1890,3852 1944,3852 1999,3852 2053,3852 2108,3852"/>
                <TextEquiv>
                    <Unicode>phthisischen Schauspieler, der noch am Rande des Grabes</Unicode>
                </TextEquiv>
            </TextLine>
            <TextLine id="r1l86" custom="readingOrder {index:85;}">
                <Coords points="1012,3899 1987,3914 2090,3899 2107,3850 1012,3860"/>
                <Baseline points="1019,3896 1073,3896 1127,3895 1181,3894 1235,3893 1289,3893 1343,3893 1397,3892 1451,3892 1505,3892 1559,3892 1613,3892 1667,3892 1721,3892 1775,3893 1829,3893 1883,3894 1937,3894 1991,3895 2045,3895 2100,3896"/>
                <TextEquiv>
                    <Unicode>seinen Humor sprühen läßt, mit einer Reihe fein beobachteter</Unicode>
                </TextEquiv>
            </TextLine>
            <TextLine id="r1l87" custom="readingOrder {index:86;}">
                <Coords points="1010,3939 2109,3943 2087,3900 1010,3900"/>
                <Baseline points="1017,3937 1071,3937 1125,3937 1179,3938 1234,3938 1288,3938 1342,3938 1396,3938 1451,3938 1505,3938 1559,3939 1613,3939 1668,3939 1722,3939 1776,3939 1830,3940 1885,3940 1939,3940 1993,3941 2047,3941 2102,3942"/>
                <TextEquiv>
                    <Unicode>Züge aus, Herr Herzfeld spielte den glückgesegneten</Unicode>
                </TextEquiv>
            </TextLine>
            <TextLine id="r1l88" custom="readingOrder {index:87;}">
                <Coords points="1020,3980 2102,3997 2102,3948 2070,3944 1020,3943"/>
                <Baseline points="1027,3978 1080,3980 1133,3981 1187,3981 1240,3982 1294,3982 1347,3982 1400,3982 1454,3982 1507,3982 1561,3982 1614,3982 1667,3982 1721,3982 1774,3982 1828,3983 1881,3983 1934,3984 1988,3985 2041,3987 2095,3988"/>
                <TextEquiv>
                    <Unicode>Weihgast in seiner ganzen lächerlichen Hohlheit, und auch</Unicode>
                </TextEquiv>
            </TextLine>
            <TextLine id="r1l89" custom="readingOrder {index:88;}">
                <Coords points="1017,4021 1979,4043 2098,3995 1017,3992"/>
                <Baseline points="1023,4024 1076,4024 1129,4024 1183,4024 1236,4025 1290,4025 1343,4026 1396,4026 1450,4026 1503,4027 1557,4027 1610,4027 1663,4028 1717,4028 1770,4028 1824,4028 1877,4028 1930,4028 1984,4027 2037,4027 2091,4026"/>
                <TextEquiv>
                    <Unicode>die übrigen Mitwirkenden fügten sich dem Ensemble vor¬</Unicode>
                </TextEquiv>
            </TextLine>
            <TextLine id="r1l90" custom="readingOrder {index:89;}">
                <Coords points="1010,4082 2102,4073 2010,4034 1010,4037"/>
                <Baseline points="1017,4070 1070,4070 1124,4070 1178,4070 1232,4070 1286,4070 1340,4070 1394,4070 1448,4070 1502,4071 1556,4071 1609,4071 1663,4071 1717,4071 1771,4072 1825,4072 1879,4072 1933,4072 1987,4073 2041,4073 2095,4073"/>
                <TextEquiv>
                    <Unicode>trefflich ein. Im letzten Einakter überraschte Frl. Ra¬</Unicode>
                </TextEquiv>
            </TextLine>
            <TextLine id="r1l91" custom="readingOrder {index:90;}">
                <Coords points="1015,4118 2105,4126 2105,4073 1015,4078"/>
                <Baseline points="1022,4113 1075,4113 1129,4114 1183,4114 1237,4114 1291,4114 1344,4114 1398,4114 1452,4114 1506,4114 1560,4114 1613,4114 1667,4114 1721,4114 1775,4114 1829,4113 1882,4114 1936,4114 1990,4114 2044,4114 2098,4115"/>
                <TextEquiv>
                    <Unicode>damsky (Margarete) durch ihr temperamentvolles und</Unicode>
                </TextEquiv>
            </TextLine>
            <TextLine id="r1l92" custom="readingOrder {index:91;}">
                <Coords points="1016,4158 2101,4153 2084,4122 1016,4121"/>
                <Baseline points="1023,4156 1076,4156 1130,4156 1183,4157 1237,4157 1290,4157 1344,4157 1397,4157 1451,4158 1504,4158 1558,4158 1612,4158 1665,4159 1719,4159 1772,4159 1826,4159 1879,4159 1933,4159 1986,4159 2040,4159 2094,4159"/>
                <TextEquiv>
                    <Unicode>doch stets vornehmes Spiel auf das angenehmste; Herr</Unicode>
                </TextEquiv>
            </TextLine>
            <TextLine id="r1l93" custom="readingOrder {index:92;}">
                <Coords points="1274,4188 2041,4210 2124,4166 1274,4171"/>
                <Baseline points="1281,4203 1322,4202 1364,4202 1406,4201 1448,4201 1489,4201 1531,4202 1573,4202 1615,4202 1656,4203 1698,4203 1740,4204 1782,4204 1823,4205 1865,4205 1907,4205 1949,4205 1990,4205 2032,4205 2074,4205 2116,4204"/>
                <TextEquiv>
                    <Unicode>###n vornehmen Edelmann und Herr Grun¬</Unicode>
                </TextEquiv>
            </TextLine>
            <TextEquiv>
                <Unicode>vermischt und dadurch die ganze Situation unklar und
unverständlich gemacht. Jene Frau, welche in der er¬
wähnten Vision ihr eigenes Schicksal erlebt, steht erst
am Anfang ihrer Schuld, aber sie wird diese Schuld auf
sich laden und dann — so darf man wohl annehmen —
in demselben Sinne handeln wie ihr traumhaftes zweites
Ich. Im dritten Einakter (Die letzten Maskea) liegt
In einem Wiener
die Situation bedeutend klarer.
Krankenhause soll es zwischen einem sterbenden Journa¬
listen und einem im rauschenden Leben stehenden Dichter
zur letzten Aussprache kommen. Der Sterbende will
Rache an dem Lebenden nehmen und ihm ins Gesicht
schleudern, daß sein — des Dichters — Leben ein
Scheinleben, ein erbärmliches, niederträchtiges Leben ge¬
wesen ist. Aber die Kraft fehlt dem Kranken, das alles
zu sagen. Das Recht der Lebenden ist stärker als das
Recht der Sterbenden, und in dieser Erkenntnis bricht
der Arme in die Worte aus: „Was hab ich mit ihm
zu schaffen? Was geht mich sein Glück, was gehn mich
seine Sorgen an? Was hat unsereiner mit den
Leuten zu schaffen, die morgen noch auf der Welt sein
werden?“ Der letzte Einakter (Litteratur) varüiert das
Thema satirisch. Auch hier wird die Vergangenheit einer
Frau durch ihre eigene Klugheit überwunden und den
„Lebendigen Stunden“, d. h. dem Leben der Gegenwart,
das größere Recht zugesprochen, aber das alles tritt doch
zurück hinter der scharfen Satire, die Schnitzler auf ge¬
wisse litterarische Kreise anwendet. Er will den Sno¬
bismus in unserer Litteratur, das litterarische Raub¬
rittertum treffen, das seine nächste Umgebung ausbeutet
und die intimsten Dinge, die so ein elender Strauchdieb
einmal erlebt hat, schamlos der Oeffentlichkeit preisgiebt.
Das ist dem Verfasser vortrifflich gelungen, und dieser
Einakter wird auch überall, wo er zur Aufführung
kommt, den stärksten Erfolg haben.
Die kurze Skizzierung der vier Stücke läßt zur Ge¬
nüge die Schwierigkeiten erkennen, die ihrer Wiedergabe
entgegenstehen. Schon an sich sind Einakter die
Schmerzenskinder der Bühnenleiter. „Das Publikum
wird nicht warm dabei“ meint man, weil es, soeben
erst mit einer Situation vertraut, gleich darauf in eine
neue gezogen wird, die von der vorangegangenen oft
gänzlich abweicht. Darum ist es vor allem nötig, daß
die Rezie ihre ganze Kunst auswendet, um die Situ¬
ation mit einem Schlage verständlich zu machen, daß
die Darsteller gewissermaßen eine konzentrierte Kunst
bieten, die sich nur an das Wesentliche hält und alles
Unwesentliche als retardierendes Moment ausscheidet.
Aber auch szenisch stellt eine Aufführung von vier Ein¬
aktern, die in ihrem Milieu so grundverschieden sind wie
die Schnitzlerschen, die höchsten Ansprüche. Jeder ein¬
zelne muß in seiner Szenerie genau die vom Dichter ge¬
gebene Grundstimmung widerspiegeln, damit der Zu¬
schauer auch dadurch in seiner Illusion bestärkt wird.
Am Donnerstag Abend wurde fast nach allen Richtungen
hin Vortreffliches geboten, und Herr Löwenfeld
der die Reaie zu besorgen hatte, darf mit ehrlichem Stolz
auf seine Arbeit zurückblicken. Der erste Einakter spielte
sich in einem lauschigen Wiener Vorstadtgarten ab, durch
dessen grüne Baumwipfel die freundliche Fassade eines
Landhauses blickte. Herr Baron gab den pensionierten
Beamten Hausdorfer im Stil eines müden, mit dem
Leben ziemlich fertigen Mannes und wußte namentlich
durch seinen verhaltenen Groll, den er der Jugend ent¬
aegenbrachte, zu fesseln. Nicht minder gut war Herr
Teuber als junger Schriftsteller Erlieh der Gestalt trotz
ihrer Jugend einen schönen männlichen Ernst, der seinen
Entschluß, dem Leben seine ganze Kraft zu widmen,
glaubwürdig machte. Die Bildergallerie im zweiten Ein¬
akter hätte einige bessere Bilder vertragen, dagegen war
die Idee, die Vision der jungen Frau auf einer Hinter¬
bühne darzustellen, originell und wirksam. Das Orgel¬
spiel während der Zwischenverwandlung sollte in Zukunft
fortbleiben; empfehlenswert wäre dafür ein sanftes
Glockenläuten, was um so angebrachter ist, als die Mit¬
tagsstunde, in der der Vorgang sich abspielt, an vielen
Orten durch Glockenläuten angezeigt wird. Um die Auf¬
führung machten sich die Herren Böhm (Leonhard) und
Grunwald (Remigio), sowie Frl. Riemer (Pau¬
line) verdient. Der dritte Einakter gewährte einen Blick
in das Krankenzimmer eines Wiener Hospitals. Herr
Baron gab den sterbenden Journalisten mit bewunder¬
ungswerter Charakteristik, Herr Teuber stattete den
phthisischen Schauspieler, der noch am Rande des Grabes
seinen Humor sprühen läßt, mit einer Reihe fein beobachteter
Züge aus, Herr Herzfeld spielte den glückgesegneten
Weihgast in seiner ganzen lächerlichen Hohlheit, und auch
die übrigen Mitwirkenden fügten sich dem Ensemble vor¬
trefflich ein. Im letzten Einakter überraschte Frl. Ra¬
damsky (Margarete) durch ihr temperamentvolles und
doch stets vornehmes Spiel auf das angenehmste; Herr
###n vornehmen Edelmann und Herr Grun¬</Unicode>
            </TextEquiv>
        </TextRegion>
    </Page>
</PcGts>
