3484 4256
1253 166 1358 227 un
318 144 1998 275 16.1. Lebendige Stunden zuklus
2123 164 2596 264 box 21/3
1016 492 1498 602 Telephon 12801.
643 588 1880 696 Alex. Weigl’s Unternehmen für Zeitungs-Ausschnitte
1630 680 1881 759 Ausschuitt
846 684 1602 803 „OBSERYER“
1675 734 1962 832 Nr. 33
511 772 1990 894 L. österr. behördl. conc. Bureau für Zeitungsberichte u. Personalnachrichten
730 849 1779 955 Wien, IX/1, Tüinkenstrasse 12.
915 928 1573 1007 — Filiale in B.dapest: „Figyelö“ —
511 987 1960 1088 Vertretungen in Berlin, Chicago, Genf, London, Newyork, Paris, Rom, Stockholm.
499 1100 1042 1210 Ausschnitt aus:
1063 1167 1805 1340 Pester Lloyd
501 1247 720 1345 vom:
668 1316 1031 1437 0187 90 7
1814 1701 3385 1815 eine abendliche Stimmungsszeue ohne eigentliche Pointe, eine Art Pzeburt d# #ire P
889 1705 1508 1868 Feuilleton.
1821 1782 3063 1854 dialogisirter Entschuldigungsgrund für die drei folgenden Einakter.
3044 1797 3391 1871 Aute alt. 1 Ne 3
1813 1817 3044 1895 In allen dienen erlebte, lebendige Siunden als Rohstoff für
3052 1846 3389 1918 elung der nömi
1820 1882 2316 1949 formanden Künstlertrieb.
3043 1895 3349 1968 etellt musde
736 1879 1649 1987 Berliner in Wien.
1931 1928 3395 2014 In dem Stücke: „Die Frau mit dem Dolche“ wird das Motiv d gelenas dem S##
565 1953 1807 2048 (Gastspiel des „Deutschen Theaters“. — „Lebendige Stunden“, vier
1809 1951 3044 2052 isogar zweimal bearbeitet. In einer Bildergalerie hängt ein alt¬
3088 1996 3370 2061 en gut vor Hu
859 2012 1536 2084 Einakter von Arthur Schnitzler.)
472 1987 606 2079 Für
1827 2029 3374 2100 italienisches Bild von unbekanntem Meister, Datum etwa 1030. Es Kenuissangr so n
1420 2051 1782 2136 Wien, 6. Mai.
1818 2086 3372 2161 stellt eine schöne Frau mit gezücktem Dolche vor, die seitwärts auf den ##ückes waren
666 2089 1811 2174 L. H—I. Das Ensemble des Berliner „Deutschen Theaters“ hat
1817 2117 3382 2210 Boden niederstarrt. Bei dem Bilde haben Pauline und Leonhard ###twachsen, obwob
572 2172 1807 2233 gestern im Carl=Theater ein Gastspiel eröffnet und gleich einen großen
483 2149 592 2239 2
1813 2176 3058 2254 ein Rendezuous. Pauline ist mit einem Dichter verheiratbet, der mit
3043 2192 3381 2258 jed nortrestlich,
562 2207 1807 2267 Erfolg gehabt. Es brachte eine richtige Wiener Première, nämlich die
1810 2213 3045 2310 der Offenherzigkeit eines D'Annunzio sein Verhältniß zu ihr auf der
3038 2230 3391 2311 Zir larbige Pum
462 2261 1814 2339 Abon neue Tetralogie unseres Schnitzler, der seit dem spießigen Briefwechsel
1811 2277 3052 2357 Bühne behandelt. Die ganze Welt spricht davon. Er verwerthet die
3035 2287 3345 2353 ##stände, die
464 2309 1799 2380 Abon mit Direktor Schlenther, wegen des „Schleiers der Beatrice“, mit dem
1810 2328 3045 2380 llebendigen Stunden, die sie ihm geschenkt, und sie glaubt, das sei ihre
561 2361 1803 2431 Burgtheater überworfen ist. Den Schaden davon haben Beide, Direktor
1806 2377 3051 2438 Bestimmung. Oder sie redet sich's nur ein, wie so manches Andere
3170 2387 3252 2451 1
569 2405 1807 2466 Brahm aber kann, wenn er nichts Dringenderes zu thun hat, sich ins
462 2410 588 2479 Inha
1811 2423 3053 2492 sauch. Sie findet z. B., daß die Frau mit dem Dolche ihr eigenes
3037 2438 3176 2503 Zichse
460 2463 1799 2529 b1 à Fäusichen lachen. „Lebendige Stunden“ ist hochinteressant, zum Theil
1811 2467 3046 2546 Porträt sein könnte. Sie hat das Gefühl, als habe sie schon im Jahre
3029 2484 3121 2545 E#rg
464 2505 1803 2594 wodt ganz hervorragend, der äußere Ersolg war rauschend, und zwar beim
1800 2509 3049 2585 1530 gelebt und damals ihren Liebhaber Lionardo erdolcht, damit
454 2534 1387 2636 Lebe schönsten Publikum, das Wien zu stellen hat.
1811 2567 3035 2632 dieser ihren Gatten, den berühmten Maler Remigio nicht er¬
462 2578 605 2651 theil
674 2594 1795 2677 Der Grundgedanke der vier Einakter ist in dem ersten Stückchen
1808 2616 3039 2690 dolchen könne. Und sie sieht den Erdolchten sogar deutlich
3031 2631 3135 2699 113
570 2638 1804 2714 („Lebendige Stunden“) entwickelt, wenn auch etwas zu dunkel für das
1797 2650 3048 2758 im Bilde zu Füßen der Dame liegen. Sie ist so visionär.
561 2710 1809 2780 an Ausdrücklichkeit gewöhnte Theaterpublikum. Die Mutter eines
1807 2720 3118 2798 Sie hat plötzlich eine ganze Halluzination der Mordszene, wie sie um 11#
566 2761 1798 2827 jungen Dichters, seit Jahren schwer leidend, vergiftet sich insgeheim,
1799 2754 3041 2840 das Jahr 1530 sich zugetragen. Und diese hypnotische Vision wird
553 2808 1798 2866 um ihrem Sohne durch ihr Leiden nicht länger Stimmung und Kraft
1795 2816 3033 2888 auf der Bühne thatsächlich aufgeführt, bei verwandelter Szenerie und
554 2854 1796 2924 zur Arbeit zu rauben. Ihr alter Freund macht dem jungen Manne
1791 2862 3033 2950 verwandeltem Kostüm, in jambischen Versen. Man sieht Remigio
562 2902 1800 2961 Vorwürse darüber. Eine einzige lebendige Stunde, die sie etwa noch
1797 2914 3035 2992 zurückkehren und Lionardo=Leonhard von Paola=Pauline erdolchen.
3017 2909 3114 2989 112
569 2958 1797 3022 hier in seinem Garten verbringen könnte, wäre mehr werth als alle
1794 2959 3035 3040 Und was thut Remigio? Er behandelt den Vorfall sofort als „Motiv“,
554 2999 1806 3067 seine noch so genialen Zukunftswerke. Er werde das „abschütteln“ und
1801 3011 3036 3084 als lebendige Stunde, und seine Frau muß mit dem Dolch in der Hand
554 3048 1795 3116 wohlgemuth we##erdichten. Das ganze Künstlervolk sei ja nicht anders.
1802 3067 3030 3131 als Modell stehen bleiben, bis er das angefangene Bild so vollendet hat.
555 3093 1808 3167 Und Sie werden auch weiterleben und Ihren Garten, in dem die
1910 3116 2784 3172 War dies der Sinn? Ist mein Gebet erhört,
555 3139 1814 3205 Freundin nicht mehr sitzen wird, weiterpflegen, antwortet der
1914 3161 2798 3240 Daß für mein Bildniß mir Erleuchtung werde?
561 3195 1799 3264 Dichter. Da stehen zwei Egoismen einander gegenüber und der
1908 3204 2339 3278 Ja, so vollend' ich's!“
565 3246 1792 3313 bürgerliche wirft dem poetischen das Nämliche vor, was er selbst in seiner
1794 3231 3032 3323 Es ist immer und zu allen Zeiten der nämliche Prozeß; dem Künstler
559 3288 1793 3363 Weise auch thut. Der pensionirte Beamte begreift nicht, daß ein Dichter,
1795 3309 3029 3378 gestaltet sich das Erlebniß sofort zum Kunstwerk. Und als die
559 3348 1787 3411 sobald die Störung vorüber, wieder dichtet. Daß einer seiner
1799 3353 3016 3416 Hypnose vorüber ist, ergibt sich Pauline dem Werben Leonhard's.
557 3395 1792 3451 Freunde, ein Musiker, während sein Büblein im Zimmer aufgebahrt
1788 3396 3026 3468 Es scheint, daß sie es bereits satt ist, immer wiedergeboren zu werden,
549 3438 1790 3502 lag, am Klavier eine Melodie probirte („für den Buben“), die ihm
1796 3440 3017 3514 um immer einem anderen Dichter oder Künstler als lebendige Stunde
565 3496 1797 3556 soeben eingefallen war. Die Erschütterung der Nerven setzt sich in
1793 3501 3021 3565 für seine Arbeit zu dienen. Als Rohstoff für seine Phantasmen. Nun
3014 3512 3096 3577 31
555 3543 1796 3617 ein Lied, in ein Gedicht um, wie der passionirte Blumenzüchter seine
1796 3551 3013 3624 gestattet sie sich wenigstens auch einmal eine kleine Phantasmagorie
3018 3566 3101 3636 45
566 3591 1801 3663 Thränen dazu verwendet, die Rosen zu begießen, die der Verstorbenen
1796 3596 2722 3661 und läßt ihrerseits den Rohstoff zu Worte kommen.
3014 3621 3113 3692 „fuf
560 3641 1795 3697 so viel Freude gemacht. Jeder gibt seinem Erlebniß, dem freudigen
1912 3629 3022 3717 Das Stück ist eine interessante, spannende Dichtung, das
3012 3677 3142 3742 Wien
560 3689 1798 3745 wie dem leidigen, eine Form mit den Mitteln, die ihm seine Natur zur
1785 3670 3020 3770 ungemein schwierige Thema gewandt ein= und ausgesädelt. Auf den
3022 3718 3359 3792 Zeit alle Verwand
552 3742 1801 3791 Verfügung gestellt. Der Dichter begreift es beim Gärtner, der
1795 3744 3019 3811 ersten Blick scheint die Romantik darin nicht gerade modern zu sein;
3017 3767 3358 3836 Publikums bewert
559 3775 1790 3855 Gärtner will es beim Dichter nicht begreisen, weil das Dichten ihm
1797 3789 3022 3862 dieses Hazardspiel um den Tod, wobei das Leben wie eine werthlose
3018 3819 3359 3878 zenn die hell erleu
567 3830 1798 3896 nicht als etwas Bürgerliches vorkommt, sondern als private Spielerei,
1800 3839 3021 3922 Spielmarke auf den Tisch geworfen wird und von Hand zu Hand
3034 3860 3364 3924 und dieser rapide
561 3884 1796 3933 als eine Form des Nichtsthuns. Der Dichter aber meint: hat sie sich
1790 3888 3014 3954 geht, verloren, wiedergewonnen, wiederverloren, erinnert an Hernani¬
3045 3909 3365 3977 Sekunden dermaß
562 3922 1800 3978 für mich getödtet, so muß ich mich selbst tödten oder versuchen zu
1788 3946 3013 4012 Zeiten. Die Geberden könnten Vittor Hugo gehören, die Farben
3029 3954 3357 4025 Zicht verfolgen kon
556 3972 3361 4096 beweisen, daß sie sich nicht umsonst getödtet hat . .. Das ganze ist Delgeroir. Aber die Ideen sind doch modern. Die eingebildete Wieder- #Angen der Zusche
