3436 4384
-22 2058 50 2118 W
-12 2107 96 2165 einer
-14 2144 107 2225 efing
-9 2201 104 2267 letzt
-11 2230 104 2321 und
-9 2440 105 2512 Luch
-13 2546 88 2618 chrei
2052 248 2519 365 box 21/3
247 254 2065 376 16. 1. Lebendige Stunden zukIus
161 552 604 662 Paris, Rom, Stockhol.
219 691 430 791 Traunh
685 1258 3208 1373 Bildergalerie. Dort hängt u ein Bild, das eine Dames und tröstet ihn nun mit schönen Aussichten für die Zukunft.
150 1285 366 1370 heater.
720 1334 3209 1403 mit einem Dolche darstellt. Sie ähnelt angeblich der Frau Rademacher möge jetzt sagen, was er von dem Freunde, den
159 1337 603 1429 Einakter=Cyklus von
713 1376 3194 1457 Pauline, die von dem bisherigen Freunde Leonhard — ihrser rufen ließ, wünsche. Doch der Kranke starrt den Sprechen¬
152 1390 377 1453 nitzler.
727 1434 3193 1491 Geliebter zu werden hat er, wie sie sagt, verscherzt — Ab=den nur an und — schweigt. Schließlich sagi er, daß er #
152 1421 747 1504 er Chorführer der modernen
178 1464 3203 1538 Schauspiel „Liebelei“ ent= schied nehmen will, um mit dem Gatten nach Italien zu reisen.! Weihgast noch einmal sehen wollte. Der geht darauf und
152 1517 3200 1596 ches Programm: Schilderung Leonhard beschwört sie, ihn an diesem letzten Abend zu de= Rademacher stirbt — wieder wie Camoëns bei Halm.
150 1583 3210 1651 chlich durchaus eindentiger suchen, da verfällt Pauline in einen seltsamen Zustand — sie Der tiefe Ernst der Enthüllung des alten Journalisten
147 1617 3203 1693 lbstverständlich also als ganzs phantasirt und darüber fällt zum Staunen des Zuschauers kontrastirt bedenklich mit der Form, die ihr der Verfasser ge¬
151 1697 3212 1743 en hingestellt werden. Ueber der Zwischenvorhang. Als er sich wieder gehoben, sehen wirgeben: der Schauspieler hat nämlich eine Probe für den Empfang
148 1743 3201 1793 nserer Zeit, in der die „freie ein Maleratelier in Italien. Pauline im weißen Gewande, Weihgast's vorgeschlagen, in der der Schauspieler diesen vor¬
179 1781 3209 1839 die Meinungen noch aus=Leonhard im Malerkostüm der Renaissancezeit. Wir erfahren, stellt. Herr Turriau gab ein ergreifendes Bild des schwer¬
187 1839 3205 1882 t als leichtlebig bezeichneten daß Leonhard die letzte Nacht bei Pauline zugebracht, daß sie kranken Rademacher, dessen Pendant, den Schauspieler Jack¬
146 1858 3214 1944 tzlec anscheinend hauptsächlich die Rückkehr des lange abwesend gewesenen Gatten Remigiowerth, Herr Meltzer=Burg recht angemessen darstellte.
148 1944 3209 1998 alter=Serie trägt durchaus erwartet und diesem „alles“ gestehen will. Das muß doch Den großen Dichter Weihgast vertrat Herr Dapper mit be¬
169 1963 3206 2036 bis auf die falschen Verbal= wohl zu einem bösen Rencontre zwischen den beiden Männern scheidener Würde. Man hat bei dieser Bluette die Empfindung,
144 2013 3204 2094 evölkerungskreisen dort üblich führen? Nur zum Theil. Remigio kommt zurück, erfährt sich hier einer Studie aus Schnitzlers ärztlicher Praxis gegen¬
154 2074 3102 2133 den Gesammttitel „Lebendige „alles“ bleibt aber kalt; es ist ihm gleichgiltig. Er weistl über zu befinden. Es weht echte Krankenhausluft darin.
2016 2088 3200 2165 Das letzte Stück des Einakter=Cyclus betitelt sich,Lite¬
163 2115 1965 2183 Weiteres klar. Wir haben dem Liebhaber seiner Frau nur die Thür. Da will Leon¬
154 2176 3206 2237 unabhängige, also selbständige hard den Gatten erdolchen, doch Pauline entwindet ihm densratur“ und nennt sich Lustspiel. Es ist im wesentlichen
150 2224 3202 2283 gemeinsam ist, daß sie lite= Dolch und ersticht Leonhard. Alles wird hier in Versen ge=Isatirisch und wirkt, auch wenn es sich wieder auf dem be¬
721 2290 3195 2340 sprochen. Wieder deckt der Zwischenvorhang eine Verwand=Trühmten „Verhältniß“ aufbaut, namentlich nach dem vorange¬
162 2271 576 2340 Schaffen berühren.
149 2330 3213 2368 Stückchen theilweise zu, aus=lung der Scene. Wir sind dann wieder in der Bildergalerie gangenen Opusculum, förmlich befreiend. Hier wird das
134 2352 3206 2438 Spezialtitel „Lebendige Leonhard und Pauline stehen noch, wie im Anfang, im weibliche Literaturthum, sofern es sich über die sonst üblichen
727 2400 3208 2475 Straßenanzug bei einander. Es werden nur noch einige Schranken hinwegsetzt, indiskrete Lieder dichtet und ebensolche
167 2421 746 2491 Grunde genommen nur ein
167 2444 3215 2527 jungen Dichter und einem Worte zwischen ihnen gewechselt, aus denen man entnehmen Romane schreibt, humoristisch gegeißelt. Margarethe hat sich
169 2522 3203 2573 verstorbenen Mutter. Diese kann, daß Pauline eine Vision gehabt hat, die der Verfasser von ihrem Mann, einem Baumwollen=Fabrikanten, scheiden
131 2546 3207 2627 eit bedrückte den Sohn und uns dramatisch vorführte. Und ist Pauline dadurch vielleicht lassen, sich dann in allerlei Liebesabenteuer gestürzt, ist in die
160 2591 3224 2677 er die seelische Ruhe völlig „abgeschreckt?“ Nicht doch sie sagt Leonhard das erbetenelliterarische Bohème gerathen und hat endlich einen Band Ge¬
162 2677 3207 2727 e. Das ging andererseits letzte Zusammensein zu. Der hier angewendete Tric ist neu dichte à la Ada Christen herausgegeben, die ihrem neuesten
731 2718 3213 2768 und frappirt. Das Gemüth geht freilich bei der ganzen Sache Liebhaber, einem Baron, ein Greuel sind. Als er gar erfährt,
133 2710 743 2791 enn sie liebte den talentvollen
120 2747 3207 2835 gen. Da fiel ihr vermuthlich leer aus. Man versteht die Frau nicht recht. Die BluetteMargarethe habe auch einen Roman verfaßt, der sich unter
724 2791 3202 2875 fand durch Frl. Betke (Pauline) und die Herren Brückner der Presse befinde, kündigt er ihr die Freundschaft und geht.
119 2809 744 2890 Motte Stieglitz, die Gattin des
119 2858 3199 2940 en, die sich bekanntlich lödtete, (Leonhard) und Weiß (Remigio) eine vortreffliche Darstel= Sie ist außer sich, denn er wollte sie schließlich heirathen. Da
1947 2889 3213 2967 besucht sie ein Genosse früherer glücklicher Stunden, der Literat
123 2921 1397 2975 ersunkenen Gatten durch einen lung, die sehr applaudirt wurde.
801 2940 3213 3010 Mehr innere Theilnahme erweckt die dritte Piece „Die Gilbert. Er bringt ihr seinen neuesten Roman und bemüht
119 2960 744 3037 as freilich nicht eintrat. Im
720 3022 3213 3057 lletzten Masken“, obwohl hier die Tragik auf so scharfer sich, Margarethe wieder zu gewinnen. Es glückt auch beinahe,
151 3005 741 3081 Mutter, um dem Sohn die
146 3052 3214 3124 geben, ohne die poetisches Spitze steht, daß sie leicht ins Komische umschlägt. Der er=doch da kehrt der Baron zurück; es ist ihm gelungen, die
154 3105 3211 3167 die Erzählung und Erörte= graute Journalist Rademacher liegt todtkrank im öffentlichen ganze Auflage ihres Romans zu unterdrücken, nur ein Exem¬
118 3126 3240 3208 ken ganzen Inhalt des ersten Krankenhause — ähnlich wie Camoëns in Halm's gleichnamigem plar wurde gerettet, das er selbst lesen will. Margarethe ist
119 3202 3222 3260 ser hier auf das sonst bei ihm Dramolet. Rademacher hat nur noch einen Wunsch im Leben: aber ebenfalls großmüthig: sie wirft das Exemplar ins Feuer,
127 3250 3218 3310 verzichtet? Als Grundlage seinen einstigen Freund“ Weihgast zu sehen, der ein großer damit der Baron nicht wahrnehme, daß dieser Roman dieselben
127 3296 3218 3368 streift: der Vater Heinrichs Dichter geworden ist, während Rademachers Werke unbekannt Liebesbriefe enthält, die Gilbert einst mit Margarethe gewechselt
120 3334 3223 3426 erlassen, um mit einer Anderen in seinem Schreibtisch liegen. Zu jenem Wunsche bewegt ihn und nun auch in seinen Roman ausgenommen hat. Die letzten
135 3355 3211 3464 von den Herren Brückner aber nicht etwa Liebe, sondern — Haß. Er will WeihgastScenen sind ganz lustig und so endet der Spaß zu allgemeiner
121 3441 3212 3503 usdorfer) stimmungsvoll vor= durch eine Mittheilung geistig vernichten, weil er den armen Zufriedenheit. Auch hier wurde vorzüglich gespielt: Frl.
735 3478 3216 3556 Journalisten immer „von oben herab“ ansah. Der revidirende[ Friedeck als muntere, leichtlebige Schriftstellerin, Herr
124 3497 734 3575 ollbesetzte Haus doch nur ge¬
728 3535 3225 3607 Arzt läßt sich bewegen, Weihgast in später Abendstunde her=[Weiß als Baron mit wienerischer Färbung und Herr
131 3576 3222 3657 weite Einakter „Die Frau beizuholen. Mittlerweile enthüllt Rademacher einem Kranken=[Schaper als fein komischer Bohêminen waren gleich ausge¬
1954 3637 2168 3717 zeichnet.
130 3643 1971 3712 pielt in den Realismus des genossen, dem Schauspieler Jackwerth, sein Geheimniß: Weih¬
2043 3653 3224 3754 Alles in allem: eine Reihe dramatischer Novellen, die
144 3701 1973 3766 ganz unerwartete und des=gast's Frau ist zwei Jahre lang Rademachers Geliebte ge¬
127 3738 3087 3808 ein. Leonhard und Pauline, wesen! Das soll nun Weihgast erfahren! Er kommt auch sanzusehen sich verlohnt, schon der Darstellung wegen.
130 3790 2001 3874 ben ein Rendezvous in einer wirklich, weiß natürlich, daß Rademacher in Kürze sterben wird.
