3436 4224
277 170 1943 248 16.1. Lebendige Stunden zyklus
820 1246 1314 1386 ar Coldsch,
894 1367 1252 1438 Bureau für +
663 1373 894 1474 OP
1311 1341 1493 1490 %
698 1431 1404 1515 Zeitungsausschnitte und Verlag
699 1506 1394 1576 der Wissenschaftlichen Revue.
601 1544 1525 1617 BERLIN N., Auguststr. 87 part.
777 1610 1357 1684 Telephon Amt III. No. 3051.
906 1710 1246 1793 Ausschnitt
541 1719 887 1792 Teiegramm Zärser
1019 1780 1119 1843 aus
523 1762 889 1846 60LDSCHNIDT. Auguststr.87.
518 1959 1575 2081 Norsdeuteche Allgemeine Zeitung, Berlia
574 2091 650 2176 0
878 2103 1169 2201 —5. 1. 02
558 2158 612 2213 —
491 2146 576 2232 0
511 2277 1669 2338 G. Z. Der Erfolg des gestrigen Premièren=Abends im Deutschen
427 2304 1671 2377 Theater, der vier Einakter von Arthur Schnitzler unter dem
440 2363 1664 2406 etwas gesuchten Titel „Lebendige Stunden“ brachte, bewegte
432 2397 1658 2470 sich in stark aufsteigender Linie. Das eponyme Stück des Abends,
442 2434 1657 2505 das an erster Stelle stand, fand den geringsten Beifall. Es
434 2476 1654 2539 ist bübnenmäßig nicht dankbar, und der Dialog ist etwas gewaltsam,
442 2521 1664 2589 ohne Rücksicht auf die Wahrheit des Lebens, auf die Spitze gestellt.
436 2558 1661 2615 Das zweite Stück, „Die Frau mit dem Dolche“, fesselte,
435 2596 1663 2647 schon um der eigenthümlichen Verwendung des Metempsychose¬
432 2642 1648 2692 Gedankens, bedeutend mehr, obgleich das Gewebe auch hier zu
445 2674 1663 2732 künstlich ist, um unmittelbar zu wirken. Am einfachsten und menschlich
436 2723 1651 2770 unmittelbarsten ist das dritte, im Spital spielende Stück „Die
433 2765 1663 2811 letzten Masken“ das denn auch sehr starken Beifall
441 2798 1650 2843 auslöste. Die Technik ist hier am sichersten. Die Charaktere
446 2822 1656 2878 sind eigenartig und zeigen wieder Schnitzlers starke Beobachtungsgabe.
443 2875 1642 2925 Die Darstellung war hier besonders gut. Den Vogel aber schoß das
438 2908 1652 2973 lustige letzte Stück, „Literatur“ ab, dank vor Allem auch der
447 2957 1656 3005 glänzenden Leistung von Irene Triesch, die in der Diskretion, mit
444 2994 1666 3050 der sie den ironischen Ton ihrer Rolle traf, einen neuen glänzenden
445 3023 1601 3077 Beweis ihrer Künstlerschaft ablegte. Schnitzler wurde sehr oft
455 3064 1654 3125 rufen. Man verließ das Haus in der angenehmen Erregung, einem
468 3095 1675 3188 starken Erfolg beigewohnt zu haben. Das Nähere sei der Kritik
448 3147 682 3212 vorbehalten.
2103 165 2526 254 box 21/2
2185 1064 2706 1220 dar Goldsc
2318 1193 2646 1261 Bureau für
2702 1151 2906 1301 %%
2226 1200 2324 1279 +
2073 1207 2166 1312 S
2103 1258 2814 1346 Zeitungsausschnitte und Verlag
2108 1318 2810 1393 der Wissenschaftlichen Revue.
2030 1378 2926 1475 BERLIN N., Auguststr. 87 part.
2199 1429 2786 1515 Telephon Amt III. No. 3051.
2324 1542 2663 1622 Ausschnitt
1949 1548 2307 1627 Tagrann Aärener
2437 1600 2529 1666 aus
1950 1609 2317 1666 1 COLDSCHMIDT. Auguststr. 87.
2226 1664 2771 1769 Honalzeitung, Berlin
2264 1820 2588 1918 -5. 1. 02—
2022 2126 2873 2227 Kunst, Wissenschaft und Literatur.
1818 2164 3071 2263 —P. 2. Die vier einaktigen Stücke, die Arthur
1828 2247 3056 2293 Schnitzler gestern im Deutschen Theater aufführen ließ,
1841 2290 3058 2350 sind mit steigender Wirkung vom Publikum sehr freundlich
1832 2330 3062 2396 aufgenommen worden. Auf ein innerlich zu knapp und an¬
1833 2369 3061 2425 spruchsvoll gerathenes Schauspiel „Lebendige Stunden“
1834 2418 3066 2478 folgte eine psychologische Studie „Die Frau mit dem
1832 2463 3064 2535 Dolche“, in der die Bedenklichkeiten des modernen Lebens
1833 2508 3061 2569 den großen Leidenschaften der Renaissance geistvoll, wenn
1828 2559 3056 2616 auch für die Bühne schwer ausführbar, gegenübergestellt
1829 2605 3055 2662 werden. Hieran schloß sich eine Scene aus einem Wiener
1833 2639 3061 2701 Krankenhause „Die letzten Masken“, worin tragischer
1832 2685 3058 2747 Ernst und komödiantenhafter Spaß keck und originell in
1830 2730 3049 2784 einander greifen und der Dichter seine gestaltende Kraft in
1827 2771 3054 2825 unmittelbarer Weise zeigte. In dem Lustspiel „Literatur“
1836 2813 3065 2885 hat er als Beschluß des Abends eine drollige Satire
1827 2860 3067 2923 auf unverstandene Frauen und literarisches Boheme
1818 2908 3068 2991 geschaffen, die mit Fraulein Triesch, sowie den Herren
1827 2954 3059 3019 Bassermann und Rittner — sie waren auch in den
1820 2990 3063 3054 vorausgegangenen Stücken beschäftigt — trotz einer gewissen
1827 3030 3065 3106 Breite köstlich erheiternd wirkte. Der Eindruck dieser vier
1837 3081 3057 3151 Dramen, denen Schnitzler den Gesammttitel „Lebendige
1836 3115 3072 3178 Stunden“ gegeben hat, war ein so eigenartig anregender,
1838 3170 2745 3245 daß wir darauf noch zurückkommen möchten.
