3484 4320
842 98 1921 149 dessen geliebtes Weib die — Geliebte des armen Journa¬)
842 141 1905 197 listen gewesen ist, der nun verlassen sterben soll im Spitale.
836 185 1908 243 Ja, das alles will er ihm sagen, — Lächerlichkeit tötet! ..
849 242 1879 297 Und Weihgast kommt, und Rademacher — schweigt ..
837 285 1911 328 Nichts von alledem, was er ihm sagen und in einer, mit
847 331 1906 386 einem kranken Schauspieller wohleinstudierten, hochdra¬
836 378 1910 436 matischen Szene vorhalten wollte, kommt über seine Lippen.
848 434 1904 479 Er stirbt schweigend und jener schmerzvoll=gellende Vor¬
840 476 1906 528 wurf mit ihm. Er stirbt unerlöst, unglücklich, wie er ge¬
847 519 1916 598 lebt. Ja, wenn er ein Schriftsteller, wie Weihgast, gewe¬
837 573 1911 631 sen wäre und aus seinen großen Schmerzen hätte die klei¬
836 620 1912 668 nen Lieder machen können! ... So wird mit ihm ein
843 681 1904 736 großes, gewaltiges Seelendrama, eine ganze pessimistische
834 717 1906 770 Bibliothek zu Grabe getragen, — einer von jenen Hun¬
839 769 1901 834 derten, in denen. Anfang, wenn sie unter die Journa¬
840 820 1902 880 listen gehen, immer ein gutes Stück von einem Konrad
830 867 1897 917 Bolz steckt, bis das Leben einen Schmok oder einen Rade¬
837 919 1392 974 macher aus ihnen macht ...
933 959 1899 1025 Den Aktschluß des Abends bildet „Literatur“
848 996 1902 1064 eine köstliche Satire auf jenes Durchschnitts=Literatentum,
837 1057 1912 1122 das in seiner psychischen Leichtlebigkeit, wie schon e#al
841 1111 1909 1162 gesagt, zu jener bewußten Umwertung greift wie ein an¬
834 1161 1898 1211 derer zum Glase. „Literatur“ — der Titel ist ein Hahn¬
828 1201 1903 1261 gelächter über jene „Dichter", die den Zeisigen gleichen,
838 1263 1909 1319 weil sie auch nur zur Zeit der Brunst singen, aber auch ein
829 1297 1906 1360 Hohngelächter über jene geistig Blindgeborenen oder Er¬
836 1351 1895 1395 blindeten, für die das Literatentum ein nicht „standesge¬
836 1394 1899 1459 mäßes“ Gewerbe ist. Beide Kategorien sind in drei köst¬
832 1447 1899 1496 lichen Typen auf die Bühne gestellt. Margarete und Gil¬
838 1501 1903 1545 bert, die beide aus ihrem gemeinsamen Liebesverhältnisse
829 1551 1910 1616 den unvermeidlichen Roman herausschreiben, in dem sie ihre
830 1598 1878 1638 gegenseitigen Liebesbriefe der Oeffentlichkeit übergeben, —
826 1642 1901 1693 wie Wäsche, die auf dem Gartenzaun zum Trocknen aufge¬
827 1692 1906 1756 hängt wird. Und dann dieser — offenbar durch jahrhun¬
831 1734 1898 1790 dertelang betriebene Inzucht seines Stammbaumes —
829 1795 1909 1863 degenerierte Baron! Das sind menschliche Wahrheiten, die
828 1834 1901 1899 unmittelbar aus dem modernen Leben herausgehoben sind.
838 1883 1899 1941 Eine Skizzierung des Inhaltes hieße, aus dem lebens¬
830 1938 1901 2000 vollen Gebilde, an dem jeder Zoll Geist, tiefe Beobachtung,
826 1985 1897 2047 künstlerische Gestaltungskraft ist, das tote Gerippe heraus¬
828 2024 998 2099 schälen.
927 2058 1898 2131 Die Darstellung und insbesondere auch die gedanken¬
833 2126 1898 2183 volle Regie des Herrn Julius Haller hat die vier bedeu¬
828 2174 1895 2227 tenden Akte sehr würdig herausgebracht. Frau Rosa Mül¬
826 2218 1897 2284 ler=Raul ließ mit der Titelrolle in der „Frau mit dem
828 2273 1901 2334 Dolche“ und als Margarete in „Literatur“ zwei schöne
826 2317 1882 2368 Enthüllungen ihres großen, künstlerischen Könnens sehen.
823 2371 1896 2443 Herr Julius Haller war als Hausdorfer in dem ersten
834 2421 1891 2474 Akte von imponierender Gestaltungskraft und schwang sich
826 2469 1897 2536 als Rademacher in den „Letzten Masken“ zur vollen Höhe
830 2516 1898 2561 seiner genialen Charakterisierung empor. Den Schauspieler
829 2555 1889 2630 Jackwerth gab Herr Adolf Suchanek in einer wirklich
829 2611 1888 2658 so geistvollen Charakterstudie, daß es fast unbegreiflich ist,
819 2667 1891 2717 wieso ihm im letzten Akte die Figur des Gilbert, wenn auch
817 2708 1895 2776 keineswegs in der Maske, so doch in ihrer inneren Anlage
828 2756 1901 2829 stark mißlingen konnte. Dieser Gilbert ist nicht, wie ihn
822 2805 1895 2880 Herr Suchanek auffaßte, ein Kerl voller Selbstironie, der in
820 2852 1901 2920 einem fort über sich selber kritisch lächelt, — nein, der
828 2918 1903 2967 Mann ist voll Selbstbewußtsein, glaubt an sich und seine
819 2952 1891 3011 literarische Sendung, ist also im Grunde eine naive Na¬
827 3002 1887 3060 tur. Auffallend schön und mit einigen sehr gediegenen, per¬
833 3041 1905 3108 sönlichen Nuancen charakterisierte Herr Karl Matuna
828 3097 1896 3149 den Clemens. Herr Franz Tichy war als Weihgast und
818 3142 1891 3199 Remigio ein gediegener Darsteller, desgleichen Herr Ernst
830 3204 1884 3256 Hellbach als Heinrich in den „Lebendigen Stunden“
829 3214 1903 3319 und als Leonhard in der „Frau mit dem Dolche“, nur hätte
825 3296 1891 3350 vielleicht in dem ersten Akte ein kleine Zügelung in der pa¬
820 3338 1900 3408 thetischen Deklamation natürlicher gewirkt. Die Charge
817 3388 1893 3460 der Frau Marie Gröbmaier und des Herrn Carlo
817 3439 1484 3491 Berger waren sehr ansprechend.
1754 3433 1872 3491 —ch.
913 3477 1917 3570 I„Die Schützenliesel“, Operette in 3 Akten bau=Leo“
830 3548 1887 3612 Stein und Karl Lindau. Musik von Edm. Eisler.] Endlich
818 3603 1907 3664 wieder eine Operette und noch dazu eine Neuaufführung
817 3645 1910 3702 Eislers „Schützenliesel“ hat in Wien glänzend gefallen und
820 3689 1889 3744 wird in unausgesetzter Reihenfolge in Wien aufgeführt.
830 3732 1890 3788 Einen Lobeshymnus können wir trotzdem auf dieses Werk¬
824 3793 1894 3844 chen nicht singen, obzwar der Komponist von „Bruder
826 3842 1904 3887 Straubinger“ mit gewaltsamen Anstrengungen einen
818 3884 1891 3945 höheren Flug zu nehmen sich bemühte. Stellenweise ge¬
819 3942 1896 3999 lingt ihm das sogar ganz gut, meistens aber hat er sich, da
824 3983 1897 4040 er der Sonne allzusehr nahte, die Flügel verbrannt und
832 4029 1953 4104 stürzte lendenlahm hernieder in die gewöhnlichen Bahnenss
