<?xml version="1.0" encoding="UTF-8" standalone="yes"?>
<PcGts xmlns="http://schema.primaresearch.org/PAGE/gts/pagecontent/2013-07-15" xmlns:xsi="http://www.w3.org/2001/XMLSchema-instance" xsi:schemaLocation="http://schema.primaresearch.org/PAGE/gts/pagecontent/2013-07-15 http://schema.primaresearch.org/PAGE/gts/pagecontent/2013-07-15/pagecontent.xsd">
    <Metadata>
        <Creator>prov=University of Rostock/Institute of Mathematics/CITlab/Gundram Leifert/gundram.leifert@uni-rostock.de:name=ONB_Newseye_GT_M1+(htr_id=10810)::::v=2.4.2
prov=University of Rostock/Institute of Mathematics/CITlab/Tobias Gruening/tobias.gruening@uni-rostock.de:name=de.uros.citlab.module.baseline2polygon.B2PSeamMultiOriented:v=2.4.2
prov=University of Rostock/Institute of Mathematics/CITlab/Tobias Gruening/tobias.gruening@uni-rostock.de:name=/mnt/transkribus/LA/DEA/URO/LA_news_onb_att.pb:de.uros.citlab.segmentation.CITlab_LA_ML:v=2.4.2
Transkribus</Creator>
        <Created>2019-10-07T11:36:44.283+02:00</Created>
        <LastChange>2019-10-08T20:38:21.748+02:00</LastChange>
        <TranskribusMetadata docId="223975" pageId="9502992" pageNr="653" tsid="16609163" status="IN_PROGRESS" userId="40391" imgUrl="https://files.transkribus.eu/Get?id=EBMGMXJJLEVIEJLPJBMGSNGG&amp;fileType=view" xmlUrl="https://files.transkribus.eu/Get?id=GLQWLSBNZWHKNRQJRRSZVQIJ" imageId="6193206"/>
    </Metadata>
    <Page imageFilename="223975_0653.jpeg" imageWidth="3484" imageHeight="4256">
        <ReadingOrder>
            <OrderedGroup id="ro_1711450024808" caption="Regions reading order">
                <RegionRefIndexed index="0" regionRef="r1"/>
                <RegionRefIndexed index="1" regionRef="r2"/>
            </OrderedGroup>
        </ReadingOrder>
        <TextRegion orientation="0.0" id="r1" custom="readingOrder {index:0;}">
            <Coords points="227,241 227,3249 1880,3249 1880,241"/>
            <TextLine id="r1l1" custom="readingOrder {index:0;}">
                <Coords points="217,272 1846,303 1846,223 1579,190 1466,263 1289,200 217,210"/>
                <Baseline points="227,264 307,270 388,274 468,278 549,280 629,282 710,283 790,283 871,282 951,282 1032,281 1112,280 1193,278 1273,277 1354,276 1434,276 1515,275 1595,275 1676,276 1756,278 1837,281"/>
                <TextEquiv>
                    <Unicode>16.1. Lebendige StundenZ#klus</Unicode>
                </TextEquiv>
            </TextLine>
            <TextLine id="r1l2" custom="readingOrder {index:1;}">
                <Coords points="944,1416 1021,1407 1176,1430 1210,1410 1289,1409 1405,1436 1468,1413 1468,1358 1418,1368 1366,1335 1349,1351 1283,1342 1198,1380 1158,1380 1106,1349 1079,1373 993,1338 945,1350"/>
                <Baseline points="954,1402 979,1402 1004,1402 1029,1402 1054,1402 1080,1402 1105,1402 1130,1403 1155,1403 1180,1404 1206,1404 1231,1404 1256,1405 1281,1405 1306,1405 1332,1405 1357,1405 1382,1406 1407,1405 1432,1405 1458,1405"/>
                <TextEquiv>
                    <Unicode>tadchenalgase Sane Gewanl.,</Unicode>
                </TextEquiv>
            </TextLine>
            <TextLine id="r1l3" custom="readingOrder {index:2;}">
                <Coords points="1018,1477 1195,1474 1215,1461 1285,1482 1342,1467 1380,1486 1414,1467 1430,1473 1429,1425 1403,1437 1327,1427 1307,1439 1274,1414 1228,1409 1170,1430 1016,1411"/>
                <Baseline points="1028,1466 1054,1466 1080,1467 1106,1467 1132,1467 1158,1467 1184,1466 1210,1466 1237,1464 1263,1464 1289,1463 1315,1462 1341,1461 1367,1461 1393,1460 1420,1460"/>
                <TextEquiv>
                    <Unicode>Gazer </Unicode>
                </TextEquiv>
            </TextLine>
            <TextLine id="r1l4" custom="readingOrder {index:3;}">
                <Coords points="668,1488 694,1502 761,1495 819,1507 853,1496 887,1514 926,1497 964,1511 1037,1494 1065,1502 1065,1478 1019,1457 956,1459 914,1438 840,1455 777,1436 701,1462 669,1443"/>
                <Baseline points="679,1490 704,1490 729,1490 754,1490 779,1490 804,1490 829,1490 854,1490 879,1491 904,1491 929,1491 954,1491 979,1492 1004,1493 1029,1494 1055,1495"/>
                <TextEquiv>
                    <Unicode>usschnitt aus:</Unicode>
                </TextEquiv>
            </TextLine>
            <TextLine id="r1l5" custom="readingOrder {index:4;}">
                <Coords points="882,1527 935,1552 1002,1538 1141,1561 1495,1532 1494,1481 1455,1470 1383,1492 1340,1467 1264,1495 1223,1468 1146,1500 1073,1480 989,1520 882,1499"/>
                <Baseline points="893,1528 922,1533 952,1537 981,1540 1011,1542 1041,1543 1070,1543 1100,1543 1129,1542 1159,1541 1189,1539 1218,1537 1248,1535 1277,1533 1307,1531 1337,1529 1366,1528 1396,1527 1425,1526 1455,1526 1485,1527"/>
                <TextEquiv>
                    <Unicode>Ggaz, Steiermark</Unicode>
                </TextEquiv>
            </TextLine>
            <TextLine id="r1l6" custom="readingOrder {index:5;}">
                <Coords points="679,1624 874,1661 1272,1668 1282,1564 1041,1543 981,1556 965,1538 929,1555 884,1538 790,1568 687,1540"/>
                <Baseline points="694,1579 722,1586 751,1594 779,1600 808,1607 837,1613 865,1618 894,1623 922,1627 951,1631 980,1635 1008,1637 1037,1639 1065,1641 1094,1641 1123,1641 1151,1641 1180,1639 1208,1637 1237,1634 1266,1630"/>
                <TextEquiv>
                    <Unicode>S LLDRPMREH131)</Unicode>
                </TextEquiv>
            </TextLine>
            <TextLine id="r1l7" custom="readingOrder {index:6;}">
                <Coords points="994,1794 1411,1783 1560,1789 1594,1810 1643,1797 1644,1730 1555,1709 1531,1731 1475,1707 1400,1734 1370,1712 1348,1732 1104,1728 1070,1701 995,1724"/>
                <Baseline points="1004,1776 1035,1777 1066,1779 1098,1780 1129,1780 1161,1781 1192,1782 1224,1782 1255,1782 1287,1782 1318,1782 1349,1783 1381,1783 1412,1783 1444,1783 1475,1784 1507,1785 1538,1786 1570,1787 1601,1789 1633,1790"/>
                <TextEquiv>
                    <Unicode>Theater und Musik.</Unicode>
                </TextEquiv>
            </TextLine>
            <TextLine id="r1l8" custom="readingOrder {index:7;}">
                <Coords points="1110,1857 1172,1868 1257,1844 1297,1864 1414,1845 1494,1856 1545,1836 1545,1792 1110,1797"/>
                <Baseline points="1119,1839 1145,1838 1171,1838 1197,1838 1223,1838 1249,1838 1275,1839 1301,1839 1327,1840 1353,1840 1379,1841 1405,1841 1431,1841 1457,1841 1483,1840 1509,1840 1535,1839"/>
                <TextEquiv>
                    <Unicode>Schauspielhaus.</Unicode>
                </TextEquiv>
            </TextLine>
            <TextLine id="r1l9" custom="readingOrder {index:8;}">
                <Coords points="791,1918 1160,1878 1891,1911 1891,1820 1835,1816 1758,1852 792,1857"/>
                <Baseline points="801,1896 857,1894 914,1892 971,1890 1028,1889 1084,1888 1141,1888 1198,1888 1255,1888 1312,1889 1368,1890 1425,1890 1482,1891 1539,1892 1596,1893 1652,1893 1709,1894 1766,1894 1823,1894 1880,1894"/>
                <TextEquiv>
                    <Unicode>„Lebendige Stunden“ Einakterzyklus von1—</Unicode>
                </TextEquiv>
            </TextLine>
            <TextLine id="r1l10" custom="readingOrder {index:9;}">
                <Coords points="875,1943 1852,1943 1851,1902 1628,1883 875,1909"/>
                <Baseline points="884,1933 931,1932 979,1931 1027,1931 1075,1930 1123,1930 1171,1930 1219,1930 1267,1930 1315,1930 1363,1930 1410,1930 1458,1930 1506,1930 1554,1930 1602,1930 1650,1930 1698,1929 1746,1929 1794,1929 1842,1928"/>
                <TextEquiv>
                    <Unicode>„Brave Leut' vom Grund“ von L. Anzengruber.</Unicode>
                </TextEquiv>
            </TextLine>
            <TextLine id="r1l11" custom="readingOrder {index:10;}">
                <Coords points="867,1988 1852,1992 1852,1942 1743,1932 867,1944"/>
                <Baseline points="877,1985 925,1985 973,1984 1021,1984 1070,1984 1118,1984 1166,1984 1214,1984 1263,1984 1311,1985 1359,1985 1407,1985 1456,1985 1504,1985 1552,1984 1600,1984 1649,1984 1697,1983 1745,1983 1793,1982 1842,1981"/>
                <TextEquiv>
                    <Unicode>Der Einakterzyklus wurde zum erstenmal im Jahre</Unicode>
                </TextEquiv>
            </TextLine>
            <TextLine id="r1l12" custom="readingOrder {index:11;}">
                <Coords points="800,2050 1742,2028 1853,2060 1853,1993 1809,1988 800,2000"/>
                <Baseline points="810,2033 861,2034 913,2035 965,2035 1016,2035 1068,2036 1120,2036 1171,2036 1223,2036 1275,2036 1327,2036 1378,2036 1430,2035 1482,2035 1533,2035 1585,2034 1637,2034 1688,2033 1740,2033 1792,2032 1844,2032"/>
                <TextEquiv>
                    <Unicode>1902 hier aufgeführt, mit welchem Erfolg, ist mir nicht</Unicode>
                </TextEquiv>
            </TextLine>
            <TextLine id="r1l13" custom="readingOrder {index:12;}">
                <Coords points="807,2095 1685,2105 1850,2088 1850,2048 1739,2024 1680,2051 806,2046"/>
                <Baseline points="816,2085 867,2085 918,2086 969,2086 1020,2086 1072,2086 1123,2086 1174,2086 1225,2086 1276,2086 1328,2086 1379,2086 1430,2085 1481,2085 1532,2085 1584,2084 1635,2083 1686,2083 1737,2082 1788,2081 1840,2080"/>
                <TextEquiv>
                    <Unicode>mehr genau erinnerlich. Ich glaube, die beiden ersten</Unicode>
                </TextEquiv>
            </TextLine>
            <TextLine id="r1l14" custom="readingOrder {index:13;}">
                <Coords points="812,2141 1821,2142 1861,2137 1861,2077 812,2092"/>
                <Baseline points="822,2135 873,2136 925,2136 976,2136 1028,2137 1079,2137 1131,2136 1182,2136 1234,2136 1285,2136 1337,2135 1388,2135 1440,2134 1491,2134 1543,2134 1594,2133 1646,2133 1697,2132 1749,2132 1800,2132 1852,2132"/>
                <TextEquiv>
                    <Unicode>Einakter fielen ab, die letzten beiden gefielen, und der</Unicode>
                </TextEquiv>
            </TextLine>
            <TextLine id="r1l15" custom="readingOrder {index:14;}">
                <Coords points="807,2183 1852,2195 1852,2137 1767,2127 1566,2155 807,2142"/>
                <Baseline points="816,2186 867,2187 918,2187 969,2187 1021,2187 1072,2187 1123,2187 1175,2186 1226,2186 1277,2185 1329,2184 1380,2184 1431,2183 1482,2183 1534,2183 1585,2182 1636,2182 1688,2183 1739,2183 1790,2184 1842,2185"/>
                <TextEquiv>
                    <Unicode>vierte, die geistreiche Literaturkomödie, erschien noch</Unicode>
                </TextEquiv>
            </TextLine>
            <TextLine id="r1l16" custom="readingOrder {index:15;}">
                <Coords points="814,2243 1851,2232 1851,2196 1740,2175 814,2188"/>
                <Baseline points="825,2235 875,2235 926,2236 977,2236 1028,2236 1078,2235 1129,2235 1180,2234 1231,2234 1281,2233 1332,2232 1383,2232 1434,2231 1484,2230 1535,2230 1586,2230 1637,2229 1687,2229 1738,2229 1789,2230 1840,2230"/>
                <TextEquiv>
                    <Unicode>manchmal vereinzelt auf unserer Bühne. Der Gesamt¬</Unicode>
                </TextEquiv>
            </TextLine>
            <TextLine id="r1l17" custom="readingOrder {index:16;}">
                <Coords points="802,2291 1853,2299 1853,2241 801,2242"/>
                <Baseline points="812,2286 863,2286 915,2285 966,2285 1018,2285 1069,2284 1121,2284 1172,2283 1224,2283 1275,2282 1327,2282 1378,2281 1430,2281 1481,2280 1533,2280 1584,2279 1636,2279 1687,2278 1739,2278 1790,2278 1842,2278"/>
                <TextEquiv>
                    <Unicode>titel „Lebendige Stunden“ soll wohl die Hauptidee</Unicode>
                </TextEquiv>
            </TextLine>
            <TextLine id="r1l18" custom="readingOrder {index:17;}">
                <Coords points="803,2343 1864,2340 1863,2298 1817,2288 1559,2276 802,2291"/>
                <Baseline points="812,2337 864,2336 916,2336 968,2335 1020,2335 1072,2334 1124,2334 1176,2334 1228,2333 1280,2333 1333,2333 1385,2332 1437,2332 1489,2332 1541,2331 1593,2331 1645,2331 1697,2331 1749,2330 1801,2330 1854,2330"/>
                <TextEquiv>
                    <Unicode>bedeuten, die die dem Inhalt nach sehr verschiedenen</Unicode>
                </TextEquiv>
            </TextLine>
            <TextLine id="r1l19" custom="readingOrder {index:18;}">
                <Coords points="810,2395 1854,2402 1853,2335 810,2342"/>
                <Baseline points="820,2385 871,2385 922,2385 973,2384 1024,2384 1076,2384 1127,2384 1178,2383 1229,2383 1280,2383 1332,2382 1383,2382 1434,2382 1485,2381 1536,2381 1588,2381 1639,2381 1690,2381 1741,2381 1792,2381 1844,2382"/>
                <TextEquiv>
                    <Unicode>Stücke zusammenhält, und die Hauptidee aussprechen,</Unicode>
                </TextEquiv>
            </TextLine>
            <TextLine id="r1l20" custom="readingOrder {index:19;}">
                <Coords points="810,2435 1716,2450 1831,2441 1863,2382 810,2394"/>
                <Baseline points="820,2435 871,2435 923,2434 974,2434 1026,2434 1078,2434 1129,2433 1181,2433 1232,2433 1284,2433 1336,2432 1387,2432 1439,2432 1490,2431 1542,2431 1594,2430 1645,2430 1697,2429 1748,2428 1800,2427 1852,2426"/>
                <TextEquiv>
                    <Unicode>von der der Dichter dabei ausging: den uralten Gegen¬</Unicode>
                </TextEquiv>
            </TextLine>
            <TextLine id="r1l21" custom="readingOrder {index:20;}">
                <Coords points="804,2488 1789,2499 1853,2489 1853,2436 804,2440"/>
                <Baseline points="814,2488 865,2486 917,2485 968,2483 1020,2482 1071,2482 1123,2481 1174,2481 1226,2481 1277,2482 1329,2482 1380,2482 1432,2483 1483,2483 1535,2483 1586,2483 1638,2482 1689,2482 1741,2481 1792,2480 1844,2478"/>
                <TextEquiv>
                    <Unicode>satz zwischen Traum und Wirklichkeit, zwischen „leben¬</Unicode>
                </TextEquiv>
            </TextLine>
            <TextLine id="r1l22" custom="readingOrder {index:21;}">
                <Coords points="810,2536 1823,2544 1859,2535 1859,2491 810,2496"/>
                <Baseline points="821,2537 872,2536 923,2534 975,2533 1026,2532 1078,2532 1129,2531 1181,2531 1232,2531 1284,2530 1335,2530 1386,2530 1438,2530 1489,2530 1541,2530 1592,2530 1644,2529 1695,2529 1747,2529 1798,2528 1850,2527"/>
                <TextEquiv>
                    <Unicode>digen“ und „erträumten eder erdichteten“ Stunden,</Unicode>
                </TextEquiv>
            </TextLine>
            <TextLine id="r1l23" custom="readingOrder {index:22;}">
                <Coords points="810,2588 1855,2580 1837,2536 810,2538"/>
                <Baseline points="820,2584 871,2583 922,2583 973,2582 1024,2582 1076,2581 1127,2581 1178,2581 1229,2581 1280,2581 1332,2580 1383,2580 1434,2580 1485,2580 1536,2580 1588,2580 1639,2580 1690,2580 1741,2579 1792,2579 1844,2578"/>
                <TextEquiv>
                    <Unicode>die große Kluft zwischen Leben und Kunst. Ich will</Unicode>
                </TextEquiv>
            </TextLine>
            <TextLine id="r1l24" custom="readingOrder {index:23;}">
                <Coords points="803,2656 1850,2635 1824,2586 1743,2581 803,2582"/>
                <Baseline points="814,2636 865,2635 916,2633 967,2632 1019,2631 1070,2630 1121,2630 1173,2629 1224,2629 1275,2629 1327,2629 1378,2629 1429,2629 1480,2629 1532,2629 1583,2629 1634,2629 1686,2629 1737,2629 1788,2628 1840,2628"/>
                <TextEquiv>
                    <Unicode>gerne zugeben, daß dieser Gegensatz als Anlaß drama¬</Unicode>
                </TextEquiv>
            </TextLine>
            <TextLine id="r1l25" custom="readingOrder {index:24;}">
                <Coords points="806,2678 1852,2688 1835,2630 806,2648"/>
                <Baseline points="817,2683 868,2682 919,2682 970,2681 1021,2681 1073,2681 1124,2681 1175,2680 1226,2680 1277,2680 1329,2680 1380,2680 1431,2680 1482,2680 1533,2679 1585,2679 1636,2678 1687,2678 1738,2677 1789,2676 1841,2675"/>
                <TextEquiv>
                    <Unicode>tischer Bearbeitung in Tragik und auch in Heiterkeit</Unicode>
                </TextEquiv>
            </TextLine>
            <TextLine id="r1l26" custom="readingOrder {index:25;}">
                <Coords points="799,2749 1859,2725 1858,2694 1748,2683 799,2683"/>
                <Baseline points="810,2733 861,2732 913,2731 965,2731 1017,2730 1069,2730 1121,2730 1173,2730 1225,2730 1277,2730 1329,2730 1380,2730 1432,2730 1484,2730 1536,2730 1588,2730 1640,2730 1692,2730 1744,2729 1796,2729 1848,2728"/>
                <TextEquiv>
                    <Unicode>sehr fruchtbar ist, aber ich muß bezweifeln, ob es dem</Unicode>
                </TextEquiv>
            </TextLine>
            <TextLine id="r1l27" custom="readingOrder {index:26;}">
                <Coords points="804,2799 1777,2798 1853,2787 1853,2727 804,2748"/>
                <Baseline points="815,2781 866,2781 917,2780 969,2780 1020,2780 1072,2780 1123,2780 1174,2780 1226,2780 1277,2780 1329,2780 1380,2780 1431,2780 1483,2779 1534,2779 1586,2779 1637,2779 1688,2778 1740,2778 1791,2777 1843,2776"/>
                <TextEquiv>
                    <Unicode>Dichter gelungen ist, ihm überall wirklich wamatisches</Unicode>
                </TextEquiv>
            </TextLine>
            <TextLine id="r1l28" custom="readingOrder {index:27;}">
                <Coords points="797,2845 1721,2849 1856,2832 1856,2792 797,2797"/>
                <Baseline points="808,2830 859,2830 911,2830 963,2830 1015,2830 1067,2830 1119,2830 1171,2829 1223,2829 1275,2829 1327,2829 1378,2829 1430,2828 1482,2828 1534,2828 1586,2828 1638,2828 1690,2828 1742,2828 1794,2828 1846,2828"/>
                <TextEquiv>
                    <Unicode>Leben und Interesse zu verleihen. Was wiegt alle</Unicode>
                </TextEquiv>
            </TextLine>
            <TextLine id="r1l29" custom="readingOrder {index:28;}">
                <Coords points="807,2889 1560,2877 1747,2904 1832,2886 1858,2840 806,2837"/>
                <Baseline points="816,2882 867,2881 919,2881 970,2880 1022,2880 1074,2880 1125,2880 1177,2879 1228,2879 1280,2879 1332,2879 1383,2879 1435,2879 1486,2879 1538,2878 1590,2878 1641,2878 1693,2878 1744,2878 1796,2878 1848,2879"/>
                <TextEquiv>
                    <Unicode>Kunst gegen die lebendige Tat, was alle Dichtung gegen</Unicode>
                </TextEquiv>
            </TextLine>
            <TextLine id="r1l30" custom="readingOrder {index:29;}">
                <Coords points="809,2929 1856,2927 1856,2898 1560,2877 809,2890"/>
                <Baseline points="819,2928 870,2928 921,2929 973,2929 1024,2929 1076,2929 1127,2929 1178,2929 1230,2929 1281,2929 1333,2928 1384,2928 1435,2928 1487,2927 1538,2927 1590,2927 1641,2927 1692,2927 1744,2927 1795,2928 1847,2929"/>
                <TextEquiv>
                    <Unicode>eine lebendige Stunde? Das scheint das Motto zu sein,</Unicode>
                </TextEquiv>
            </TextLine>
            <TextLine id="r1l31" custom="readingOrder {index:30;}">
                <Coords points="807,2987 1860,2982 1860,2948 1787,2932 807,2937"/>
                <Baseline points="817,2979 868,2979 920,2978 971,2978 1023,2978 1075,2978 1126,2977 1178,2977 1229,2977 1281,2978 1333,2978 1384,2978 1436,2978 1487,2978 1539,2978 1591,2978 1642,2978 1694,2977 1745,2977 1797,2977 1849,2976"/>
                <TextEquiv>
                    <Unicode>das der Dichter seinen Einaktern beisetzt. Aber das</Unicode>
                </TextEquiv>
            </TextLine>
            <TextLine id="r1l32" custom="readingOrder {index:31;}">
                <Coords points="807,3032 1864,3023 1864,2995 1767,2973 807,2987"/>
                <Baseline points="817,3029 868,3029 920,3030 972,3030 1024,3030 1076,3030 1128,3030 1179,3029 1231,3029 1283,3028 1335,3028 1387,3027 1439,3026 1491,3026 1542,3025 1594,3025 1646,3025 1698,3025 1750,3025 1802,3025 1854,3025"/>
                <TextEquiv>
                    <Unicode>erste Stück, worin sich die totkranke Mutter eines</Unicode>
                </TextEquiv>
            </TextLine>
            <TextLine id="r1l33" custom="readingOrder {index:32;}">
                <Coords points="804,3093 1825,3093 1852,3030 803,3051"/>
                <Baseline points="813,3080 864,3080 916,3080 967,3079 1019,3079 1070,3079 1122,3078 1173,3078 1225,3078 1276,3077 1328,3077 1379,3077 1431,3077 1482,3076 1534,3076 1585,3076 1637,3076 1688,3076 1740,3076 1791,3076 1843,3076"/>
                <TextEquiv>
                    <Unicode>jungen Dichters das Leben nimmt, um ihren Sohn durch</Unicode>
                </TextEquiv>
            </TextLine>
            <TextLine id="r1l34" custom="readingOrder {index:33;}">
                <Coords points="811,3134 1852,3141 1852,3098 1772,3082 1677,3107 1625,3079 811,3090"/>
                <Baseline points="822,3129 873,3128 924,3128 975,3127 1026,3127 1077,3127 1128,3126 1179,3126 1230,3125 1281,3125 1332,3124 1383,3124 1434,3124 1485,3124 1536,3124 1587,3124 1638,3124 1689,3124 1740,3125 1791,3126 1842,3126"/>
                <TextEquiv>
                    <Unicode>den Anblick und den Schmerz über ihr Leiden nicht im</Unicode>
                </TextEquiv>
            </TextLine>
            <TextLine id="r1l35" custom="readingOrder {index:34;}">
                <Coords points="808,3182 1853,3188 1826,3131 808,3136"/>
                <Baseline points="818,3179 869,3179 920,3179 971,3179 1023,3178 1074,3178 1125,3178 1176,3178 1228,3178 1279,3178 1330,3178 1381,3178 1433,3177 1484,3177 1535,3177 1586,3177 1638,3176 1689,3176 1740,3175 1791,3174 1843,3173"/>
                <TextEquiv>
                    <Unicode>künstlerischen Schaffen zu behindern, ist psychologisch</Unicode>
                </TextEquiv>
            </TextLine>
            <TextLine id="r1l36" custom="readingOrder {index:35;}">
                <Coords points="793,3267 1197,3270 1273,3230 1870,3243 1869,3160 1698,3199 791,3174"/>
                <Baseline points="802,3238 854,3237 907,3237 960,3236 1013,3235 1066,3234 1119,3234 1171,3233 1224,3232 1277,3231 1330,3231 1383,3230 1436,3229 1489,3229 1541,3228 1594,3227 1647,3227 1700,3226 1753,3226 1806,3226 1859,3225"/>
                <TextEquiv>
                    <Unicode>doch etwat für hunfer normales Empfinden zu ab¬</Unicode>
                </TextEquiv>
            </TextLine>
            <TextEquiv>
                <Unicode>16.1. Lebendige StundenZ#klus
tadchenalgase Sane Gewanl.,
Gazer 
usschnitt aus:
Ggaz, Steiermark
S LLDRPMREH131)
Theater und Musik.
Schauspielhaus.
„Lebendige Stunden“ Einakterzyklus von1—
„Brave Leut' vom Grund“ von L. Anzengruber.
Der Einakterzyklus wurde zum erstenmal im Jahre
1902 hier aufgeführt, mit welchem Erfolg, ist mir nicht
mehr genau erinnerlich. Ich glaube, die beiden ersten
Einakter fielen ab, die letzten beiden gefielen, und der
vierte, die geistreiche Literaturkomödie, erschien noch
manchmal vereinzelt auf unserer Bühne. Der Gesamt¬
titel „Lebendige Stunden“ soll wohl die Hauptidee
bedeuten, die die dem Inhalt nach sehr verschiedenen
Stücke zusammenhält, und die Hauptidee aussprechen,
von der der Dichter dabei ausging: den uralten Gegen¬
satz zwischen Traum und Wirklichkeit, zwischen „leben¬
digen“ und „erträumten eder erdichteten“ Stunden,
die große Kluft zwischen Leben und Kunst. Ich will
gerne zugeben, daß dieser Gegensatz als Anlaß drama¬
tischer Bearbeitung in Tragik und auch in Heiterkeit
sehr fruchtbar ist, aber ich muß bezweifeln, ob es dem
Dichter gelungen ist, ihm überall wirklich wamatisches
Leben und Interesse zu verleihen. Was wiegt alle
Kunst gegen die lebendige Tat, was alle Dichtung gegen
eine lebendige Stunde? Das scheint das Motto zu sein,
das der Dichter seinen Einaktern beisetzt. Aber das
erste Stück, worin sich die totkranke Mutter eines
jungen Dichters das Leben nimmt, um ihren Sohn durch
den Anblick und den Schmerz über ihr Leiden nicht im
künstlerischen Schaffen zu behindern, ist psychologisch
doch etwat für hunfer normales Empfinden zu ab¬</Unicode>
            </TextEquiv>
        </TextRegion>
        <TextRegion orientation="0.0" id="r2" custom="readingOrder {index:1;}">
            <Coords points="1921,235 1921,4086 3042,4086 3042,235"/>
            <TextLine id="r2l1" custom="readingOrder {index:0;}">
                <Coords points="1910,274 1982,268 2017,290 2067,276 2095,293 2186,271 2222,293 2248,277 2288,293 2357,284 2357,209 2313,197 2202,205 2184,194 2083,224 1981,191 1910,195"/>
                <Baseline points="1921,259 1946,260 1971,260 1996,261 2021,261 2046,262 2071,263 2096,263 2121,264 2146,264 2171,264 2196,264 2221,264 2246,264 2271,263 2296,262 2321,260 2347,258"/>
                <TextEquiv>
                    <Unicode>box 21/5</Unicode>
                </TextEquiv>
            </TextLine>
            <TextLine id="r2l2" custom="readingOrder {index:1;}">
                <Coords points="1950,467 2001,483 2042,474 2060,489 2173,480 2263,491 2296,478 2297,444 2259,443 2239,426 2142,445 1951,437"/>
                <Baseline points="1960,468 1985,469 2010,470 2035,471 2060,472 2085,472 2110,473 2135,474 2160,475 2185,475 2210,476 2235,477 2260,478 2286,479"/>
                <TextEquiv>
                    <Unicode>*—</Unicode>
                </TextEquiv>
            </TextLine>
            <TextLine id="r2l3" custom="readingOrder {index:2;}">
                <Coords points="1995,535 3005,571 3047,562 3049,494 2586,469 2459,501 2361,460 2243,496 1996,479"/>
                <Baseline points="2004,522 2055,524 2107,527 2159,528 2210,530 2262,532 2314,534 2365,535 2417,536 2469,538 2521,539 2572,540 2624,541 2676,542 2727,542 2779,543 2831,544 2882,544 2934,544 2986,545 3038,545"/>
                <TextEquiv>
                    <Unicode>sonderlich, wenn auch ein großes Leid dem dichterischen</Unicode>
                </TextEquiv>
            </TextLine>
            <TextLine id="r2l4" custom="readingOrder {index:3;}">
                <Coords points="1996,577 2601,616 2640,591 2760,630 2799,601 3013,604 3038,561 1997,535"/>
                <Baseline points="2006,571 2057,573 2108,576 2159,579 2210,581 2261,583 2312,585 2363,588 2414,589 2465,591 2517,593 2568,594 2619,595 2670,596 2721,597 2772,597 2823,597 2874,597 2925,596 2976,595 3028,593"/>
                <TextEquiv>
                    <Unicode>Schaffen günstig ist, wie schon in Ibsens Kronpräten¬</Unicode>
                </TextEquiv>
            </TextLine>
            <TextLine id="r2l5" custom="readingOrder {index:4;}">
                <Coords points="1982,638 2928,668 3049,653 3050,619 1983,579"/>
                <Baseline points="1992,621 2044,623 2096,625 2149,627 2201,628 2254,630 2306,633 2358,634 2411,637 2463,639 2516,640 2568,642 2620,644 2673,645 2725,646 2778,646 2830,647 2882,647 2935,646 2987,645 3040,643"/>
                <TextEquiv>
                    <Unicode>denten der König den Skalden fragt: „Wie wurdest</Unicode>
                </TextEquiv>
            </TextLine>
            <TextLine id="r2l6" custom="readingOrder {index:5;}">
                <Coords points="1985,684 2364,679 2458,709 2628,682 3042,724 3027,649 1986,634"/>
                <Baseline points="1996,669 2047,672 2099,674 2151,676 2203,678 2255,680 2306,682 2358,683 2410,685 2462,686 2514,688 2565,689 2617,690 2669,691 2721,691 2773,692 2824,692 2876,692 2928,692 2980,692 3032,692"/>
                <TextEquiv>
                    <Unicode>du Dichter? Wer lehrte dich diese Kunst?“ und;</Unicode>
                </TextEquiv>
            </TextLine>
            <TextLine id="r2l7" custom="readingOrder {index:6;}">
                <Coords points="1979,740 3028,772 3053,720 1980,686"/>
                <Baseline points="1990,722 2042,724 2095,726 2147,728 2200,730 2253,731 2305,733 2358,735 2410,737 2463,738 2516,740 2568,741 2621,742 2673,743 2726,743 2779,744 2831,745 2884,745 2936,745 2989,745 3042,745"/>
                <TextEquiv>
                    <Unicode>dieser antwortet: „Das lehrt man nicht, ich wurde,</Unicode>
                </TextEquiv>
            </TextLine>
            <TextLine id="r2l8" custom="readingOrder {index:7;}">
                <Coords points="1981,786 2364,807 2499,779 3036,822 3037,765 2987,754 1982,748"/>
                <Baseline points="1992,776 2043,777 2095,778 2147,778 2199,780 2250,781 2302,782 2354,783 2406,784 2457,785 2509,787 2561,788 2613,789 2664,789 2716,791 2768,791 2820,792 2871,793 2923,793 2975,793 3027,793"/>
                <TextEquiv>
                    <Unicode>zum Dichter, als ich das Geschenk des Schmerzes er¬</Unicode>
                </TextEquiv>
            </TextLine>
            <TextLine id="r2l9" custom="readingOrder {index:8;}">
                <Coords points="1979,840 2074,858 2137,813 2281,850 3036,871 3037,827 2961,797 2353,814 1981,785"/>
                <Baseline points="1990,824 2041,825 2093,827 2145,829 2197,830 2249,831 2300,832 2352,834 2404,835 2456,836 2508,837 2559,838 2611,839 2663,840 2715,841 2767,842 2818,843 2870,845 2922,845 2974,847 3026,848"/>
                <TextEquiv>
                    <Unicode>hielt.“ So dachte auch die bekannte Charlotte Stieg¬</Unicode>
                </TextEquiv>
            </TextLine>
            <TextLine id="r2l10" custom="readingOrder {index:9;}">
                <Coords points="1983,886 3038,904 3038,862 2896,845 2219,854 2139,812 2074,857 1983,842"/>
                <Baseline points="1993,873 2044,875 2096,877 2148,878 2199,879 2251,880 2303,882 2354,883 2406,884 2458,885 2510,885 2561,886 2613,887 2665,887 2716,888 2768,889 2820,889 2871,890 2923,891 2975,892 3027,893"/>
                <TextEquiv>
                    <Unicode>litz, als sie im vorigen Jahrhundert Selbstmord ver¬</Unicode>
                </TextEquiv>
            </TextLine>
            <TextLine id="r2l11" custom="readingOrder {index:10;}">
                <Coords points="1991,926 2720,961 2910,938 3002,970 3049,939 3013,894 2431,916 1992,880"/>
                <Baseline points="2001,922 2052,924 2104,925 2156,927 2208,929 2260,930 2312,931 2363,933 2415,934 2467,935 2519,936 2571,937 2623,938 2675,939 2726,940 2778,940 2830,940 2882,940 2934,940 2986,940 3038,940"/>
                <TextEquiv>
                    <Unicode>übte, um durch den großen Schmerz über ihren</Unicode>
                </TextEquiv>
            </TextLine>
            <TextLine id="r2l12" custom="readingOrder {index:11;}">
                <Coords points="1977,976 3039,1016 3040,968 2910,938 2418,961 1978,922"/>
                <Baseline points="1987,969 2039,971 2091,973 2143,975 2195,976 2247,978 2299,979 2352,981 2404,982 2456,984 2508,985 2560,986 2612,987 2664,988 2717,990 2769,990 2821,991 2873,992 2925,993 2977,994 3030,995"/>
                <TextEquiv>
                    <Unicode>Verlust ihrem Gatten, den Dichter Heinrich Stieglitz,</Unicode>
                </TextEquiv>
            </TextLine>
            <TextLine id="r2l13" custom="readingOrder {index:12;}">
                <Coords points="1985,1037 2305,1054 2434,1028 2494,1054 2678,1037 2768,1059 2865,1055 2866,1017 1986,979"/>
                <Baseline points="1996,1024 2039,1024 2082,1025 2125,1025 2168,1026 2211,1027 2254,1028 2297,1029 2340,1030 2383,1032 2426,1033 2469,1034 2512,1035 2555,1036 2598,1037 2641,1038 2684,1038 2727,1038 2770,1038 2813,1038 2856,1037"/>
                <TextEquiv>
                    <Unicode>zu erhöhtem poetischen Schaffen zu verhelfen.</Unicode>
                </TextEquiv>
            </TextLine>
            <TextLine id="r2l14" custom="readingOrder {index:13;}">
                <Coords points="2860,1045 2886,1051 2896,1045 2902,1051 2916,1048 2924,1056 2938,1055 2948,1045 2958,1050 2995,1049 3017,1034 3030,1035 3031,1008 3015,1004 2990,1013 2963,995 2928,1016 2861,1011"/>
                <Baseline points="2870,1039 2895,1038 2920,1038 2945,1040 2970,1042 2995,1043 3020,1043"/>
                <TextEquiv>
                    <Unicode>— Der</Unicode>
                </TextEquiv>
            </TextLine>
            <TextLine id="r2l15" custom="readingOrder {index:14;}">
                <Coords points="1986,1085 2956,1116 3041,1101 3042,1050 1986,1039"/>
                <Baseline points="1996,1073 2047,1074 2099,1076 2151,1077 2202,1079 2254,1080 2306,1081 2357,1081 2409,1082 2461,1083 2513,1084 2564,1085 2616,1085 2668,1086 2719,1087 2771,1087 2823,1087 2874,1088 2926,1088 2978,1089 3030,1089"/>
                <TextEquiv>
                    <Unicode>zweite Einakter „Die Frau mit dem Dolche“ mit</Unicode>
                </TextEquiv>
            </TextLine>
            <TextLine id="r2l16" custom="readingOrder {index:15;}">
                <Coords points="1983,1126 2764,1162 2855,1137 2921,1165 2992,1160 3031,1103 1984,1085"/>
                <Baseline points="1994,1121 2045,1122 2096,1123 2148,1124 2199,1125 2250,1126 2302,1127 2353,1128 2404,1129 2456,1130 2507,1131 2558,1132 2610,1133 2661,1135 2712,1136 2764,1137 2815,1138 2866,1139 2918,1139 2969,1140 3021,1141"/>
                <TextEquiv>
                    <Unicode>dem eingeschobenen visionären Traumbild ist eine ge¬</Unicode>
                </TextEquiv>
            </TextLine>
            <TextLine id="r2l17" custom="readingOrder {index:16;}">
                <Coords points="1977,1180 2881,1214 2916,1188 3000,1208 3031,1163 1978,1134"/>
                <Baseline points="1987,1170 2038,1171 2090,1172 2142,1173 2193,1174 2245,1176 2297,1177 2348,1178 2400,1179 2452,1180 2504,1181 2555,1182 2607,1183 2659,1184 2710,1185 2762,1186 2814,1187 2865,1187 2917,1188 2969,1189 3021,1189"/>
                <TextEquiv>
                    <Unicode>suchte dramatische Spielerei, die bei den meisten Zu¬</Unicode>
                </TextEquiv>
            </TextLine>
            <TextLine id="r2l18" custom="readingOrder {index:17;}">
                <Coords points="1982,1233 2975,1260 2976,1212 2922,1196 1983,1186"/>
                <Baseline points="1992,1222 2040,1223 2089,1224 2137,1225 2186,1225 2235,1226 2283,1226 2332,1227 2380,1227 2429,1228 2478,1228 2526,1229 2575,1230 2623,1231 2672,1232 2721,1233 2769,1235 2818,1237 2866,1239 2915,1242 2964,1245"/>
                <TextEquiv>
                    <Unicode>hörern kaum eine andere Wirkung hervorrust als —</Unicode>
                </TextEquiv>
            </TextLine>
            <TextLine id="r2l19" custom="readingOrder {index:18;}">
                <Coords points="1979,1288 3028,1302 3029,1242 2930,1268 1980,1236"/>
                <Baseline points="1989,1272 2040,1273 2092,1273 2143,1274 2195,1274 2246,1275 2298,1276 2349,1277 2401,1278 2452,1279 2504,1280 2555,1281 2607,1282 2658,1284 2710,1285 2761,1286 2813,1288 2864,1289 2916,1290 2967,1292 3019,1293"/>
                <TextEquiv>
                    <Unicode>Kopfschütteln. Originell in der Erfindung und un¬</Unicode>
                </TextEquiv>
            </TextLine>
            <TextLine id="r2l20" custom="readingOrder {index:19;}">
                <Coords points="1973,1322 2927,1359 3036,1341 3037,1303 1974,1283"/>
                <Baseline points="1982,1320 2034,1321 2086,1322 2138,1323 2190,1324 2242,1325 2294,1326 2347,1327 2399,1328 2451,1329 2503,1330 2555,1331 2607,1332 2659,1333 2712,1334 2764,1335 2816,1336 2868,1338 2920,1339 2972,1341 3025,1343"/>
                <TextEquiv>
                    <Unicode>serem menschlichen Empfinden näher liegend sind „Die</Unicode>
                </TextEquiv>
            </TextLine>
            <TextLine id="r2l21" custom="readingOrder {index:20;}">
                <Coords points="1963,1369 3028,1392 3029,1343 1964,1324"/>
                <Baseline points="1974,1369 2026,1371 2078,1372 2130,1373 2183,1374 2235,1375 2287,1376 2339,1377 2392,1378 2444,1379 2496,1380 2548,1381 2601,1382 2653,1382 2705,1383 2757,1384 2810,1385 2862,1386 2914,1387 2966,1388 3019,1389"/>
                <TextEquiv>
                    <Unicode>letzten Masken“, und vollends der vierte Einalter</Unicode>
                </TextEquiv>
            </TextLine>
            <TextLine id="r2l22" custom="readingOrder {index:21;}">
                <Coords points="1976,1428 2949,1459 3029,1442 3031,1390 1977,1394"/>
                <Baseline points="1986,1420 2037,1421 2089,1422 2140,1423 2192,1424 2244,1425 2295,1426 2347,1427 2399,1428 2450,1429 2502,1429 2554,1431 2605,1432 2657,1433 2709,1434 2760,1435 2812,1436 2864,1437 2915,1438 2967,1439 3019,1440"/>
                <TextEquiv>
                    <Unicode>„Literatur“ wirkt wie das griechische Satyrspiel, oder</Unicode>
                </TextEquiv>
            </TextLine>
            <TextLine id="r2l23" custom="readingOrder {index:22;}">
                <Coords points="1975,1481 2989,1510 3023,1504 3025,1442 2752,1463 2427,1432 2358,1459 2199,1419 1976,1427"/>
                <Baseline points="1984,1466 2035,1468 2086,1470 2138,1472 2189,1474 2241,1475 2292,1477 2344,1478 2395,1479 2447,1479 2498,1480 2549,1481 2601,1482 2652,1483 2704,1483 2755,1484 2807,1485 2858,1486 2910,1487 2961,1488 3013,1489"/>
                <TextEquiv>
                    <Unicode>der Einakter „Das ewig Männliche“ in Sudermanns</Unicode>
                </TextEquiv>
            </TextLine>
            <TextLine id="r2l24" custom="readingOrder {index:23;}">
                <Coords points="1968,1530 2612,1558 2727,1531 2871,1566 3045,1543 3046,1498 1968,1481"/>
                <Baseline points="1978,1521 2030,1522 2083,1523 2136,1524 2189,1525 2242,1526 2295,1527 2347,1528 2400,1529 2453,1530 2506,1531 2559,1532 2612,1533 2665,1534 2717,1535 2770,1535 2823,1536 2876,1536 2929,1536 2982,1536 3035,1536"/>
                <TextEquiv>
                    <Unicode>„Morituri“ als lustiges Gegenstück zu den tragischen</Unicode>
                </TextEquiv>
            </TextLine>
            <TextLine id="r2l25" custom="readingOrder {index:24;}">
                <Coords points="1971,1581 3032,1602 3033,1544 1972,1534"/>
                <Baseline points="1981,1566 2033,1567 2085,1569 2137,1571 2189,1572 2241,1573 2293,1575 2345,1576 2397,1577 2449,1579 2502,1580 2554,1582 2606,1583 2658,1583 2710,1584 2762,1585 2814,1586 2866,1587 2918,1587 2970,1588 3023,1589"/>
                <TextEquiv>
                    <Unicode>Eindrücken der vorhergegangenen Stücke, und entläßt</Unicode>
                </TextEquiv>
            </TextLine>
            <TextLine id="r2l26" custom="readingOrder {index:25;}">
                <Coords points="1973,1636 2340,1618 2400,1653 2532,1620 2901,1669 3029,1639 3014,1593 2871,1585 1975,1583"/>
                <Baseline points="1983,1616 2034,1618 2086,1619 2138,1621 2190,1623 2242,1624 2293,1626 2345,1627 2397,1629 2449,1630 2501,1632 2552,1633 2604,1634 2656,1635 2708,1636 2760,1636 2811,1637 2863,1638 2915,1638 2967,1638 3019,1638"/>
                <TextEquiv>
                    <Unicode>die Zuschauer in heiterster Stimmung. Es ist eine</Unicode>
                </TextEquiv>
            </TextLine>
            <TextLine id="r2l27" custom="readingOrder {index:26;}">
                <Coords points="1974,1679 3025,1694 3025,1641 2902,1668 1974,1635"/>
                <Baseline points="1983,1673 2034,1673 2086,1674 2137,1674 2189,1675 2241,1675 2292,1676 2344,1677 2395,1677 2447,1678 2499,1678 2550,1679 2602,1680 2653,1680 2705,1681 2757,1682 2808,1682 2860,1683 2911,1684 2963,1684 3015,1685"/>
                <TextEquiv>
                    <Unicode>Komädie voll feinster Kenntuis der Literatur= und</Unicode>
                </TextEquiv>
            </TextLine>
            <TextLine id="r2l28" custom="readingOrder {index:27;}">
                <Coords points="1962,1712 2054,1742 3025,1748 3026,1694 2905,1684 2862,1709 1963,1686"/>
                <Baseline points="1972,1722 2024,1721 2076,1721 2128,1721 2180,1722 2232,1723 2284,1724 2337,1724 2389,1726 2441,1727 2493,1729 2545,1730 2597,1731 2649,1732 2702,1733 2754,1734 2806,1735 2858,1735 2910,1735 2962,1735 3015,1735"/>
                <TextEquiv>
                    <Unicode>Kaffeehausgenialität, voll geistreicher Verspottung aben¬</Unicode>
                </TextEquiv>
            </TextLine>
            <TextLine id="r2l29" custom="readingOrder {index:28;}">
                <Coords points="1965,1773 2790,1810 2980,1799 3024,1786 3025,1748 1966,1727"/>
                <Baseline points="1975,1772 2026,1771 2078,1771 2130,1771 2182,1772 2234,1772 2286,1773 2338,1774 2390,1775 2442,1776 2494,1778 2545,1779 2597,1780 2649,1782 2701,1783 2753,1784 2805,1785 2857,1787 2909,1787 2961,1788 3013,1788"/>
                <TextEquiv>
                    <Unicode>teuerlicher Lebensläufe und moderner Buchmacherei und</Unicode>
                </TextEquiv>
            </TextLine>
            <TextLine id="r2l30" custom="readingOrder {index:29;}">
                <Coords points="1968,1832 3021,1854 3022,1785 1969,1789"/>
                <Baseline points="1978,1821 2029,1822 2081,1823 2133,1824 2184,1825 2236,1825 2288,1827 2339,1828 2391,1829 2443,1830 2495,1831 2546,1832 2598,1834 2650,1834 2701,1836 2753,1837 2805,1838 2856,1839 2908,1840 2960,1841 3012,1842"/>
                <TextEquiv>
                    <Unicode>erreicht den Höhepunkt in der witzigen Erfindung,</Unicode>
                </TextEquiv>
            </TextLine>
            <TextLine id="r2l31" custom="readingOrder {index:30;}">
                <Coords points="1964,1871 2980,1909 3028,1855 1965,1833"/>
                <Baseline points="1975,1869 2027,1870 2079,1870 2131,1871 2183,1872 2235,1873 2287,1874 2339,1875 2391,1876 2443,1877 2495,1878 2547,1880 2599,1881 2651,1882 2703,1883 2755,1884 2807,1885 2859,1885 2911,1886 2963,1887 3016,1887"/>
                <TextEquiv>
                    <Unicode>daß das edle Liebespaar von ehedem, Herr Gilbert und</Unicode>
                </TextEquiv>
            </TextLine>
            <TextLine id="r2l32" custom="readingOrder {index:31;}">
                <Coords points="1962,1936 2981,1960 3023,1947 3024,1890 2861,1913 1963,1882"/>
                <Baseline points="1972,1916 2024,1918 2076,1920 2128,1922 2180,1924 2232,1925 2284,1926 2336,1928 2388,1929 2440,1930 2493,1931 2545,1932 2597,1932 2649,1933 2701,1934 2753,1935 2805,1935 2857,1936 2909,1937 2961,1937 3014,1938"/>
                <TextEquiv>
                    <Unicode>Frau Margarete, jeder die eigenen und des andern</Unicode>
                </TextEquiv>
            </TextLine>
            <TextLine id="r2l33" custom="readingOrder {index:32;}">
                <Coords points="1959,1969 2891,2010 2987,2008 3025,1947 1960,1932"/>
                <Baseline points="1968,1963 2020,1966 2072,1968 2124,1970 2177,1972 2229,1973 2281,1975 2333,1976 2386,1977 2438,1978 2490,1978 2542,1979 2595,1980 2647,1981 2699,1981 2751,1982 2804,1983 2856,1985 2908,1986 2960,1988 3013,1989"/>
                <TextEquiv>
                    <Unicode>Liebesbriefe in ihren Romanen veröffentlicht haben.</Unicode>
                </TextEquiv>
            </TextLine>
            <TextLine id="r2l34" custom="readingOrder {index:33;}">
                <Coords points="2003,2033 3021,2071 3023,1988 2004,1985"/>
                <Baseline points="2013,2018 2062,2019 2112,2020 2162,2021 2212,2022 2262,2023 2312,2024 2362,2026 2412,2027 2462,2028 2512,2029 2561,2031 2611,2032 2661,2033 2711,2033 2761,2034 2811,2035 2861,2035 2911,2035 2961,2035 3011,2035"/>
                <TextEquiv>
                    <Unicode>* Die vier Stücke boten unseren Schauspielern aller¬</Unicode>
                </TextEquiv>
            </TextLine>
            <TextLine id="r2l35" custom="readingOrder {index:34;}">
                <Coords points="1956,2066 2437,2098 2502,2069 2892,2113 3013,2092 3014,2048 1958,2023"/>
                <Baseline points="1966,2066 2017,2067 2069,2068 2121,2069 2173,2071 2225,2072 2277,2073 2328,2075 2380,2076 2432,2078 2484,2080 2536,2081 2588,2083 2640,2084 2691,2085 2743,2086 2795,2087 2847,2088 2899,2089 2951,2089 3003,2089"/>
                <TextEquiv>
                    <Unicode>hand dankbare Rollen zur Darstellung und zeichnete</Unicode>
                </TextEquiv>
            </TextLine>
            <TextLine id="r2l36" custom="readingOrder {index:35;}">
                <Coords points="1965,2126 2957,2153 3012,2136 3013,2091 2892,2113 1966,2074"/>
                <Baseline points="1976,2116 2027,2116 2078,2116 2130,2117 2181,2118 2232,2119 2284,2120 2335,2121 2386,2123 2438,2124 2489,2125 2540,2127 2592,2128 2643,2129 2694,2131 2746,2132 2797,2133 2848,2134 2900,2134 2951,2135 3003,2135"/>
                <TextEquiv>
                    <Unicode>sich besonders Frau Kovacz=Schürmann im zwei¬</Unicode>
                </TextEquiv>
            </TextLine>
            <TextLine id="r2l37" custom="readingOrder {index:36;}">
                <Coords points="1957,2165 2041,2194 2961,2205 3020,2198 3021,2127 2958,2155 1957,2142"/>
                <Baseline points="1966,2167 2018,2169 2070,2170 2122,2172 2174,2173 2226,2174 2278,2174 2331,2175 2383,2175 2435,2176 2487,2176 2539,2177 2591,2177 2643,2178 2696,2179 2748,2180 2800,2181 2852,2182 2904,2184 2956,2187 3009,2189"/>
                <TextEquiv>
                    <Unicode>ten und noch mehr im vierten Einakter als Frau</Unicode>
                </TextEquiv>
            </TextLine>
            <TextLine id="r2l38" custom="readingOrder {index:37;}">
                <Coords points="1954,2231 2872,2256 3014,2243 3015,2191 1955,2181"/>
                <Baseline points="1964,2214 2016,2216 2068,2217 2120,2218 2172,2220 2224,2221 2276,2222 2328,2224 2380,2225 2432,2226 2484,2227 2536,2228 2588,2229 2640,2230 2692,2231 2744,2232 2796,2233 2848,2233 2900,2234 2952,2235 3004,2235"/>
                <TextEquiv>
                    <Unicode>Margarete durch anmutiges und sehr wirksames Spiel</Unicode>
                </TextEquiv>
            </TextLine>
            <TextLine id="r2l39" custom="readingOrder {index:38;}">
                <Coords points="1962,2289 2474,2272 2904,2306 3022,2295 3023,2252 1963,2236"/>
                <Baseline points="1972,2265 2026,2266 2081,2267 2136,2269 2190,2270 2245,2271 2300,2272 2354,2274 2409,2275 2464,2276 2518,2278 2573,2279 2628,2280 2682,2281 2737,2282 2792,2284 2846,2285 2901,2286 2956,2287 3011,2288"/>
                <TextEquiv>
                    <Unicode>aus. Herr Brückner, der in den beiden ersten</Unicode>
                </TextEquiv>
            </TextLine>
            <TextLine id="r2l40" custom="readingOrder {index:39;}">
                <Coords points="1956,2316 3011,2341 3000,2288 1957,2283"/>
                <Baseline points="1967,2318 2018,2318 2070,2319 2122,2320 2173,2321 2225,2322 2277,2323 2328,2325 2380,2326 2432,2327 2484,2328 2535,2329 2587,2330 2639,2331 2690,2331 2742,2332 2794,2332 2845,2332 2897,2332 2949,2332 3001,2332"/>
                <TextEquiv>
                    <Unicode>und im letzten Stück nicht nur die Spielleitung be¬</Unicode>
                </TextEquiv>
            </TextLine>
            <TextLine id="r2l41" custom="readingOrder {index:40;}">
                <Coords points="1953,2380 2982,2401 3014,2398 3015,2342 2248,2349 1954,2313"/>
                <Baseline points="1964,2367 2016,2368 2068,2370 2120,2371 2172,2372 2224,2373 2276,2374 2328,2375 2380,2376 2432,2377 2484,2378 2536,2379 2588,2380 2640,2381 2692,2382 2744,2382 2796,2383 2848,2383 2900,2384 2952,2384 3005,2384"/>
                <TextEquiv>
                    <Unicode>sorgte, sondern auch die Hauptrollen gab, hatte viel¬</Unicode>
                </TextEquiv>
            </TextLine>
            <TextLine id="r2l42" custom="readingOrder {index:41;}">
                <Coords points="1952,2439 2456,2425 2973,2461 3013,2447 3014,2393 1953,2380"/>
                <Baseline points="1962,2413 2014,2415 2066,2416 2118,2418 2170,2419 2222,2421 2274,2422 2326,2423 2378,2424 2430,2425 2482,2426 2534,2427 2586,2428 2638,2429 2690,2430 2742,2431 2794,2432 2846,2433 2898,2434 2950,2436 3003,2437"/>
                <TextEquiv>
                    <Unicode>seitige Gelegenheit, seine treffliche Darstellungsweise,</Unicode>
                </TextEquiv>
            </TextLine>
            <TextLine id="r2l43" custom="readingOrder {index:42;}">
                <Coords points="1951,2470 2440,2475 2500,2509 2581,2482 3008,2496 3009,2453 2934,2442 1952,2438"/>
                <Baseline points="1961,2471 2012,2470 2064,2469 2116,2469 2168,2469 2220,2469 2272,2470 2324,2471 2376,2472 2428,2474 2480,2475 2531,2477 2583,2478 2635,2480 2687,2481 2739,2482 2791,2483 2843,2483 2895,2484 2947,2483 2999,2483"/>
                <TextEquiv>
                    <Unicode>am glänzendsten in der Komödie „Literatur“, zu be¬</Unicode>
                </TextEquiv>
            </TextLine>
            <TextLine id="r2l44" custom="readingOrder {index:43;}">
                <Coords points="1949,2521 3016,2542 3017,2492 2971,2487 1950,2483"/>
                <Baseline points="1960,2517 2012,2518 2064,2518 2117,2518 2169,2519 2221,2520 2274,2521 2326,2522 2378,2523 2431,2524 2483,2525 2535,2527 2588,2528 2640,2529 2692,2530 2745,2531 2797,2532 2849,2533 2902,2534 2954,2535 3007,2535"/>
                <TextEquiv>
                    <Unicode>wahrheiten. Neben ihm sind noch Herr Großmann</Unicode>
                </TextEquiv>
            </TextLine>
            <TextLine id="r2l45" custom="readingOrder {index:44;}">
                <Coords points="1949,2575 3013,2606 3014,2552 1949,2527"/>
                <Baseline points="1959,2570 2011,2569 2063,2569 2115,2569 2167,2570 2220,2570 2272,2571 2324,2572 2376,2574 2428,2575 2481,2577 2533,2578 2585,2579 2637,2581 2689,2581 2742,2582 2794,2582 2846,2582 2898,2582 2950,2581 3003,2579"/>
                <TextEquiv>
                    <Unicode>durch vorzügliche Wiedergabe des Journalisten Rad¬</Unicode>
                </TextEquiv>
            </TextLine>
            <TextLine id="r2l46" custom="readingOrder {index:45;}">
                <Coords points="1941,2626 3004,2659 3005,2604 2914,2589 1942,2586"/>
                <Baseline points="1952,2618 2004,2618 2056,2618 2108,2619 2160,2620 2212,2620 2264,2621 2317,2623 2369,2624 2421,2625 2473,2626 2525,2627 2577,2629 2629,2630 2682,2630 2734,2631 2786,2631 2838,2631 2890,2631 2942,2630 2995,2629"/>
                <TextEquiv>
                    <Unicode>macher, Herr Staud als Weihgast und Herr Maier¬</Unicode>
                </TextEquiv>
            </TextLine>
            <TextLine id="r2l47" custom="readingOrder {index:46;}">
                <Coords points="1949,2677 2962,2708 3012,2701 3013,2663 2798,2631 2725,2664 2651,2632 1950,2630"/>
                <Baseline points="1960,2667 2012,2667 2064,2668 2116,2668 2168,2669 2220,2671 2272,2672 2325,2673 2377,2674 2429,2676 2481,2677 2533,2678 2585,2679 2637,2680 2690,2681 2742,2681 2794,2682 2846,2682 2898,2682 2950,2682 3003,2681"/>
                <TextEquiv>
                    <Unicode>hofer als Schauspieler Jackwert in „Die letzten</Unicode>
                </TextEquiv>
            </TextLine>
            <TextLine id="r2l48" custom="readingOrder {index:47;}">
                <Coords points="1937,2747 2002,2722 3009,2755 2992,2690 1939,2673"/>
                <Baseline points="1948,2713 2000,2714 2053,2715 2105,2715 2158,2716 2210,2718 2263,2719 2315,2720 2368,2721 2420,2722 2473,2723 2526,2725 2578,2726 2631,2727 2683,2728 2736,2729 2788,2730 2841,2731 2893,2732 2946,2733 2999,2733"/>
                <TextEquiv>
                    <Unicode>Masken“ hervorzuheben, desgleichen Herr v. Pindo</Unicode>
                </TextEquiv>
            </TextLine>
            <TextLine id="r2l49" custom="readingOrder {index:48;}">
                <Coords points="1951,2764 2999,2817 3001,2755 2924,2737 1952,2732"/>
                <Baseline points="1961,2760 2012,2762 2064,2763 2115,2765 2167,2767 2218,2768 2270,2769 2321,2770 2373,2771 2424,2772 2476,2773 2527,2774 2579,2775 2630,2776 2682,2777 2733,2777 2785,2778 2836,2779 2888,2780 2939,2781 2991,2782"/>
                <TextEquiv>
                    <Unicode>als Hausdorser im ersten und Herr Beraun als</Unicode>
                </TextEquiv>
            </TextLine>
            <TextLine id="r2l50" custom="readingOrder {index:49;}">
                <Coords points="1954,2826 2017,2846 2067,2816 2589,2843 2619,2836 2620,2793 2022,2785 1955,2764"/>
                <Baseline points="1964,2809 1996,2810 2028,2811 2060,2812 2093,2813 2125,2814 2157,2815 2189,2816 2222,2816 2254,2817 2286,2817 2318,2818 2351,2818 2383,2819 2415,2819 2447,2819 2480,2819 2512,2820 2544,2820 2576,2820 2609,2820"/>
                <TextEquiv>
                    <Unicode>Baron Clemens im letzten Einakter.</Unicode>
                </TextEquiv>
            </TextLine>
            <TextLine id="r2l51" custom="readingOrder {index:50;}">
                <Coords points="2022,2873 2944,2897 2992,2884 2994,2814 2764,2806 2588,2842 2436,2821 2326,2852 2236,2822 2022,2833"/>
                <Baseline points="2032,2860 2079,2861 2127,2863 2174,2865 2222,2867 2269,2868 2317,2870 2364,2871 2412,2872 2459,2873 2507,2874 2555,2875 2602,2876 2650,2877 2697,2878 2745,2879 2792,2880 2840,2880 2887,2881 2935,2882 2983,2883"/>
                <TextEquiv>
                    <Unicode>Am Sonntag wurde Anzengrubers nach¬</Unicode>
                </TextEquiv>
            </TextLine>
            <TextLine id="r2l52" custom="readingOrder {index:51;}">
                <Coords points="1940,2933 2343,2916 2380,2951 2631,2918 2997,2952 2998,2900 2877,2879 1941,2885"/>
                <Baseline points="1950,2913 2001,2913 2053,2913 2105,2914 2157,2914 2209,2915 2261,2916 2313,2917 2365,2919 2417,2921 2469,2922 2520,2924 2572,2925 2624,2926 2676,2928 2728,2929 2780,2930 2832,2930 2884,2931 2936,2931 2988,2931"/>
                <TextEquiv>
                    <Unicode>gelassenes Volksstück „Brave Leut' vom Grund“ seit</Unicode>
                </TextEquiv>
            </TextLine>
            <TextLine id="r2l53" custom="readingOrder {index:52;}">
                <Coords points="1950,2970 3003,2998 2990,2935 1951,2930"/>
                <Baseline points="1961,2962 2012,2962 2064,2962 2115,2963 2167,2964 2219,2965 2270,2966 2322,2968 2374,2969 2425,2971 2477,2973 2529,2974 2580,2976 2632,2977 2684,2979 2735,2980 2787,2981 2839,2982 2890,2983 2942,2983 2994,2983"/>
                <TextEquiv>
                    <Unicode>vielen Jahren wieder hier aufgeführt. Es scheint zu</Unicode>
                </TextEquiv>
            </TextLine>
            <TextLine id="r2l54" custom="readingOrder {index:53;}">
                <Coords points="1945,3029 2948,3047 3006,3036 3007,2996 1946,2973"/>
                <Baseline points="1955,3010 2007,3011 2059,3011 2111,3012 2163,3013 2215,3014 2267,3016 2319,3017 2371,3019 2423,3020 2475,3021 2527,3023 2579,3024 2631,3026 2683,3027 2735,3028 2787,3029 2839,3030 2891,3031 2943,3031 2996,3031"/>
                <TextEquiv>
                    <Unicode>den frühesten Arbeiten des Dichters zu gehören, denn</Unicode>
                </TextEquiv>
            </TextLine>
            <TextLine id="r2l55" custom="readingOrder {index:54;}">
                <Coords points="1937,3067 2994,3091 2991,3032 1938,3031"/>
                <Baseline points="1948,3061 1999,3062 2051,3062 2103,3063 2155,3064 2207,3064 2258,3066 2310,3066 2362,3067 2414,3069 2466,3070 2517,3071 2569,3073 2621,3074 2673,3075 2725,3077 2776,3078 2828,3079 2880,3081 2932,3082 2984,3084"/>
                <TextEquiv>
                    <Unicode>weder in dem losen, lockern Aufbau der Handlung,</Unicode>
                </TextEquiv>
            </TextLine>
            <TextLine id="r2l56" custom="readingOrder {index:55;}">
                <Coords points="1936,3130 3000,3147 3001,3090 1938,3074"/>
                <Baseline points="1946,3109 1998,3110 2050,3111 2102,3112 2154,3112 2206,3114 2258,3115 2311,3116 2363,3117 2415,3119 2467,3120 2519,3121 2571,3122 2623,3124 2676,3125 2728,3126 2780,3127 2832,3129 2884,3130 2936,3131 2989,3132"/>
                <TextEquiv>
                    <Unicode>noch im Dialog und den szenischen Einzelheiten, wenn man</Unicode>
                </TextEquiv>
            </TextLine>
            <TextLine id="r2l57" custom="readingOrder {index:56;}">
                <Coords points="1945,3168 2990,3191 2991,3145 2883,3132 1946,3126"/>
                <Baseline points="1956,3158 2007,3158 2058,3159 2109,3160 2161,3161 2212,3162 2263,3163 2314,3164 2366,3166 2417,3167 2468,3168 2519,3170 2571,3172 2622,3173 2673,3174 2724,3175 2776,3176 2827,3177 2878,3178 2929,3179 2981,3180"/>
                <TextEquiv>
                    <Unicode>von der in der zweiten Abteilung vorkommenden Szene</Unicode>
                </TextEquiv>
            </TextLine>
            <TextLine id="r2l58" custom="readingOrder {index:57;}">
                <Coords points="1943,3219 2991,3222 2949,3183 1944,3181"/>
                <Baseline points="1954,3211 2005,3211 2056,3211 2107,3211 2159,3212 2210,3213 2261,3213 2313,3215 2364,3216 2415,3217 2467,3219 2518,3220 2569,3221 2620,3222 2672,3224 2723,3225 2774,3225 2826,3226 2877,3226 2928,3226 2980,3225"/>
                <TextEquiv>
                    <Unicode>zwischen Frau Mittler und ihrem nach durchschwärmter</Unicode>
                </TextEquiv>
            </TextLine>
            <TextLine id="r2l59" custom="readingOrder {index:58;}">
                <Coords points="1938,3268 3009,3298 2997,3230 1940,3215"/>
                <Baseline points="1949,3258 2001,3258 2054,3258 2106,3259 2159,3260 2211,3261 2264,3262 2316,3264 2369,3265 2421,3267 2474,3269 2527,3270 2579,3272 2632,3274 2684,3275 2737,3277 2789,3278 2842,3278 2894,3279 2947,3279 3000,3279"/>
                <TextEquiv>
                    <Unicode>Nacht betrunekn heimkehrenden Gatten, die sehr geschickt</Unicode>
                </TextEquiv>
            </TextLine>
            <TextLine id="r2l60" custom="readingOrder {index:59;}">
                <Coords points="1930,3311 2997,3345 2998,3282 1931,3271"/>
                <Baseline points="1941,3312 1993,3311 2045,3311 2098,3311 2150,3311 2202,3312 2255,3313 2307,3314 2359,3315 2412,3317 2464,3319 2516,3320 2569,3321 2621,3323 2673,3324 2726,3325 2778,3326 2830,3327 2883,3327 2935,3327 2988,3326"/>
                <TextEquiv>
                    <Unicode>gemacht ist, absehen will, bekommt man auch nur eine</Unicode>
                </TextEquiv>
            </TextLine>
            <TextLine id="r2l61" custom="readingOrder {index:60;}">
                <Coords points="1935,3375 2778,3398 2878,3361 2944,3395 2985,3345 1936,3317"/>
                <Baseline points="1946,3361 1997,3361 2048,3362 2100,3363 2151,3363 2203,3364 2254,3365 2305,3366 2357,3367 2408,3368 2460,3369 2511,3370 2562,3371 2614,3372 2665,3373 2717,3374 2768,3375 2819,3375 2871,3376 2922,3377 2974,3377"/>
                <TextEquiv>
                    <Unicode>Ahnung von dem Dichter des „Vierten Gebots“ des</Unicode>
                </TextEquiv>
            </TextLine>
            <TextLine id="r2l62" custom="readingOrder {index:61;}">
                <Coords points="1931,3419 3002,3443 3003,3387 2881,3360 2785,3395 1932,3375"/>
                <Baseline points="1942,3410 1994,3410 2047,3411 2099,3411 2152,3412 2204,3413 2257,3413 2309,3415 2362,3416 2414,3416 2467,3418 2519,3419 2572,3420 2624,3421 2677,3422 2729,3423 2782,3425 2834,3425 2887,3426 2939,3427 2992,3427"/>
                <TextEquiv>
                    <Unicode>„Meineidbauer“ und der „Kreuzelschreiber“. Es bietet</Unicode>
                </TextEquiv>
            </TextLine>
            <TextLine id="r2l63" custom="readingOrder {index:62;}">
                <Coords points="1935,3474 2223,3457 2287,3489 2826,3496 2996,3471 2966,3434 1935,3424"/>
                <Baseline points="1944,3458 1996,3459 2048,3460 2100,3460 2152,3461 2204,3463 2256,3464 2308,3465 2360,3466 2412,3468 2465,3469 2517,3470 2569,3471 2621,3472 2673,3473 2725,3473 2777,3474 2829,3474 2881,3474 2933,3474 2986,3473"/>
                <TextEquiv>
                    <Unicode>nur dankbare Rollen für das Ehepaar Mittler, das</Unicode>
                </TextEquiv>
            </TextLine>
            <TextLine id="r2l64" custom="readingOrder {index:63;}">
                <Coords points="1932,3514 2985,3539 2972,3480 1933,3474"/>
                <Baseline points="1943,3512 1994,3511 2046,3511 2097,3511 2149,3512 2201,3512 2252,3513 2304,3514 2355,3515 2407,3516 2459,3518 2510,3519 2562,3520 2613,3521 2665,3522 2717,3523 2768,3524 2820,3524 2871,3524 2923,3524 2975,3523"/>
                <TextEquiv>
                    <Unicode>von Frl. Rainer und Herrn Maierhofer treff¬</Unicode>
                </TextEquiv>
            </TextLine>
            <TextLine id="r2l65" custom="readingOrder {index:64;}">
                <Coords points="1931,3570 2928,3589 2992,3578 2993,3534 1932,3522"/>
                <Baseline points="1941,3564 1993,3562 2045,3561 2097,3560 2149,3560 2201,3560 2253,3561 2305,3562 2357,3563 2409,3565 2462,3566 2514,3568 2566,3570 2618,3572 2670,3573 2722,3575 2774,3576 2826,3577 2878,3577 2930,3577 2983,3577"/>
                <TextEquiv>
                    <Unicode>lich dargestellt wurde und prächtige Wiener Typen ent¬</Unicode>
                </TextEquiv>
            </TextLine>
            <TextLine id="r2l66" custom="readingOrder {index:65;}">
                <Coords points="1936,3623 2838,3646 2985,3639 2986,3600 1937,3566"/>
                <Baseline points="1946,3611 1997,3611 2048,3612 2100,3613 2151,3613 2203,3614 2254,3614 2306,3615 2357,3615 2409,3616 2460,3617 2511,3617 2563,3618 2614,3619 2666,3620 2717,3621 2769,3622 2820,3623 2872,3625 2923,3626 2975,3628"/>
                <TextEquiv>
                    <Unicode>hielt, dann für den unglücklichen Ehemann Ducker, von</Unicode>
                </TextEquiv>
            </TextLine>
            <TextLine id="r2l67" custom="readingOrder {index:66;}">
                <Coords points="1920,3678 2364,3663 2754,3697 2945,3688 2989,3637 1922,3626"/>
                <Baseline points="1931,3658 1983,3658 2035,3658 2088,3658 2140,3659 2193,3659 2245,3661 2297,3662 2350,3663 2402,3665 2455,3666 2507,3668 2559,3669 2612,3670 2664,3672 2717,3673 2769,3673 2821,3674 2874,3674 2926,3674 2979,3674"/>
                <TextEquiv>
                    <Unicode>Herrn Kneidinger vorzüglich gespielt. Das er#arb</Unicode>
                </TextEquiv>
            </TextLine>
            <TextLine id="r2l68" custom="readingOrder {index:67;}">
                <Coords points="1929,3721 2989,3734 2989,3690 2935,3681 1930,3675"/>
                <Baseline points="1939,3712 1993,3711 2048,3711 2103,3711 2157,3711 2212,3712 2267,3713 2321,3714 2376,3715 2431,3716 2485,3717 2540,3719 2595,3720 2649,3721 2704,3722 2759,3723 2813,3724 2868,3724 2923,3724 2978,3724"/>
                <TextEquiv>
                    <Unicode>dem Stücke Beifall neben den teilweise eingefügten</Unicode>
                </TextEquiv>
            </TextLine>
            <TextLine id="r2l69" custom="readingOrder {index:68;}">
                <Coords points="1910,3787 2303,3758 2978,3778 2962,3727 1911,3727"/>
                <Baseline points="1921,3761 1973,3761 2025,3762 2077,3762 2130,3763 2182,3763 2234,3764 2287,3764 2339,3765 2391,3766 2444,3767 2496,3768 2548,3769 2600,3769 2653,3770 2705,3771 2757,3772 2810,3773 2862,3773 2914,3774 2967,3775"/>
                <TextEquiv>
                    <Unicode>Conplets des Frl. Rainer und der Herren Maier¬</Unicode>
                </TextEquiv>
            </TextLine>
            <TextLine id="r2l70" custom="readingOrder {index:69;}">
                <Coords points="1914,3819 2666,3808 2909,3841 2978,3828 2979,3777 1915,3781"/>
                <Baseline points="1924,3813 1976,3811 2028,3811 2080,3810 2132,3810 2184,3810 2236,3811 2289,3812 2341,3813 2393,3814 2445,3815 2497,3817 2549,3819 2601,3820 2654,3822 2706,3823 2758,3824 2810,3825 2862,3826 2914,3827 2967,3827"/>
                <TextEquiv>
                    <Unicode>hofer und Kneidinger. Frl. Rainer wäre übrigens</Unicode>
                </TextEquiv>
            </TextLine>
            <TextLine id="r2l71" custom="readingOrder {index:70;}">
                <Coords points="1929,3848 3008,3890 3009,3847 2860,3828 1930,3819"/>
                <Baseline points="1939,3857 1991,3858 2044,3858 2097,3859 2150,3860 2203,3860 2256,3861 2309,3862 2362,3863 2415,3864 2468,3865 2520,3866 2573,3867 2626,3869 2679,3870 2732,3872 2785,3873 2838,3875 2891,3877 2944,3879 2997,3882"/>
                <TextEquiv>
                    <Unicode>eim Siügen mehr Deutlichkeit der Worte zu empfehlen.</Unicode>
                </TextEquiv>
            </TextLine>
            <TextLine id="r2l72" custom="readingOrder {index:71;}">
                <Coords points="1931,3895 2001,3924 2133,3898 2181,3926 2980,3940 2957,3875 2739,3897 1932,3863"/>
                <Baseline points="1942,3909 1993,3910 2044,3910 2096,3911 2147,3911 2199,3912 2250,3913 2301,3913 2353,3914 2404,3915 2456,3916 2507,3917 2558,3918 2610,3919 2661,3920 2713,3921 2764,3922 2815,3923 2867,3925 2918,3926 2970,3927"/>
                <TextEquiv>
                    <Unicode>luch die Herren Wehle (Blind) und Beraus</Unicode>
                </TextEquiv>
            </TextLine>
            <TextLine id="r2l73" custom="readingOrder {index:72;}">
                <Coords points="1925,3958 2974,3980 2975,3940 2887,3920 2403,3935 1927,3902"/>
                <Baseline points="1936,3955 1987,3956 2038,3957 2090,3958 2141,3959 2193,3960 2244,3962 2296,3963 2347,3964 2399,3965 2450,3966 2501,3967 2553,3968 2604,3969 2656,3971 2707,3972 2759,3973 2810,3974 2862,3976 2913,3978 2965,3979"/>
                <TextEquiv>
                    <Unicode>(Pressinger) sorgten für Heiterkeit. Als sympathische</Unicode>
                </TextEquiv>
            </TextLine>
            <TextLine id="r2l74" custom="readingOrder {index:73;}">
                <Coords points="1930,4011 2510,4008 2727,4052 2986,4010 2960,3977 1931,3962"/>
                <Baseline points="1941,4006 1992,4006 2044,4007 2096,4008 2148,4009 2199,4010 2251,4012 2303,4013 2355,4015 2406,4016 2458,4018 2510,4019 2562,4021 2613,4022 2665,4023 2717,4024 2769,4025 2820,4026 2872,4027 2924,4027 2976,4027"/>
                <TextEquiv>
                    <Unicode>und talentierte Anfängerin erwies sich Frl. Lola</Unicode>
                </TextEquiv>
            </TextLine>
            <TextLine id="r2l75" custom="readingOrder {index:74;}">
                <Coords points="2788,4087 2800,4087 2804,4083 2816,4087 2851,4080 2869,4094 2889,4094 2888,4029 2870,4032 2860,4022 2852,4022 2840,4032 2828,4028 2788,4032"/>
                <Baseline points="2798,4062 2824,4061 2851,4061 2878,4061"/>
                <TextEquiv>
                    <Unicode>(1n</Unicode>
                </TextEquiv>
            </TextLine>
            <TextLine id="r2l76" custom="readingOrder {index:75;}">
                <Coords points="1924,4084 2425,4064 2683,4095 2719,4087 2720,4021 1925,4010"/>
                <Baseline points="1934,4057 1972,4059 2011,4061 2050,4063 2089,4065 2127,4066 2166,4067 2205,4068 2244,4069 2282,4069 2321,4070 2360,4070 2399,4071 2437,4071 2476,4071 2515,4072 2554,4072 2592,4072 2631,4073 2670,4074 2709,4075"/>
                <TextEquiv>
                    <Unicode>Kneidinger in ihrek kleinen Rolle</Unicode>
                </TextEquiv>
            </TextLine>
            <TextEquiv>
                <Unicode>box 21/5
*—
sonderlich, wenn auch ein großes Leid dem dichterischen
Schaffen günstig ist, wie schon in Ibsens Kronpräten¬
denten der König den Skalden fragt: „Wie wurdest
du Dichter? Wer lehrte dich diese Kunst?“ und;
dieser antwortet: „Das lehrt man nicht, ich wurde,
zum Dichter, als ich das Geschenk des Schmerzes er¬
hielt.“ So dachte auch die bekannte Charlotte Stieg¬
litz, als sie im vorigen Jahrhundert Selbstmord ver¬
übte, um durch den großen Schmerz über ihren
Verlust ihrem Gatten, den Dichter Heinrich Stieglitz,
zu erhöhtem poetischen Schaffen zu verhelfen.
— Der
zweite Einakter „Die Frau mit dem Dolche“ mit
dem eingeschobenen visionären Traumbild ist eine ge¬
suchte dramatische Spielerei, die bei den meisten Zu¬
hörern kaum eine andere Wirkung hervorrust als —
Kopfschütteln. Originell in der Erfindung und un¬
serem menschlichen Empfinden näher liegend sind „Die
letzten Masken“, und vollends der vierte Einalter
„Literatur“ wirkt wie das griechische Satyrspiel, oder
der Einakter „Das ewig Männliche“ in Sudermanns
„Morituri“ als lustiges Gegenstück zu den tragischen
Eindrücken der vorhergegangenen Stücke, und entläßt
die Zuschauer in heiterster Stimmung. Es ist eine
Komädie voll feinster Kenntuis der Literatur= und
Kaffeehausgenialität, voll geistreicher Verspottung aben¬
teuerlicher Lebensläufe und moderner Buchmacherei und
erreicht den Höhepunkt in der witzigen Erfindung,
daß das edle Liebespaar von ehedem, Herr Gilbert und
Frau Margarete, jeder die eigenen und des andern
Liebesbriefe in ihren Romanen veröffentlicht haben.
* Die vier Stücke boten unseren Schauspielern aller¬
hand dankbare Rollen zur Darstellung und zeichnete
sich besonders Frau Kovacz=Schürmann im zwei¬
ten und noch mehr im vierten Einakter als Frau
Margarete durch anmutiges und sehr wirksames Spiel
aus. Herr Brückner, der in den beiden ersten
und im letzten Stück nicht nur die Spielleitung be¬
sorgte, sondern auch die Hauptrollen gab, hatte viel¬
seitige Gelegenheit, seine treffliche Darstellungsweise,
am glänzendsten in der Komödie „Literatur“, zu be¬
wahrheiten. Neben ihm sind noch Herr Großmann
durch vorzügliche Wiedergabe des Journalisten Rad¬
macher, Herr Staud als Weihgast und Herr Maier¬
hofer als Schauspieler Jackwert in „Die letzten
Masken“ hervorzuheben, desgleichen Herr v. Pindo
als Hausdorser im ersten und Herr Beraun als
Baron Clemens im letzten Einakter.
Am Sonntag wurde Anzengrubers nach¬
gelassenes Volksstück „Brave Leut' vom Grund“ seit
vielen Jahren wieder hier aufgeführt. Es scheint zu
den frühesten Arbeiten des Dichters zu gehören, denn
weder in dem losen, lockern Aufbau der Handlung,
noch im Dialog und den szenischen Einzelheiten, wenn man
von der in der zweiten Abteilung vorkommenden Szene
zwischen Frau Mittler und ihrem nach durchschwärmter
Nacht betrunekn heimkehrenden Gatten, die sehr geschickt
gemacht ist, absehen will, bekommt man auch nur eine
Ahnung von dem Dichter des „Vierten Gebots“ des
„Meineidbauer“ und der „Kreuzelschreiber“. Es bietet
nur dankbare Rollen für das Ehepaar Mittler, das
von Frl. Rainer und Herrn Maierhofer treff¬
lich dargestellt wurde und prächtige Wiener Typen ent¬
hielt, dann für den unglücklichen Ehemann Ducker, von
Herrn Kneidinger vorzüglich gespielt. Das er#arb
dem Stücke Beifall neben den teilweise eingefügten
Conplets des Frl. Rainer und der Herren Maier¬
hofer und Kneidinger. Frl. Rainer wäre übrigens
eim Siügen mehr Deutlichkeit der Worte zu empfehlen.
luch die Herren Wehle (Blind) und Beraus
(Pressinger) sorgten für Heiterkeit. Als sympathische
und talentierte Anfängerin erwies sich Frl. Lola
(1n
Kneidinger in ihrek kleinen Rolle</Unicode>
            </TextEquiv>
        </TextRegion>
    </Page>
</PcGts>
