3484 4384
349 130 2008 244 16.1. Lebendige Stunden zyklus
2160 131 2609 228 box 21/2
1300 1143 2517 1241 mit seinen vier Stücken, Einaktern, einen ausgesprochenen,!
1298 1194 2492 1288 bedeutenden Erfolg. Die ersten drei Stückchen bilden einen
1298 1241 2478 1322 Cyclus, der, anknüpfend an den Titel des den Abend eröffnen¬
1292 1281 2478 1372 den Einakters, „Lebendige Stunden“ einen eigen¬
1293 1331 2490 1436 artigen, wenn auch nicht mehr neuen psychologischen Gedanken
1299 1375 2483 1477 ausdrücken will. An den Tod knüpft sich das quellende Leben.
1299 1414 2481 1505 Der schaffende Künstler schöpft aus dem Vergehen blühendes
1293 1469 2475 1560 Sein, und wenn er Zeuge des Dahinwelkens des Irdischen
1296 1506 2485 1596 ist, erwachsen ihm aus der Beobachtung dieses erschütternden
1294 1552 2478 1659 Vorganges die Triebe zu kräftigem Schaffen. Um den Sohn,
1291 1601 2487 1683 der durch ihre Krankheit sich im Schaffen behindert fühlt, von
1295 1634 2480 1745 sich zu befreien, gibt sich eine Mutter den Tod — dies ist die
1288 1691 2466 1772 grausame Handlung des ersten Einakters. Das Experiment,
1279 1719 2475 1839 diesen Vorwurf menschlich ergreifend zu schildern, ist Schnitzler
1289 1766 2465 1883 nur halb gelungen. Umso fesselnder aber gestaltete sich das
1285 1825 2472 1924 zweite Stück, „Die Fraumitdem Dolche. Eine Frau
1277 1853 2465 1959 hat mit ihrem Liebhaber ein Stelldichein vor dem Bilde der
1279 1919 2467 1998 „Frau mit dem Dolche“. Das Bild regt sie zu Gedanken an,
1276 1947 2454 2055 die sich darauf beziehen, wie wohl der Ausgang ihres gefähr¬
1273 2009 2465 2106 lichen Spieles sich wenden würde. Plötzlich zeigt uns die
1270 2039 2454 2146 Scene die Frau um einige Jahrhunderte zurückversetzt, in
1267 2077 2449 2178 das Zeitalter der Medici, sie ist die Gattin eines Künstlers,
1268 2128 2450 2213 den sie eben mit einem seiner Schüler hintergangen hat. Ihr
1268 2171 2455 2283 Mann erscheint, und da er den Jüngling nicht tödten will,
1266 2221 2450 2313 ersticht sie selbst den jungen Maler mit ihrem Dolche. Da
1274 2259 2451 2367 — die Scene verwandelt sich — das Paar steht wieder in der
1257 2307 2454 2406 Bildergalerie, und die Frau verspricht dem Geliebten, daß sie
1265 2370 2447 2446 am Abend zu ihm kommen werde. Das Auge des Zuschauers
1264 2400 2446 2501 sieht den Vorgang, der sich am Abend abspielen wird, vor sich,
1266 2443 2446 2539 der grausame Ausblick auf das blutige Ende ist die Pointe
1263 2495 2442 2600 des Stückes. „Die letzten Masken“ nennt sich das
1262 2528 2431 2626 dritte Stück. Ein mit dem Tode ringender Mensch will den,
1253 2575 2440 2678 den er im Leben gehaßt, in der letzten Stunde seines Daseins
1261 2628 2429 2709 noch einmal mit seinem Haß überschütten, doch er erkennt, daß
1253 2674 2371 2758 der Gegenstand des Hasses zu nichtig und zu gering ist —
1245 2717 2420 2804 er stirbt, innerlich befreit und geläutert. Ein heiteres, über¬
1253 2753 2427 2850 müthiges und satirisches Bildchen zeigt das letzte Stück,
1257 2800 2423 2877 „Literatur". Mit viel Witz und treffendem Humor
1251 2856 2438 2939 karikirt Schnitzler das „literarische“ sübdeutsche Kaffeehaus¬
1258 2905 2455 3023 teven, seine Anspielungen wurden vom Publikum verstanden
1249 2941 2441 3070 und belacht, und das flotte Stückchen besitzt einen hohen Grad
1253 2986 2433 3097 von Lebensfähigkeit. Den vier neuen Stücken war eine außer¬
1249 3021 2425 3133 ordentlich freundliche Aufnahme beschieden, die Darsteller
1252 3074 2429 3187 gaben ihr Bestes, und so war es thatsächlich #in genußreicher
1260 3124 2079 3218 Abend, anregend in seiner Gesammtheit
2121 3158 2432 3247 in einzelnen
1248 3155 1823 3244 Zügen von tiefem Interesse.
