3392 4320
940 189 1441 299 o  1102
1203 596 2158 670 (Gastspiel des Berliner „Deutschen
1084 660 2145 715 Theaters“.) Im Theaterhause auf dem Leopoldring
1117 703 2160 753 durfte heute der reichtalentirte dramatische Dichter
1117 749 2148 788 Arthur Schnitzler — zum ersten Male auf einer
1115 783 2150 841 Budapester Bühne — zu Worte kommen. Seine
1117 834 2155 887 und seiner „Lebendigen Stunden“ Be¬
1110 872 2143 930 kanntschaft wurde uns durch die Berliner Künstler
2162 902 2376 969 inclusive
1110 909 2148 996 vermittelt, die ihr gestern unter so günstigen Auspizien
2189 958 2348 1002 Porto.
962 948 1074 1012 Für
1084 961 2141 1036 #entrirkes Gastspiel in erfolgreicher Weise fortsetzten.
2167 990 2365 1041 Zahlbar
1005 1015 1045 1052 „
1090 1008 2151 1081 s Die „Lebendigen Stunden“ sind kein einheitliches
1020 1047 1069 1095 n
1077 1028 2400 1109 Schauspiel, sondern es sind das vier miteinander] im Voraus.
1016 1088 1054 1132 n
1073 1102 2417 1168 1(in keinem Zusammenhange stehende Einakter, hnitte ist das
1105 1151 2425 1198 von denen die drei ersten das ernste undch steht es den
991 1178 2295 1240 Abonn das vierte das heitere Genre repräsentiren. Das ändern.
986 1222 2140 1288 Abonn am mindesten gelungen ist das erste Dramolet, nach
1115 1253 2426 1330 welchem das ganze Werk betitelt ist. Es wird da ein enthaltend die
1118 1294 2413 1372 gar zu grausames Thema behandelt — dasjenige voner Morgen¬
991 1328 2419 1413 Inhall einer Mutter, die sich freiwillig den Tod gibt, weil 'iener Zeitung")
999 1367 2434 1460 blätsie durch ihr Siechthum den Sohn von der Arbeit wirthschaftliche
2108 1414 2442 1484 vird. Diese Mit¬
1008 1444 2136 1487 wodurgbzuhalten vermeint. Nur ein Mensch weiß, daß sie
1003 1479 2143 1546 Leben keines natürlichen Todes gestorben, und das ist ihr
1002 1517 1156 1578 theilu“
1110 1529 2145 1591 langjähriger Freund Hausdorfer, der dem Sohne drei
1116 1578 2149 1636 Wochen nachher die fürchterliche Wahrheit mittheilt.
1112 1620 2173 1677 Letzterer fragt, warum der aalte Herr ihm erzählen
1122 1679 2182 1742 mußte, daß er eigentlich der Mörder seiner Mutter¬
1126 1707 2178 1781 sei, und das Nämliche fragt auch der Zuhörer. Der
1130 1744 2170 1822 Dialog ist ein wenig zu breit und auch der Abschluß?
1129 1808 2169 1873 wirkt nicht besonders befriedigend. So erzielte denn
1121 1845 2176 1921 auch dieses einleitende Stück trotz des vorzüglichen
1118 1877 2172 1939 Spieles der Herren Reinhardt und Rittner
1132 1919 2181 1997 keine besondere Wirkung. Aber schon bei der zweiten
1133 1971 2170 2035 Piece, der „Fraumit dem Dolche“, wurde
1125 2018 2160 2072 die Stimmung des Auditoriums eine warme, und von
1131 2056 2168 2128 Stück zu Stück steigerte sich der Essekt, so daß der Abend
1132 2102 2169 2166 dem persönlich anwesenden Verfasser einen schönen und
1134 2140 2177 2217 vollen Erfolg brachte. „Die Frau mit dem Dolche“ ist ein
1137 2189 2172 2253 mit einer Vision gespicktes Sittenbildchen. Die junge
1138 2228 2181 2295 Frau eines berühmten Schriftstellers gibt sich ihrem
1135 2277 2179 2335 Anbeter hin, nachdem sie einen Augenblick den
1134 2317 2182 2386 Traum gehabt, daß sie für ihren Mann mehr das
1133 2369 2180 2417 Objekt künstlerischen Studiums, als dasjenige wahrer
1134 2391 2181 2474 Liebe sei. Diese Moral dünkt uns ein wenig be¬
1137 2442 2183 2505 denklich, aber der Einakter ist sehr hübsch und das
1139 2492 2182 2554 ist die Hauptsache. In demselben spielte Frl. Irene
1142 2525 2184 2596 Triesch die Hauptrolle. Wir lernten die jugend¬
1141 2582 2190 2647 liche Künstlerin erst heute kennen, sie gewann das
1142 2618 2180 2688 hiesige Publikum sofort durch die Anmuth ihres
1149 2667 2188 2730 Wesens und ihre hohe schauspielerische Intelligenz.
1141 2712 2182 2766 Ihr Partner, Herr Kayßler, deklamirte zu stark
1134 2745 2187 2822 und zu laut. „Die letzten Masken“ betitelt
1139 2795 2185 2858 sich das dritte Stück. Ein in düsteren Farben gehal¬
1153 2852 2193 2918 tenes Spitalsdrama. Der alte herabgekommene Jour¬
1155 2888 2192 2944 nalist liegt im Krankenhause auf dem Sterbelager.
1143 2928 2183 2989 Aber bevor er einzieht ins ewige Nichts, will er sich
1159 2980 2185 3034 furchtbar rächen an dem einstigen Kollegen und
1156 3008 2191 3095 Freunde Weihgast, der in die Höhe kam, zu Ruhm
1147 3061 2190 3126 und Reichthum gelangte, während er selbst zeit¬
1147 3098 2200 3149 lebens arm und in Spielball der Schicksals¬
1150 3141 2193 3208 lau; geblieben war. Er läßt den berühmten Mann
1148 3183 2194 3271 zu sich kommen; er will ihn durch die Mittheilung
1149 3229 2200 3298 niederschmettern, daß seine, Weihgast's, Frau vor
1151 3272 2198 3353 zwanzig Jahren sich ihm in die Arme geworfen,
1150 3316 2189 3376 weil sie die Hohlheit ihres Gatten richtig er¬
1155 3361 2194 3436 kannt hatte. Der Sterbende ist von Wuth und
1159 3401 2201 3464 Haß erfüllt gegen den, der da leben bleibt im
1146 3459 2191 3524 Sonnenscheine des Glücks. Dieses Glück will er
1146 3492 2200 3578 vernichten, aber da er darangeht, das zu thun,
1156 3531 2194 3593 verliert er die Kraft und die Lust dazu. Gespielt
1153 3571 2195 3643 wurde das Stück von den Herren Reinhardt
1160 3620 2200 3687 und Bassermann geradezu meisterhaft. In
1156 3669 2196 3733 kleineren Rollen bewährten sich die Herren Hof¬
1157 3693 2217 3783 meister und Meinhardt aufs beste. Den
1166 3747 2223 3819 Clou des Abends bildete die vom köstlichen Humor!
1157 3811 2147 3874 Schnitzler's zeugende Lustspielbluette „Literatur“ —
1151 3825 2208 3914 eine prächtige und trotz des satirischen In¬
1166 3881 2189 3955 halts überaus gemüthliche Persiflage des Ge¬
1159 3923 2185 3984 habens der Aristokraten gegenüber der „Bagage“.
1152 3966 2185 4037 In diesem Stücke, welches fortwährende Heiterkeits¬
1158 4011 2192 4090 ausbrüche der Zuhörerschaft erzielte, exzellirte Herr
1935 4055 2187 4114 4.
