3436 4256
2091 180 2522 282 box 21/2
284 175 1958 291 16.1. Lebendige Stunden— Zyklus
143 814 705 912 Zeitungs-Ausschnitte
360 893 566 962 Ausschnitt
142 946 697 1047 EN Nr. 88
130 1016 709 1123 Ferichte u. Personalnachricht“
674 1089 1994 1189 ist, und von einem jungen Sohne der ein Dichter ist und in seiner
130 1100 579 1209 nstrasse 17.
666 1133 1978 1232 Kunst einen verheißungsvollen Anlauf genommen hat. Die Da¬
1963 1142 3265 1239 noch seine Studien. Der Schauspieler ist jedoch nicht die Haupt¬
118 1175 360 1272 Figyels“ —
667 1176 3260 1269 hingeschiedene hätte aber wohl noch ein paar Jahre leben können; person, sondern ein armer, heruntergekommener, in den letzten
662 1219 3268 1311 sie hat sich selbst geopfert, um dem Sohne, der neben ihrem qual= Zügen liegender Journalist. Allerdings war es der Schauspieler,
132 1254 673 1345 (Newyork, Paris, Rom, Stockho
672 1263 3262 1318 vollen Siechtum die Schwingen seiner Seele nicht zu entfalten ver= der ihm seinen letzten Wunsch soufflierte. Er hat ihm nämlich
1949 1328 3255 1407 erzählt, wie er sich die schlimmsten Stunden seiner Krankheit damit
655 1311 3262 1408 mag, den Weg frei zu machen. Der Alte weiß es aus einem fürzte, daß er im Geiste mit allen seinen Feinden abrechnete. Das
663 1354 1971 1447 hinterlassenen Briefe der Toten. Ihn der mit ihr sein bestes
656 1396 3260 1444 Stück Leben verloren, wurmt das Opfer der „lebendigen Stunden“ ill der Journalist, der sich immer um des Lebens Notdurft hat
139 1337 646 1533 F Hartung'sche Zeitung
639 1423 3267 1547 die er noch mit ihr hätte genießen können, für die künstlerischelen müssen, auch thun: er will abrechnen, wenigstens mit
657 1483 1961 1582 Zukunft des Jungen so, er ist so überzengt von dem Recht des
1954 1506 3252 1583 einem. Mit seinem Jugendgenossen, der immer höher auf¬
135 1472 276 1591 Pr
656 1531 1961 1614 Lebens im Gegensatz zum Rechte der Kunst, daß er das ihm auf¬
1960 1549 3266 1636 stieg, während es mit ihm immer weiter abwärts ging,
652 1570 1954 1666 erlegte Stillschweigen bricht. Er ist eifersüchtig darauf, daß der
1955 1594 3253 1680 und der doch nicht so viel ist wie er. Er will, bevor er stirbt,
646 1621 1955 1705 junge Mann in seiner Kunst ein Mittel finden kann, über das
1948 1642 3274 1713 ihm ins Ohr schreien, daß er, der Arme und Verachtete, seiner,
641 1662 1957 1756 Erlebte hinwegzukommen; er will ihn daran hindern dadurch, daß
1952 1682 3265 1763 des Berühmten und Gefeierten, spotten dürfe: daß er jahrelang
640 1703 1953 1798 er ihn mit der Last des Geheimnisses beschwert. Der junge Mann
1949 1724 3262 1805 der Geliebte der Frau des Freundes gewesen sei, die beide nach
648 1750 1950 1839 indessen entgegnet, daß er nun erst recht, damit das Opfer der
1955 1770 3264 1855 ihrem wahren Werte zu schätzen wußte. Allein als der große
641 1793 1950 1885 Mutter nicht umsonst gebracht sei, sich in seine Kunst versenken
1954 1816 3250 1895 Dichter nun erscheint, als er wohlwollend und freundlich in seiner
643 1838 1955 1948 müsse. Es ist, wie schon angedeutet, Schnitzler nicht gelungen, über
1946 1858 3252 1943 herablassenden Art zu ihm spricht, als er auch davon spricht, wie
647 1881 1686 1973 das Konstruierte der Sache völlig hinauszukommen.
1945 1903 3261 1979 die Jugend an seinem Kranze reiße, wie er sich verteidigen und
1945 1949 3251 2022 manche Kränkung erfahren müsse, da bringt der Sterbende nichts
723 1935 3257 2022 Auch an dem zweiten Einalter, „Die Frau mit deu. Bolche“ heraus von dem, was er sich vorgenommen hat; da erkennt er,
635 1956 3255 2108 ist es mehr der originelle und pikante Einfall, der blendet, als daß auch der andere seine Not und Plage hat; da empfindet er,
635 2013 3262 2134 daß eine tiefer greifende künstlerische Wirkung erreicht würde. In daß denjenigen, der morgen nicht mehr sein wird, das Leben nichts
636 2060 1948 2148 einer Gemäldegalerie treffen sich eine schöne Frau und ihr Lieb¬
1934 2113 2974 2188 mehr angeht. Und er stirbt mit seinem Geheimnis.
630 2100 1960 2184 haber, dem sie noch nichts gewährt hat. Am Abend zuvor ist ein
631 2151 1940 2243 Drama ihres Gatten aufgeführt worden, in dem er intime Vor¬
2010 2157 3240 2237 Den drei ersten Stücken hat Schnitzler ein Satirspiel nach¬
622 2187 1944 2285 gänge ihres Ehelebens dem Lichte der Offentlichkeit preisgegeben
1939 2200 3251 2278 gesandt, ähnlich wie Sudermann seine „Morituri“ mit einer
110 2087 387 2307 nschaft.
1938 2251 3250 2333 Art Satirspiel beschlossen hat; ein viertes Stück, in dem das
630 2240 1938 2327 hat. Der Liebhaber bestimmt sie, sich ihm zu schenken, ihr vor¬
125 2294 264 2370 den.“
1931 2278 3239 2380 Thema ins Komische und Parodistische gewendet wird. Dieses
630 2281 1933 2379 haltend, daß sie für ihren Gatten ja nur ein Objekt ihrer Kunst
1939 2336 3230 2421 lustige Satirspiel, „Litteratur“ genannt, funkelt aber so von
677 2333 1944 2427 i. In dem Saale hängt ein Bild eines alten unbekannten
125 2338 650 2434 r. Berlin, 9. Jannar.
628 2359 1927 2470 florentinischen Meisters, eine Frau mit einem Dolche in der Hand,
1940 2380 3245 2456 Witz und Esprit, daß man ihm die Krone zugestehen wird. Eine
94 2419 628 2483 #s „Lebendige Stun¬
1935 2427 3233 2509 vagierende, abenteuernde Schriftstellerin, die sich von ihrem banau¬
633 2416 1939 2512 die mit der lebendigen Frau vor dem Bild eine merkwürdige Ahn¬
104 2448 628 2520 Istreiches, ob auch nicht in
623 2459 1936 2559 lichkeit hat. Und wie eine Vision zuckt es in der lebendigen Frau
1939 2468 3237 2547 sischen Gatten geschieden und dann ein flottes Leben mit dem
99 2488 633 2573 Erischer Vollendung gedie¬
624 2506 1933 2601 auf: sie sieht sich als jene im Bilde geschaute Frau, die vor Jahr¬
1935 2513 3247 2584 Kaffeehaus=Litteratentum geführt hat, ist mit einem aristokratischen
109 2543 633 2622 ätschen Theaters, wird,
624 2547 1937 2638 hunderten gelebt hat, und das Schicksal der Frau im Bilde
1927 2556 3233 2635 Sportsfreund verlobt. Der Teufel mag wissen, wie und wo sie
131 2581 625 2655 sich der Dichter, gewisser¬
622 2588 1935 2688 steigt vor ihr auf. Sie war die Gattin eines gefeierten
1937 2600 3228 2670 den Dummen aufgegabelt hat: geung, daß er im Begriff ist, sie zu
121 2632 624 2703 vielmehr der gesamten
629 2643 1927 2722 Malers, der sie liebt und bewundert. Aber während
1939 2647 3227 2729 heiraten. Nur eine Bedingung hat er gestellt: daß sie das Dichten
102 2652 622 2747 ken auseinandersetzt, dem
630 2693 1936 2769 er fern von ihr weilt, hat sie in einem hübschen Burschen ein
1933 2692 3239 2782 aufgebe. Denn er hat eine Idiosynkrasie gegen die Dichter, die
115 2717 628 2784 Stoff seiner Kunst wird.
627 2728 1923 2815 Spielzeug ihrer Lust gesucht. Als der Meister zurückkehrt, teilt sie
1925 2739 3223 2807 sich sozusagen hüllenlos dem Publikum zur Schau stellen. Allein
108 2774 1929 2855 zne innere Verwandtschaft ihm sofort mit, was geschehen ist. Er weist dem anderen, als zu
1923 2776 3231 2868 sie hat das Dichten nicht lassen können; sie hat einen Roman geschrieben
95 2814 1919 2904 aus dramatischem Epilog klein für seine Rache, einfach die Thür. Der schwört dem Meister,
1928 2822 3226 2893 und teilt es ihrem Verlobien mit. Der geht aufgebracht von hinnen.
112 2856 1923 2951 Pexistiert ein Gebiet, wo hn zu töten, wo er ihn fände. Da zieht die Frau den Dolch und
1923 2864 3228 2941 Die Zurückgebliebene ist nun ganz im Unklaren, was aus ihr und
104 2899 612 2960 #en Sinne, feindlich gegen¬
613 2905 1919 2994 stößt den Mann nieder, mit dem sie nichts mehr gemein hat und
1916 2905 3218 2982 der Heirat werden wird. Ein litterarischer Genosse ihrer stürmi¬
93 2925 627 3018 hem Recht an dem Recht
618 2948 1924 3034 der ihren Gatten bedroht. Wie sie basteht mit dem gezückten Dolch,
1921 2948 3234 3028 schen Zeit, mit dem sie dereinst eine wonnige Zeit der Liebe ver¬
109 2987 609 3049 d wenn der Mensch in
611 2992 1921 3071 packt den Meister seine Kunst: jetzt weiß er, wie er das Bild seiner
1926 2998 3228 3058 lebt, sucht sie auf: ihm verlangt nach einer Neuauflage des ent¬
121 3026 614 3094 zu sagen, loie ich leide“,
605 3035 1920 3114 Frau, das er in Arbeit hat, vollenden soll. Und er geht aus
1920 3050 3219 3122 schwundenen Glücks, während sie noch an der Hoffnung auf die
123 3070 612 3135 tder Punkt, an dem der
612 3078 1918 3157 Werk. Die Seene hatte sich verwandelt, um diesen in der Vor¬
1924 3088 3220 3158 Heirat festhält. Da stellt sich heraus, daß sie beide in ihren neuen
127 3112 613 3181 e Sterbliche als zartestes
603 3114 1922 3220 stellung der lebendigen Frau sich abspielenden Vorgang zu zeigen.
1927 3132 3215 3216 Romanen — er hat nämlich auch einen geschrieben — den Liebes¬
89 3150 616 3232 Zein Innerstes verschließt,
606 3172 1912 3264 Nun verwandelt sie sich wieder: und die aus ihrer Betäubung er¬
1923 3177 3221 3261 briefwechsel, den sie damals gepflogen hatten, eingeflochten haben.
100 3205 613 3273 #itterstes Weh nur für
611 3214 1917 3295 wachte Frau, die im Geiste erlebt hat, was sie werden und was
1915 3213 3221 3298 O Graus! Wenn der Verlobte davon Kenntnis erhält! Schließlich
104 3252 1922 3340 ingt es, gerade das weil sie für ihren Gatten thun könnte, die aber wieder erlebt hat, daß
1919 3261 3221 3339 bringt die Dichterin ihre Kunst zum Opfer und sichert sich die
103 3299 1920 3396 lsch zu gestalten. Er er= dem Künstlergatten die Kunst mehr ist als das Leben, verspricht
1921 3308 3216 3382 Heirat: sie wirft das einzige bisher gedruckte Exemplar ihres Ro¬
105 3337 611 3419 Busagen das Leben, indem
610 3342 1485 3415 dem Liebhaber das gewünschte Rendezvons.
1919 3353 3207 3425 mans ins Feuer, während ihr Verlobter dem Verleger Anweisung
1915 3391 3220 3476 erteilt hat, den Rest einzustampfen. Man kann das natürlich nicht
685 3388 1913 3488 Für den dritten Einakter „Die letzten Masken“ ist die Be¬
89 3401 611 3485 Anden“, der dem ganzen
1906 3435 3222 3516 so wiedergeben: aber es ist alles prachtvoll geraten, die drei Figu¬
606 3418 1918 3518 ziehung zu der leitenden Idee schwer herzustellen. Aber er rage¬
130 3468 606 3535 sich auch als ein das
1912 3464 3213 3566 #en, besonders die beiden von der Feder, die Verwicklung und
608 3463 1913 3553 an sich betrachtet, über seine beiden Vorgänger beträchtlich empor.
119 3502 617 3578 darstellt, bringt diese
1912 3521 2849 3596 Entwicklung, die vielen satirischen Einzelheiten.
604 3532 1913 3601 In diesem mit starkem dichterischen Gefühl durchgearbeiteten Stück
1984 3567 3208 3645 Das Darstellertrio Irene Triesch, Rudolf Ritztner und
118 3557 1908 3643 meisten theoretisierend, liegt etwas, das uns eigentümlich bewegt und erschüttert. Das
118 3594 618 3680 ausgereift zum Aus¬
1912 3588 3204 3688 Albert Bassermann bot in dem Stück eine unübertreffliche
597 3615 1910 3695 Begebnis trägt sich in einem Krankenhause zu. Auch hier sehen
105 3642 1910 3741 n ist nach langem, wir einen Künstler diesmal einen Schauspieler, dem selbst das
1903 3652 3209 3738 Leistung. Von den in den übrigen Stücken Mitwirkenden .— zu
1892 3686 3211 3797 denen auch die drei eben Genannten wieder gehören — sei außer¬
99 3690 2865 3819 rauert von einem alten Trübste zu einem Stoff für seine Kunst wird: an der Stätte des dem noch besonders Max Reinhardts gedacht.
109 3738 1924 3853 treuer Freund gewesen! Jammers und Elends macht er, der selbst nahem Tode Verfallene.
