3392 4320
1748 298 1851 365 U S
1172 300 1267 365 I
209 284 2384 390 16.1. Lebendige Stunden zuklus box 21/5
1513 1450 1652 1547 S
1971 1510 3027 1586 „Café Größenwahn“ mit der nötigen ironischen Sauce.
901 1534 1976 1601 der das Leben verläßt, nur mehr Gedanken der Ver¬
1977 1554 3027 1634 Er gab in der „Frau mit dem Dolch“ in ein paar Worten
909 1579 1966 1650 söhnung Trost bringen können. Was im Leben wichtig
129 1488 669 1670 Muin un m.
1972 1603 3033 1685 gesundblütige Robustheit, eine künstlerische Kraftnatur aus
920 1631 1978 1706 schien: äußerlich über dem Nebenmenschen zu stehen,
129 1643 665 1725 Lebendige Stunden.
1964 1654 3039 1733 der Zeit der Medici. Im ersten Einakter stach er zwor
919 1678 1969 1744 versinkt im letzten Augenblick mit tausend anderen Klein¬
119 1691 916 1768 von Arthur Schnitzler. Zur Auf¬
1965 1697 3041 1779 scharf scheidend von dem Genannten ab, aber inmitten
917 1714 1978 1797 lichkeiten und wärmend durchdringt ein erstarrendes
135 1744 790 1814 g im Schauspielhaus am 10. Juni.
1961 1758 3033 1825 der guter Charakteristik fehlte etwas bewegte Wärme,
915 1779 1969 1843 Herz nur mehr das Gefühl versöhnlicher Liebe; die
136 1769 919 1865 Stunden: Stunden, die in den Tiesen
1969 1815 3030 1883 so wie der im Schmerzaffekt vollwertigen Leistung des
925 1827 1971 1892 Stürme des Lebens wühlen den nicht mehr auf, der
116 1843 906 1912 erhall finden, Stunden, die fruchtbar wer¬
1979 1853 3037 1924 Herrn Graff etwas Schwung und Feuer abging.
915 1872 1987 1946 schon am „anderen Ufer“ steht. Alle Rachsucht löst
115 1879 923 1970 n das Leben neue Form annimmt. Im
1973 1902 3034 1982 Grieg war einmal Gentleman und dann feuriger,
929 1913 1968 1995 sich im letzten Seufzer, in Mitleid: „Wie armselig
106 1938 926 2024 er gibt der Opfertod der Mutter dem
1979 1942 3050 2026 versumgluteter Liebhaber und beides ganz. In den
913 1963 1985 2051 sind doch die Menschen, die auch morgen noch leben
101 1990 921 2064 er die Kraft zu neuem Schaffen wieder.
1984 1992 3041 2074 „Letzten Masken“, spielte Herr Wagner die Sterbe¬
924 2021 1181 2108 müssen ..“
114 2040 923 2111 s die stille Pietät des väterlichen Freundes
1983 2037 3044 2131 szene naturalistisch= kraftvoll und eindrucksstark, Gre¬
1003 2047 1970 2143 In „Literatur“ wird das Thema ironisierend
106 2094 921 2162 torbene ist die schöpferische Kraft, aus
1973 2100 3038 2175 venberg schädigte seine Leistung durch die bart¬
918 2121 1972 2182 umgekehrt: Wie kläglich jene Literaten, denen auc,
121 2134 922 2219 und ihre Tat zu dauerndem Leben im
1975 2133 3043 2220 strotzende Regimentstambourmasse, eine Robustheit.
924 2175 1975 2251 „lebenige Stunden“ nichts sind als Gelegenheit zu
118 2201 250 2281 ssteht.
1978 2195 3045 2271 hinter der der Sorgenmensch nicht ganz zur Geltung
925 2213 1975 2291 einer seichten Romanmache. Papierseelen rascheln, ein
128 2218 924 2313 „Frau mit dem Dolch“ wird aus
1975 2229 3054 2318 kam. Alpassys tüchtige Gestaltung des Schauspielers
930 2267 1980 2343 geckischer Kerl mit „gepflegten Händen und ungepflegtem
122 2287 923 2362 Unterbewußtseins=Phantasien, verfehlten
1977 2298 3060 2363 litt darunter, daß auf einen pflichteifrigen Teil des
924 2317 1981 2390 Gehirn“ wird das Ideal der herzensleeren Literatin,
115 2331 922 2423 d Befürchtungen, die als nebelhafte Er¬
1987 2338 3056 2416 Publikums das Wort „Komiker“ so wirkt, daß es das
919 2373 1788 2448 der das Leben nur eine Romanphrase ist.
113 2372 936 2474 als „Schon=einmal=erlebt=haben“ imponie¬
1978 2407 3060 2476 Lachen auch in ernsten Rollen für nötig erachtet. Der
1006 2398 1984 2496 Paula Dürr war in der Doppelrolle der „Pau¬
119 2425 931 2505 salswende, neuer Lebensentschluß. Die
1978 2448 3043 2516 Darsteller hätte dem durch stäckere Betonung des Tod¬
923 2462 1987 2535 line Paola“ interessante Frau mit dämonisch phan¬
111 2476 930 2550 Masken“ führen dorthin, wohin Schnitz¬
1977 2493 3042 2572 kranken in der Maske begegnen können. Schließlich stellte
927 2507 1977 2586 tastischen Seelenhintergrund: Reste robusten renaissance¬
117 2529 928 2600 Perke („Sterben“ und Motive in der „Frau
1981 2544 3046 2607 noch Herr Hamik einen vor lauter Bescheidenheit un¬
927 2557 1985 2638 haften Überweibtums leuchten charakteristisch hinter der
123 2582 931 2650 immer leiten: An den Rand des Lebens.
1979 2575 3054 2681 hörbaren Gärtner, Herr Otto ein köstlich leergesichti¬
935 2605 1982 2680 Gegenwartsinkarnation nervös beweglicher Neukultur auf.
107 2630 940 2709 er sammelt lebenslang aufgespeicherten Neid
1995 2636 3049 2721 ges Turfgigerl, das amüsant, aber mehr preußisch¬
932 2651 1989 2733 In „Literatur“ aber trat das falsche Pathos zu sehr
116 2668 938 2756 nsch, dem glücklicheren Nebenbuhler im
1978 2701 2995 2778 assessorenhaftes als wienerisches Näselwesen war.
927 2703 1992 2788 hinter liebenswürdiger Frische zurück. Die Ironie als
118 2718 937 2803 seinen Haß entgegenspeien zu können. Als
2065 2721 3050 2808 Werden die toten Minuten zwischen den „Lebendigen
927 2745 1989 2836 bestimmendes Kolorit, das Bohémienhafte Blaustrümpfige
114 2766 944 2846 je kommt, wird dem Verscheidenden diese letzte
1985 2789 3054 2864 Stunden“ noch etwas gekürzt, so wird die Regie Greven¬
934 2803 1995 2872 kam etwas zu kurz. Dagegen servierte Herr Schich
112 2819 934 2901 rch zur lebendigen Stunde, daß er auf diesen
114 2858 3045 2977 friumph verzichtet. Er erkennt, daß dem, den verwandten, posierenden, männlichen Typus aus dem bergs rein erfreulichen Eindruck machen. Ein kleiner Lap¬
