3484 4256
2079 110 2512 209 box 21/2
237 102 1912 228 16.1. Lebendige Stunden— Zuklus
865 1017 1283 1094 Telefon 12801.
1854 1041 3309 1118 Sterden am Krenze zu sehen und einen Krüzisixus zu malen. Dritte. Einat
1855 1075 3069 1168 Man erzählt von einem anderen Maler, daß er, der ein
3052 1113 3320 1165 einem Men
1858 1125 3057 1203 ganzes Leben hindurch ein Stümper war, ein unsterbliches
395 1097 1770 1240 Alex. Weial’s Unternehmen für Zeitungs-Ausschnitte
3046 1156 3317 1219 und der Ver
1416 1163 1620 1234 Ausschnitt
1857 1170 3062 1246 Werk schuf, als er seinen einzigen Sohn malte, der tot vor
3112 1195 3313 1253 der Leb
1850 1203 3056 1291 ihm lag. In wenigen Worten, in wenigen Begriffen ist hier
3047 1235 3316 1294 ratur“ der
746 1184 1764 1357 „OBSERVER“ Nr. 54
1861 1255 3061 1337 die ganze Tragödie des lebenschaffenden Todes gegeben. Dem
3049 1264 3317 1343 lustiges Bill
1848 1298 3299 1386 Dichter Arthur Schnitzler — und er ist ein Dichter — ent= Kaffeehaus¬
333 1306 1819 1435 I. österr. behördl. conc. Bureau für Zeitungsberichte u. Personalnachrichten
1856 1344 3059 1423 faltete sich diese Tragödie zu einer Reihe neuer Bilder, zu
3041 1376 3281 1430 guten Anst
1854 1399 3057 1466 einer Kette seelischer Prozesse. Aber er sah diese Bilder
3043 1416 3305 1479 seiner Anspn
531 1393 1650 1520 Wien, IXX, Türkenstrasse 17.
1853 1437 3053 1507 gleichsam in ihrer Abstraktion, sie wurden ihm nicht lebendig,
3048 1456 3290 1520 sein sollend
1849 1479 3055 1542 sondern sie blieben in der Idee. Sie waren in seinem Geiste
708 1484 1438 1589 — Filiale in Budapest: „Fisyelé“ -
3054 1501 3314 1573 menschliche A
1847 1515 3056 1603 Novellen mit feinster Schilderung mit innigster Ausmalung
354 1529 1817 1654 Vertretungen in Berlin. Chicago, Genf. London, Newyork, Paris, Rom, Stockholm.
1837 1562 3052 1644 von Moment zu Moment. Und diese feinen seelischen Pro¬
1836 1601 3059 1695 zesse nahm er und zerschlug sie, vergröberte sie und machte
1843 1650 3054 1738 Einakter daraus. Die größten und letzten Momente des
1838 1693 3050 1777 Lebens, der tiefinnerste Prozeß der Natur und des schaffen¬
369 1699 913 1801 Ausschnitt aus:
940 1692 1847 1805 Mact delute Aertug
1829 1735 3048 1820 den Geistes im Lichte der Bühnenlampen! Und es wurde
1833 1781 3061 1838 auch danoch. „Lebendige Stunden“ der erste Einakter soll
1833 1824 3059 1909 zeigen, wie ein junger Dichter, dessen Schaffenskraft plötzlich
377 1846 945 1951 von 0N
1845 1863 3050 1946 erlahmt ist, zu einem echten Dichter wird, als er erfährt, daß
1846 1912 3049 1992 seine geliebte Mutter Selbstmord beging, um den Sohn, den
1832 1956 3048 2042 ihre Krankheit im Schaffen hinderte von sich zu befreien.
1834 1998 3047 2087 Eine innerlich unwahre Idee, eine Barbarei und eine psy¬
1832 2037 3041 2119 chologische Ungeheuerlichkeit dazu. Eine vollständig unge¬
1828 2085 3047 2170 ratene Soche, denn es ist Schnitzler weder gelungen, den
1824 2132 3053 2195 Schmerz des Sohnes zu schildern, noch sieht man irgend eine
1830 2166 3046 2257 Spur davon, daß der Tod hier das Erwachen neuen geistigen
1833 2214 3051 2304 Lebens schafft. Dieser junge Dichter ist nur ein neurastheni¬
1834 2264 3040 2349 scher Dichterling und ein Phrasenheld. Und weiter auch
756 2269 1701 2354 Kunst, Wissenschaft und Leben.
1840 2309 1999 2364 nichts.
2028 2321 3052 2377 „Die Frau mit dem Dolche“, der zweite Einakter,
636 2314 1832 2410 17 Im Deutschen Theater in Berlin hatten am Samstag vier
1832 2355 3045 2437 schlägt andere Töne an. Ein sonderbares Gemisch von Rea¬
620 2363 1829 2463 Enakter von Arthur Schnitzler mit ihrem Gesamttitel „Le¬
1834 2397 3053 2480 lismus und Spukromantik, die sich als Symbolismus, als
614 2420 1832 2509 bendige Stunden“ ein etwas spätes, aber gutes Ende. Der
1834 2442 3036 2523 Schilderung der ahnenden Ueberströmungen der Seele geriert,
632 2469 1832 2544 Berliner Lokal=Anzeiger schreibt darüber u. a.: Ein Gedanke,
1823 2487 3044 2561 die aber in ihrem wahren Wesen nur grobe Theatralik ist.
617 2518 3034 2606 eine These, ein psychologisches Ariom vereinigt die drei ersten] Eine Frau giebt sich mit ihrem Liebhaber ein Rendezvous
625 2559 3035 2608 Stücke Es ist der Gedante, daß die Todesstunde des Steiben= im Museum vor dem Bilde der „Frau mit dem Dolche“.
628 2599 1838 2679 den dem Lebenden, und zwar dem schaffenden Künstler die e¬
1827 2616 3049 2709 Dieses Bild ist der jungen Frau sehr ähnlich. Und vor dem
612 2628 1834 2723 bendigen Stunden schafft. Das quellende Leben sprießt aus
1817 2659 3034 2741 Eilde philosophiert sie, ob sie dem geliebten Gatten treu
447 2657 637 2754 For 50
619 2685 1822 2762 dem Tode, wo das Vergehen einsetzt, beginnt das Werden.
1824 2697 3037 2788 bleiben oder dem ungeliebten Liebhaber ein recht heimliches
542 2725 1828 2803 100 Wenn der Geist eines Menschen entflieht, der nur eine kurze
1826 2753 3028 2834 Stelldichein in dessen Wohnung geben soll. Plötzlich sieht sie
536 2765 1828 2852 200 Episode im Alltagsgetriebe war, schafft sein Schmerz, sein
1814 2788 3033 2873 sich einige Jahrhunderte vorher, als Florentinerin und Zeit¬
615 2822 1827 2905 Dahinscheiden dem beobachtenden, dem mitfühlenden leben¬
505 2828 627 2908 100
1820 2839 3033 2919 genossin der Medici. Sie sieht sich als Gattin eines Künst¬
618 2865 1823 2933 den Künstler das wahre Leben, die kürzere oder längere Un¬
1816 2885 3041 2967 lers, am Morgen einer Nacht, die sie mit einem ungeliebten
613 2899 1825 2982 sterblichkeit. Dieser Gedanke ist nicht neu, er ist oft in anderer
1821 2928 3029 3001 Geliebten verlebt hat. Der Gatte kommt plötzlich an, und die
427 2922 620 2996 Abonnen
618 2954 1824 3026 Form ausgesprochen worden, er wird täglich zur That. Der
420 2981 610 3054 Abonnen
1815 2967 3033 3060 treulose Frau ersticht vor den Augen ihres Mannes, den
621 2998 1820 3061 Dichter, der durch den Tod eines geliebten Menschen er¬
1820 3016 3038 3114 sie liebt, den „ungeliebten“ Jüngling, der ihr eben die
620 3039 1830 3114 schüttert wird, und dem der Schmerz die schönsten Worte
1815 3063 3028 3144 Schäferstunden verschafft hatte. Und den Moment des Ster¬
446 3098 3030 3178 Unkalte giebt, der Musiker, der in tiefster Traurigkeit die gewaltigsten bens benutzt der Gatte, um seine Frau mit dem Dolche und
607 3141 1819 3200 Töne und Harmonien findet, der Maler und der Bildhauer,
430 3138 618 3207 brütt
1816 3148 3028 3239 den Sterbenden dazu zu malen. Der Vorhang fällt plötzlich,
430 3193 606 3256 wodure
618 3173 3045 3250 die unter stärkstem seelischen Tiefdruck den Tod beobachten geht wieder auf, die junge Frau und ihr Galan stehen wieder!
618 3216 3042 3329 und nachbilden, der Schauspieler, der das Sterben an seinen im Museum, und sie sagt dem liebegirrenden Jüngling, daß
451 3265 612 3334 werden
604 3252 1816 3340 liebsten Angehörigen studiert — sie haben ihre lebendigen
1804 3278 3052 3384 sie am Abend zu ihm kommen werde. Ein böser Traum mit
607 3307 1809 3375 Stunden, wenn Herrscher Tod seine dunkeln Fittiche aus¬
1803 3325 3022 3408 einer cynischen Pointe, eine Anekdote mit verzwickter Psy¬
586 3340 3031 3466 breitet. Man erzählt von einem Maler die furchtbare That, chologie, mit einem großen Bühnena#parak, mit großen
603 3383 3035 3518 daß er einen seiner Schüler ans Kreuz genagelt hat, um das! Worten und kleinen Gedanken. — „Die letzten Mäsken“, der
