3436 4320
852 102 1051 178 vom:
1057 203 1356 309 E 2
1028 473 1993 580 Theater, Kunst und Literatur.
1017 553 2052 640 Das Gastspiel der Berliner Schauspieler.
1020 615 2040 678 („Lebendige Stunden.“ Vier Einakter von Arthur
1363 671 1693 728 Schnitzler.)
1109 706 2052 778 Von den Schriftstellern, die das Wiener Genre
1014 767 2049 823 kultiviren, gilt Arthur Schnitzler heute als einer
1010 792 2041 868 der Berufensten. Seine Gestalten, mögen sie gigerl¬
1018 840 2051 897 haft zugestutzt sein, oder das Trikot einer Ballerine
784 855 905 940 Für
918 858 1049 929 50 Ze
1024 880 2048 955 stragen, päsentiren sich leichtlebig und so heißblütig,
899 904 1001 959 100
1010 929 2044 990 wie man zwischen dem Kahlenberg und der blauer.
888 950 1007 998 200
2023 957 2191 1020 inclusive
1028 975 2172 1052 Donau nur irgend sein kann. Es haftet ihnen zumei porto.
1019 1019 2188 1076 etwas Eigenartiges an, für das die ernsteren Nord Zahlbar
818 1024 1000 1085 „ 1000
899 1055 2202 1158 Im 6deutschen nur mehr halbes Empfinden mitbringen, Voraus,
783 1104 2053 1175 Abonnement Es gehörte daher seitens der Berliner einiger Mutl
778 1141 2224 1210 Abonnenten kdazu, Arthur Schnitzler in seiner Heimat interpr. irere ist das
1009 1190 2228 1241 zu wollen. Das Wagniß war jedoch glücklich abgesht es den
897 1237 2097 1303 Der „(laufen und die Wiener hatten sich dem „Deutsche#rn.
770 1280 2220 1350 Inhaltsangab(Theater“ für die Bekanntschaft der „Lebendigen Stungstend die
773 1319 2203 1403 blätter (Tden“, die ihnen bis daher nur in der Buchform Sorgen¬
778 1357 2212 1438 wodurch eine gänglich gewesen, recht dankbar gezeigt. Heute nutzeitung“)
764 1392 2212 1481 Leben des Ingaben die Deutschen auch uns Gelegenheit, über dishaftliche
769 1428 1052 1496 theilungen wei
1034 1448 2212 1527 'vier Einakter und deren Aufführung zu urtheileniese Mit¬
1026 1490 2045 1566 Dieses Urtheil ist günstig ausgefallen; das Stück wurde
1030 1546 2061 1602 wenn auch nicht ganz wienerisch, aber doch sehr gut
1024 1591 2068 1650 gegeben. Mochten auch die mit dem Wiener Leben
1037 1623 2062 1679 kinniger Vertrauten zuweilen einen Schatten des Lotal¬
1020 1677 2044 1731 kolorits vermissen, sie sahen sich reichlich entschädigt
1017 1719 2057 1776 durch die kräftige Plastik, mit welcher der Gedanken¬
1027 1757 1855 1842 gehalt des Werkes ausgearbeitet worden.
1110 1779 2042 1862 Die „Lebendigen Stunden“ sind nicht auch fröh¬
1019 1835 2068 1913 liche. Es wird darin ein trüber Aktord angeschlagen
1031 1896 2064 1953 und der Sensenmann schaut wiederholt durch die
1033 1933 2072 1986 Thüre herein. In dem ersten Stück versicht ein junger¬
1035 1984 2067 2034 Mann den Egoismus des Talentes, das Recht, sich¬
1038 2018 2064 2083 über Trauer und Leid hinüberzuretten in die Thätig¬
1028 2061 2064 2113 keit eines Berufs, einer Kunst. Der von Max Rein¬
1037 2108 2059 2166 shardt und Rudolf Rittner getragene Einakter
1041 2140 2067 2209 erschien unserem Publikum allerdings etwas düster
1039 2201 2062 2271 und wurde mehr achtungsvoll als begeistert aufge¬
1038 2241 1252 2316 nommen.
1117 2259 2067 2343 Viel kräftiger rüttelte „Die Dame mit dem Dolch“.
1037 2315 2062 2390 am Empfinden der Zuschauer, obschon man auf die
1039 2353 2075 2437 Seelenwanderung in eine frühere Existenz nur zögernd
1038 2417 2080 2471 eingehen wollte. Doch der portische Gedanle von der
1045 2454 2085 2508 Wiederholung des Geschicks siegte über alle Beden¬
1041 2498 2070 2547 ken und zum Schlusse mußten nicht blos die Dar¬
1040 2541 2064 2611 steller, Fräulein Triesch, Herr Kaysler und
1045 2578 2073 2648 Herr Bassermann, sondern auch der anwresende
1046 2625 2063 2705 Dichter Arthur Schnitzler ziemlich oft erscheinen.
1113 2675 2071 2747 Mit elementarer Gewalt aber wirkten „Die letzten
1039 2725 2072 2797 Masken.“ Der Journalist Karl Rademacher liegt
1037 2783 1997 2832 im allgemeinen Krankenhause, dem Tode nahe.
1032 2812 2084 2880 hat nur noch einen Wunsch, seinen einstigen Freund
1043 2846 2074 2923 Alexander Weihgast, der Karriere gemacht und ein
1042 2910 2059 2965 großer Mann geworden „durch eine fatale Eröffnung
1041 2952 2080 3011 vom Throne seines Selbstbewußtseins zu stoßen. Doch
1039 2993 2056 3053 als Weihgast erscheint und falschfreundlich thut, ver¬
1042 3015 2066 3098 schlägt dem Sterbenden die Rede, was hat er denn
1034 3089 2064 3141 auch mit den Ueberlebenden zu schaffen? Er geht
1041 3132 2067 3187 resiguirt in die Ewigkeit, indem er noch an der
1041 3159 2074 3238 Schwelle einen faulen Witz losläßr. Herr Rein¬
1036 3209 2075 3272 hardt machte aus dem Pechvogel eine Kabinetsfigur,
1032 3255 2056 3316 desgleichen Herr Bassermann aus dem angesehe¬
1040 3304 2057 3358 nen Autor, den die „Jungen“ bereits anfeinden. Die
1040 3335 2064 3402 Spitalsatmosphäre dieses Stückes theilte sich über¬
1040 3383 2061 3458 zeugend mit und Dichter wie Darsteller mußten für
1030 3419 1619 3500 unzählige Hervorrufe danken.
1125 3456 2070 3547 Zum Schluß eine Komödie: „Literatur“. Eine
1041 3506 2060 3590 geistvolle Persiflage auf die Umsetzung erlebter Ge¬
1044 3563 2070 3640 fühlswerthe in verwerthbare Druckerschwärze. Drei
1043 3617 2073 3678 köstliche Figuren wirken erfrischend auf den Zuschauer:
1040 3654 2057 3712 der Sportsman mit dem beschränkten Gehirn, die
1038 3699 2073 3762 Dilettantin, welche Literatur als Sport betreibt und
1035 3741 2075 3804 der Berufsschriftsteller, der aus seiner flüchtigen
1031 3777 2059 3843 Liebe Kapital zu Büchern schlägt. Die Herren Bas¬
1036 3825 2075 3902 sermann und Rittner stellten da prächtige Cha¬
1030 3874 2074 3934 raktere und auch Fräulein Triesch machte gute Ge¬
1026 3913 2068 3984 stalt. Das Publikum schätzte das Geplauder dieser
1041 3962 2058 4035 letzten dreißig Minuten als die richtige lebendige
1859 4002 2035 4079 P. S.
1026 4005 1229 4083 Stunde.
2393 101 2441 151 —
