3484 4320
1116 174 1192 252 S
2066 170 2568 275 box 21/2
284 175 1959 295 16.1. Lebendigeunden zvklus
2205 911 2347 1006 375
1416 936 1835 1021 Theater=Korrespondenz.
921 1004 2333 1115 Heros, da kann der Sterbende nur lachen, lächeln, sehen, schauen, sich
919 1088 2343 1169 wundern und schweigen. „Wie armselig sind doch die Leute, die auch
918 1151 1483 1213 morgen noch leben müssen.“
1026 1171 2345 1272 Es könnte nach meiner Inhaltsangabe so scheinen, als ob Schnitzler
927 1259 2343 1316 in brutaler Weise die edle Seele, die in der schlechten Welt keinen Erfolg
934 1310 2346 1391 gehabt hat und den innerlich kleinen „großen" Dichter kontrastirt, womit
921 1352 2346 1458 natürlich ein sehr leichter moralischer Erfolg zu erzielen wäre, der aber
932 1407 2342 1475 mit Kunst und Literatur nichts zu thun hätte. Man muß aber sehen, wie
932 1476 2334 1531 Schnitzler seine Gestalten hinstellt! Alexander Weihgast verdient es wirk¬
929 1517 2343 1612 lich, als Typus den unsterblichen Figuren der Weltliteratur eingereiht zu
925 1579 2347 1636 werden. Er ist auch durchaus nicht nur komische Gestalt. Der arme Kerl
929 1618 2356 1691 hat auch seine Sorgen und seine Tragik. Diese Tragik liegt in dem
937 1687 2349 1757 Gegensatz zwischen seiner Selbsteinschätzung, zu der er nothwendiger Weise
933 1740 2349 1811 durch den Beifall der Massen und die Höhe der Tantiemen geführt werden
936 1790 2346 1872 muß = und seiner literarischen Werthlosigkeit, die allen Kennern kein Ge¬
941 1848 1194 1928 heimniß ist.
1032 1904 2349 1968 Und wie fein und reich ist Schnitzlers Werk an Einzelzügen und
933 1949 2358 2016 Kleinigkeiten! Wie tiefsinnig ist es begründet, daß der Journalist dem
940 2015 2354 2093 Dichter schließlich im entscheidenden Moment wortlos gegenübersitzt! Der
932 2060 2348 2130 eine Grund ist der, daß es der komischen Dichtergestalt gegenüber gar
933 2120 2345 2186 keiner Rache und keines gerechten Ausgleichs bedarf. Aber es tritt noch
931 2169 2354 2224 ein anderer Grund für Rademachers Verstummen hinzu, der in der Szeue
947 2238 2353 2294 mit dem Schauspieler Florian Jackwerth liegt. Indem nämlich der
942 2268 2350 2354 Jourualist im Vorgefühl seines Rachegenusses die Szene dem Dichter
931 2328 2355 2402 gegenüber mit dem Schauspieler „probt“ — in den Journalisten steckt doch
939 2390 2359 2450 auch gewöhnlich ein Stückchen Schauspieler —, entladet er sich seines
942 2433 2350 2503 Zornes. Die Schauspielkunst befreit ihn von der letzten Regung des
934 2495 2357 2559 brutalen Willens zum Leben. Es findet eine geradezu Aristotelische
952 2541 2360 2613 Katharsis statt. Nun ist er frei: der Lebenstrieb ist todt. Die Schleier
947 2590 2355 2669 gleiten von den Augen; die letzten Masken fallen. Er sieht dem Dichter
950 2658 2366 2728 bis auf den Grund seiner Seele und seiner zugleich komischen und tristen
954 2711 1144 2794 Existenz.
1034 2735 2351 2832 Auch wir sehen — mit Rademachers Augen — dem Herrn Alexander
946 2816 2359 2881 Weihgast tief in die Seele. Der Dichter versteht es aber mit feinster Kunst,
951 2864 2353 2935 uns diesen Herrn noch anschaulicher zu machen, indem er an unsere
958 2916 2365 2981 Phantasie appellirt. Das ist die Stelle, an der der Jornalist sogleich nach
954 2978 2364 3040 dem Weggang Weihgasts wie fernseherisch sagt: „Jetzt ist er unten. Jetzt
947 3030 2310 3099 geht er durch die Allee — durch's Thor — jetzt ist er auf der Straße —
943 3066 2359 3171 die Laternen brennen — die Wagen rollen — Leute kommen von oben ...
939 3137 2352 3201 und unten .." Und dazwischen sehen wir die Gestalt des Tantiemen¬
949 3197 2371 3250 heros im Cylinder und Gehpelz mit komischer und trister Grandezza
958 3260 2370 3317 schreiten: wir sehen ihn in der Phantasie mit eindringendster Deutlichkeit.
946 3302 2375 3379 Denn die Phantasie macht uns ja die Dinge noch anschaulicher, als die
935 3358 1215 3447 Anschauung.
