3484 4384
2076 239 2546 334 box 21/3
274 217 1940 342 16.1. Lebendige Stunden zuklus
1553 560 2020 657 Telephon 12801.
1175 648 2411 752 Alex. Weigl’s Unternehmen für Zeitungs-Ausschnitte
2160 732 2405 804 Ausschnitt
1398 738 2083 874 „OBSERYER‘
2219 789 2477 881 Nr. 17
1052 869 2520 933 I. österr, Eähördl. conc. Bureau für Zeitungsberichte u. Personalnachrichten
1293 924 2315 1023 Wien, IX/1, Türkenstrasse 17.
1467 986 2111 1072 Filiale in Budapest: „Figyelö“ -
1068 1064 2505 1143 Vertretungen in Berlin, Chicago, Genf, London, Newyork, Paris, Rom, Stockholm.
1070 1188 1603 1280 Ausschnitt aus:
1623 1238 2304 1352 Ost-Schlosiech-Grekscho Zeitung
1749 1319 2152 1402 Bielitz-Biala
1077 1347 1286 1419 vom:
1385 1386 1812 1500 3 1407.
1215 1563 2227 1648 (Stadt=Theater.) Am Freitag, den 31. v. M.,
1102 1601 2215 1704 (versuchte sich die Direktion mit einem „literarischen Abend.“
1116 1680 2221 1755 Gegeben wurden Arthur Schnitzlers drei Einakter u. zw.
1115 1735 2259 1820 „Lebendige Stunden", „Die letzten Masken“:
1112 1774 2223 1851 und „Literatur.“ In den „Lebendigen Stun¬
1112 1818 2233 1902 den“ zieht er gegen er gegen das Gottesgnadentum und
1116 1874 2237 1956 die Ueberschätzung des Dichterlings zu Felde. Eine
1118 1928 2233 2005 kranke Frau beschleunigt mit selbstmörderischer Hand ihr Ende,
1118 1985 2228 2053 weil sie sieht, wie ihre Krankheit dem „gottbegnadeten“
1114 2013 2229 2074 Sohne die Kraft zum geistigen Schaffen raubt. — In
1112 2069 2227 2148 den „Letzten Masken“ weicht Schnitzlers zersetzender
1052 2112 2230 2201 F Witz selbst vor der Majestät des Todes nicht zurück.
2260 2109 2468 2189 inclusive
2279 2176 2440 2223 Porto.
1079 2154 2223 2239 Wir sehen ein dürftig ausgestattetes Spitalzimmer, darin
2215 2189 2446 2260 Zahlbar
1087 2216 2472 2302 einen sterbenden Journalisten und einen lungensüchtigen im Voraus.
1075 2277 2225 2340 „ Schauspieler, der nur mehr 8 Tage zu leben hat. Die
2221 2297 2503 2368 nitte ist das
1043 2326 2509 2407 # beklemmende Spitalsatmosphäre legt sich Einem förmlich sieht es den
1046 2372 2375 2455 Th auf die Brust, aber die ganze Sache ist von erschrecken= zudern.
1118 2414 2216 2488 der Natürlichkeit und Wahrheit und die Szene von
1108 2463 2208 2542 großer dramatischer Wirkung. Der letzte der Einakter,
2206 2470 2506 2531 Uthaltend die
1049 2513 2207 2575 Int, Literatur“, ist der feinste und geistreichste. Wir
2230 2521 2504 2570 Morgen¬
2215 2548 2501 2610 ner Zeitung“)
1051 2551 2491 2653 blbegegnen darin dem keineswegs nur der Phantasie des rthschaftliche
1050 2579 1118 2629 W
1051 2620 2507 2675 1e Dichters entsprungenen Typus der Schriftstellerin, welche 1. Diese Mit¬
1054 2658 2214 2729 thedie Geheimnisse ihres Boudoirs, die erotischen Erinne¬
1114 2703 2223 2797 rungen an vergangene Zeiten mit zynischer Unverhülltheit
1110 2743 2250 2828 jedem, der es lesen will, preisgibt. — Man sieht, die!
1102 2803 2206 2874 Schnitzlerschen Stücke haben, obgleich sie modern sind,
1081 2817 2232 2931 ein ihrer Art ihre Moral, die dadurch nichts an Wert
1068 2943 2254 3029 zt und Wahrheit einbüßt, daß der Dichter sie mit viel
1148 3004 2247 3103 Geist und großem theatralischer Geschick endigt. Ob
1138 3050 2238 3140 derartige „Literarische Abende“ bei unserem Pu¬
1143 3108 2240 3177 blikum auch das richtige Verständnis und entsprechendes
1145 3147 2240 3227 Gefallen finden werden, dürfte ja die Zukunft lehren.
1142 3205 2238 3260 Gespielt wurde im großen und ganzen recht brav und
1131 3243 2238 3324 wird bei genügender Vorbereitung solcher Werke der
1132 3306 2239 3374 Erfolg auch nicht ausbleiben. Gute Leistungen boten die
1133 3351 2236 3425 Herren Renner, Gleittner, Aman, Sprinz und
1129 3399 2238 3469 [Gutmann. In dem Einakter „Literatur“ ent¬
1132 3442 2240 3533 täuschte einigermaßen Frl. Henrici durch die Auffas¬
1128 3504 2235 3566 sung der Rolle der Margarethe. Hier ist der übliche
1131 3550 2232 3617 Konversationston doch nicht am Platze, die Marga¬
1117 3568 2236 3664 [rethe ist eine raffinierte, schlau berechnende Courtisane,
1128 3640 2235 3712 die einen sehr spitzen und schlagfertigen Dialog zu führen
1115 3693 2236 3766 hat und keine Sentimentalität aufkommen lassen darf.
1117 3731 2218 3817 Diese Rolle muß in überlegener Manier gespielt, die
1128 3783 2241 3855 Situationen müssen von ihr voll und ganz beherrscht
1115 3829 2220 3903 werden. Hingegen gelang Herrn Aman der saloppe
1108 3879 2236 3953 1Ton eines echten Wiener Salongigerls sehr gut, auch
1225 3924 2229 4011 Walther verstand es, in der Rolle des Gilbert
1212 3983 2234 4053 teressieren. Es war dies im ganzen jedenfalls ein
1237 4036 2230 4118 elungener Einakter=Abend, dessen Pflege sich die
1251 4072 1764 4156 in angedeihen lassen soll.
