3436 4256
2164 122 2620 231 box 21/2
346 118 2020 223 16. 1. Lebendige Stunden zyklus
1922 287 2427 381 scheimlich, dop daese gerer,
1908 342 3068 451 Overbeck der von der Verfasserin gestellten Aufgabegerecht werden
1915 405 3070 526 kann. Sinn für Aesthetik, Kunst und Schönheit reicht in
1909 448 2251 511 hor oin
1830 704 2584 803 öne Literatur. — 1. März. —
3005 744 3103 817 72
773 815 1927 881 nunzio schwer, den dramatischen Fortschritt zu erkennen: die
1955 834 3102 911 Grundgedanke, der aber nicht eben klar herauskommt, ist,
780 850 1936 917 „Handlung“ ist bei ihm rein innerlich, und die feine Stei¬
1950 874 3100 962 wenn wir dem Titel glauben dürfen, eine tiefernste Mahnung:
778 913 1920 986 gerung der seelischen Entwicklungen wird noch verdeckt durch
1951 931 3092 1002 „Achtet das Leben als das böchste Gut! Nehmet die Not¬
767 950 1922 1017 das tropisch reiche Gewucher des lyrisch=epischen Dialoges,
1948 976 3100 1043 wendigkeit zu leben d. h. zu wirken, Eure Kräfte zu be¬
772 997 1925 1072 der so gerne bei Stimmungen ruhiger Schönheit verweilt
1937 1031 3096 1087 thätigen, die in Euch angelegte Persönlichkeit zu entwickeln
768 1052 1919 1107 oder augenblickliche Einfälle mit breiter Ausführlichkeit aus¬
1940 1076 3104 1152 als Eure oberste und heiligste Aufgabe, und laßt Euch von
773 1094 1925 1162 spinnt. Aber beseitigt man diese Auswüchse, so erkennt man
1936 1112 3093 1198 diesem Ziele nicht durch eine Ethik abbringen, die allen
773 1138 1926 1220 in dieser Tragödie ein ununterbrochenes Vorwärtsschreiten
1936 1166 3101 1242 rostigen Ueberlieferungen eine wichtige Stimme einräumt
766 1202 1927 1255 von Spannung zu Spannung. Freilich liegt dieser Fort¬
1936 1223 3095 1281 und diesen zu Liebe unter Umständen das Leben aufs Spiel
766 1238 1921 1315 schritt nicht so sehr in dem gesprochenen Dialog, sondern in
1946 1253 3095 1341 setzt.“ Sudermann greift mit diesem Thema jene Weltan¬
760 1296 1924 1360 dem gefühlten, den, wie man deutlich empfindet, die Seelen
1935 1305 3094 1386 schauung und jene Cultur, für die das Duell ein unentbehr¬
756 1332 1917 1410 unmittelbar, gewissermaßen über die Köpfe der Worte hin¬
1935 1356 3095 1435 liches Hilfsmittel bedeutet, in ihren Wurzeln an und giebt
754 1386 1926 1455 weg, führen und in dem das eigentlich spannende Element
1934 1404 3086 1480 seiner Auffassung gegen das Duell ein tiefes und breites
768 1416 1916 1491 in der wunderbaren und doch nicht unnatürlichen Spür¬
1930 1455 3092 1530 Fundament. Seine Argumente sind nicht die herkömmlichen,
764 1476 1916 1562 sinnigkeit der blinden Anna liegt. ... Nach dieser Seite hin
1930 1503 3092 1565 und sie sind das Ergebnis nicht eines oberflächlichen Denkers.
758 1518 1921 1595 sind die Schönheiten des Werkes einzigartig; es wächst in
1931 1543 3080 1628 Der Specialfall, an dem er sie zur Anschauung bringt, stellt
767 1578 1912 1635 der That aus ihm eine unwiderstehliche Macht. Die Ge¬
1921 1606 3083 1672 mit ruhiger Objectivität die beiden Weltanschauungen ein¬
764 1612 1913 1687 staltungskraft d'Annunzios aber ist nicht groß genug, um
1928 1644 3078 1728 ander gegenüber. Da ist eine geistig und sittlich gleich hoch¬
755 1678 1910 1744 die einzelnen Gestalten des Werkes lebendig und anschaulich
1927 1693 3088 1771 stehende Frau, die sich ihr eigenes Gesetz vorschreibt und
750 1719 1911 1795 zu machen und unserem Empfinden nahe zu bringen. Mit
1920 1744 3090 1816 die in der harmonischen Bethätigung ihrer Persönlichkeit und
755 1768 1900 1838 Ausnahme der blinden Anna gewinnen sie kein Leben, son¬
1913 1761 3086 1862 in der Erweckung der großen Seele eines Mannes, den sie
762 1818 1900 1888 dern bleiben schemenhaft: sie haben etwas von jenen gleißen¬
1920 1842 3086 1912 einst geliebt hat, die ernste Aufgabe ihres Lebens erblickt
762 1852 1899 1935 den, in schimmernden Goldschmuck gehüllten Königsleichen,
1922 1872 3072 1952 hat. In dieser Lebensanschauung vermag sie ohne Gewissens¬
751 1912 1904 1980 die Leonardo auffindet und die in Staub vergehen und
1918 1921 3069 2010 bisse daran zu denken, daß für die Welt ihre einstigen Be¬
747 1965 1905 2028 zerflattern, sobald das Licht des Tages auf sie fällt. Der
1918 1979 3072 2037 ziehungen zu diesem Manne als Ehebruch qualificiert werden.
750 2014 1902 2080 Wirklichkeit halten sie nicht Stand, sie zerfließen wie Phan¬
1923 2027 3082 2110 Sie urteilt, daß sie ihrem Gatten, den sie mit seinen All¬
742 2054 1902 2131 tome. Streift der Dichter schon mit dem Motiv der
1920 2079 3075 2141 tagsempfindungen nie verstanden, nichts entzogen hat, denn
753 2102 1896 2172 Liebe Alessandros und Bianca Marias und in der Hell¬
1909 2130 3080 2206 er hat sich die langen Jahre der Ehe an ihrer Seite stets
755 2148 1903 2221 sichtigkeit der blinden Anna dicht an die Grenze des Patho¬
1912 2185 3074 2250 glücklich und zufrieden gefühlt und ist von Herzen der Freund
746 2202 1907 2273 logischen, so ist diese mit der Leidenschaft Leonardos für
1911 2222 3075 2298 des Mannes geworden, der einstmals seine Frau besessen
751 2235 1892 2312 seine Schwester überschritten und die Verwicklung der Lage,
1918 2260 3078 2318 hat. Um ein solches Verhältnis so zu begreifen, wie es der
745 2286 1895 2370 die dadurch eintritt und welche die Verstrickung der Schick¬
1917 2311 3071 2391 Dichter begriffen wissen will, hätte es einer sehr eingehenden
751 2347 1899 2413 sale zur Katastrophe zusammenzieht, vermag uns nicht mit
1916 2363 3085 2431 und subtilen epischen Exposition bedurft, in der wir diese
740 2384 1898 2458 der Menschheit ganzem Jammer, sondern nur mit Mitleid
1913 2405 3070 2480 drei Menschen in ihrem Werden und Wesen genau hätten
750 2428 1897 2490 und Grauen zu erfüllen. Eine eigentümliche Mischung von
1915 2444 3067 2537 kennen lernen müssen. Im Drama müssen wir trotz aller
751 2489 1894 2553 künstlerisch=genialen Elementen, von hysterischer Impotenz,
1914 2499 3074 2582 seiner Bemühungen dem Dichter das Wesentliche einfach con¬
738 2515 1899 2593 von Affectation und von echtem Empfinden bildet diese
1904 2553 3074 2629 cedieren, ohne daß er uns die Ueberzeugung künstlerich auf¬
744 2566 1895 2650 Tragödie, zu deren voller Würdigung uns leider das un¬
1907 2609 3065 2677 zudrängen vermag. Die Sphäre, in der sich die Menschen
748 2623 1889 2699 mittelbare Gefühl für die individuelle Schönheit der Sprache
1907 2654 3072 2727 des Stückes bewegen, ist die des Adels. Es ist selbstver¬
736 2672 1903 2756 d'Annunzios abgeht und die man nicht leichthin mit ein
1914 2695 3072 2776 ständlich, daß einer Entdeckung des Ehebruchs ein Zweikampf,
740 2708 1410 2790 paar Schlagworten abthun kann.
1902 2746 3066 2813 bei dem der eine Gegner fallen muß, auf dem Fuße folgen
809 2764 1895 2825 Auch Hermann Sudermanns Drama „Es lebe das
1911 2791 3067 2876 wird. Sudermann hat sich nun die heikle Aufgabe gestellt,
738 2806 1883 2892 Leben!“ ist eine Mischung von Mißlungenem und Ge¬
1913 2836 3069 2904 nicht etwa die Widersinnigkeit des Duells in diesem Falle
745 2854 1888 2928 lungenem, von ehrlichen Gedanken und Empfindungen und
1906 2900 3069 2948 nachzuweisen, sondern mit raffinierten Mitteln einen Fall
734 2914 1894 2989 von sentimentaler Theatralik, und merkwürdiger Weise be¬
1911 2926 3066 2999 zu construieren, wo für die beiden ein Duell unmöglich und
728 2971 1893 3024 weist Sudermann, der vorzügliche Kenner der Bühne, in
1906 2984 3050 3058 im Gegenteil die Pflicht zu leben zur Notwendigkeit wird.
732 3007 1889 3086 diesem Werke, trotzdem es viele theatralisch raffiniert gemachte
1907 3039 3054 3098 Ob ihm diese Construction gelungen ist, darauf kommt es
732 3051 1889 3133 Scenen enthält, eine auffallende Unkenntnis ihrer Forderungen.
1902 3084 3061 3164 hier weniger an; es genüge festzustellen, daß eben die Durch¬
729 3095 1888 3180 Er hätte sonst einen Stoff, in dem die subtile Entfaltung
1903 3133 3063 3205 führung des Themas construiert, mit dem Verstande ausge¬
725 3133 1884 3215 der Vergangenheit eine so bedeutende Rolle spielte und so
1899 3171 3071 3248 rechnet, ergrübelt ist, nicht aber organisch erwächst. Denn
726 3194 1871 3269 viel auf die psychologische Nüancierung ankam, einen Stoff,
1892 3211 3057 3297 das ist der wesentliche Mangel; hier rächt sich, daß Suder¬
735 3230 1886 3321 in dem so wenig dramatische Keime lagen, nicht dramatisch
1904 3276 3062 3340 mann einen falschen Ausgangspunkt genommen hat. Daran
728 3288 1889 3357 bearbeiten können. Aber es mögen ihm wohl im Laufe der
1899 3309 3063 3393 liegt es auch, daß so wenige seiner Gestalten, nämlich nur
733 3337 1876 3411 Arbeit, die sich sicher über eine Reihe von Jahren erstreckt,
1890 3354 3059 3452 der Ehemann und sein Parteigenosseer prinzliche Cyniker
740 3379 1881 3463 eine Menge anderer Gedanken in den Weg gekommen sein,
1896 3413 3057 3483 mit seiner nüchternen Skepsis, lebend erausgekommen sind,
730 3425 1882 3515 unter denen ein Motiv, das Duellmotiv, freilich gebieterisch
1897 3455 3051 3540 während er die anderen verdammt, Leitartikel zu sprechen
733 3473 1878 3552 auf die Bühne hinzuweisen schien. Ob die Stoffmassen nur
1899 3515 3055 3576 oder psychologische Declamationen zu halten. Wie man sich
720 3517 1874 3606 noch nicht ihre Gärung vollendet hatten, ob ihre Gestaltung
1891 3565 3060 3633 zu der Lebensanschauung stellen will, deren Vertreterin die
720 3564 1877 3659 die Kraft des Dichters überhaupt überstieg, ist schwer zu
1890 3604 3052 3684 Heldin des Stückes, Gräfin Beate, ist, das muß natürlich
724 3617 1873 3699 sagen. Sicher ist, daß das Drama, wie es uns am 1. Feb¬
1897 3646 3038 3723 jedem überlassen bleiben und gehört nicht hierher. Das Be¬
721 3658 1879 3751 ruar auf der Bühne des Deutschen Theaters entgegentrat,
1887 3693 3038 3783 deutende und Verdienstliche an dem neuen Drama ist, daß
719 3712 1875 3783 einen unfertigen, uneinheitlichen Eindruck machte, daß neben
1886 3756 3050 3825 es unklar gärende Zeit=Ideen in die richtige Beleuchtung
715 3764 1870 3841 Scenen von großer Feinheit solche von auffallend schwacher
1895 3802 3034 3859 rückt und mit deutlichen Worten Anschauungen als unver¬
723 3812 1871 3894 Motivierung, neben dramatisch glänzend durchgeführten Auf¬
1893 3845 3044 3918 einbar gegenüberstellt, über deren Unversöhnbarkeit sich heute
719 3852 1876 3937 tritten solche von ermüdender Weitschweifigkeit, neben einem
1889 3889 2524 3965 die meisten noch nicht klar sind.
2671 3899 2989 3967 Gustav Zieler.
719 3889 1886 4000 lebendigen Dialog oft ein ganz papierener stand. Der
