3484 4192
1246 116 1335 174 1n
279 87 1955 215 16.1. Lebendige Stunden zyklus
2116 113 2555 221 box 21/3
2034 1227 2227 1314 —a
945 1290 2117 1345 ist denn deine ganze Schreiberei, und wenn du das größte Genie
2094 1298 3271 1388 der vielleicht weniger werth war als er, in die Höhe gekommen.
152 1167 719 1419 euilleton.
944 1328 2109 1414 bist, was ist sie denn gegen so eine Stunde, so eine lebendige Stunde,
2099 1351 3260 1416 Er muß sterben, und jener lebt im Glücke. Und doch, wenn er
949 1380 2106 1454 in der deine Mutter hier auf dem Lehnstuhl gesessen ist und zu
2093 1396 3269 1477 ihm noch jetzt, in seinen letzten Augenbüicken sagen könnte, wie
948 1423 2117 1485 uns geredet hat, oder auch geschwiegen — aber da ist sie gewesen
142 1422 889 1522 des Deutschen Theaters.
2090 1440 3267 1498 eitel sein Glück ist, wie sein Weib ihn in seiner Hohlheit durch¬
991 1480 3263 1562 da! und sie hat gelebt, gelebt!“ antwortet der Junge: „Lebendigeschaut hat und durch zwei Jahre seine, des armen Journalisten
142 1499 944 1582 im Carl=Theater das heurige Gast¬
950 1516 3260 1623 Stunden? Sie leben doch nicht länger als der Letzte, der sich ihrer] Geliebte gewesen ist — eine Art von Erleichterung wäre (8
159 1563 953 1623 Theaters“ aus Berlin. Es brachte
948 1565 2105 1651 erinnert. Es ist nicht der schlechteste Beruf, solchen Stunden Dauer
2083 1571 3263 1676 doch. Und der Arzt thut ihm den Gefallen, er ruft Weihgast.
137 1599 954 1680 ten Abend unseres Landsmannes Arthur
952 1623 1619 1691 zu verleihen, über ihre Zeit hinaus.“
2091 1627 3260 1697 Und da er, der Lebenstrotzende, am Bette des Sterbenden sitzt, da
141 1649 950 1719 Ebendige Stunden". Vier Einakler.
1037 1662 2110 1735 In der „Frau mit dem Dolche“ sehen wir
2090 1678 3263 1748 überkommt diesen unsägliche Verachtung: „Was hat unsereiner
154 1693 951 1760 schön, daß erst ein Berliner Ensemble uns
935 1700 2108 1766 einen jungen Mann bei einem Rendezvous mit einer verheirateten
2090 1726 3264 1814 mit den Leuten zu schaffen, die morgen noch auf der Welt sein
144 1746 957 1812 Erzeugnissen eines Wiener Dichters bekannt
944 1751 2105 1823 Frau in einer Gemäldegalerie. Sie stehen vor einem Bilde eines
2094 1773 2769 1837 werden?“ Er sagt nichts und stirbt.
156 1789 961 1855 eser Dichter ist einer unserer besten. Die vier
939 1804 2104 1874 alten unbekannten Meisters, der 1530 gestorben ist. Eine Frau
2195 1801 3256 1895 Das letzte Stück heißt „Literatur“ und hat die Bezeichnung
148 1821 949 1905 dem ganzen Zuklus den Namen gegeben hat,
938 1843 2095 1923 steht da mit gezücktem Dolche. Frau Pauline ist noch unent¬
2087 1863 3256 1936 Lustspiel. Die junge Frau Margarethe hat sich nach ihrer
147 1875 953 1955 dlich aufgenommen worden und liegen auch
938 1897 2091 1965 schlossen, ob sie dem Wunsche des jungen Mannes Leonhard ent¬
2087 1913 3263 1992 Scheidung von ihrem Manne nach München begeben und dort
149 1926 950 1993 einer Buchausgal (Berlin, S. Fischer) vor.
946 1943 2099 2018 sprechen, ob sie am Abend zu ihm kommen soll. Sie wird von
2089 1955 3282 2037 ein Bohimeleben durchgemacht. Mit einem von der Bande,
150 1968 952 2056 in in mannigfaltigen Beziehungen zu den
943 1990 2105 2075 dem Bilde, vor dem sie stehen, förmlich hypnotisirt. Die Frau
2087 2003 3271 2068 Gilbert, hat sie sich ziemlich weit eingelassen. Beide haben einander
133 2026 946 2091 werden, und es liegt Reiz darin, nachzuspüren,
945 2039 2098 2108 auf dem Bild, sagt sie, das bin ich. Und der todte Jüngling, der
2093 2051 3262 2125 den Hof gemacht und sich gegenseitig für große Dichter gehalten.
150 2065 951 2160 er Autor ihn in jedem einzelnen Falle wohl
942 2085 2103 2157 dort in der Ecke liegt, das bist du, Leonhard. Rasch verändert
2088 2101 3257 2165 Da ist der Aristokrat Clemens in diesen Kreis getreten und hat
933 2120 2098 2203 sich die Szene. Wir sind in einem italienischen Maleratelier des
2089 2150 3262 2225 die Margarethe erobert. Er ist mit ihr nach Wien gereist und
150 2143 945 2233 k „Lebendige Stunden“ ist ein schönes
936 2168 2101 2250 16. Jahrhunderis: Nach einer glückseligen Nacht soll Lionardo
2085 2192 3250 2264 will sie heiraten. Aber von ihrer Dichterei will er nichts wissen.
141 2186 942 2279 alter Mann hat das Weib eines Anderen
938 2221 2095 2286 Paola verlassen. Paolas Gatte, der Maler Remigio, ist sern.
2084 2243 3257 2312 Als sie ihm gesteht, daß sie einen Roman geschrieben hat (er ist
135 2247 952 2333 emn Manne verlassen, bei ihm neues Glück
944 2274 2097 2338 So hat sie sich dem Lionardo ergeben, aus Liebe? Nein, er ist
2096 2288 3264 2354 schon gedruckt und soll nächstens heraus), da stürzt er ab. Gilbert
141 2305 947 2382 t nur das Glück echtester Freundschaft. Ihr
933 2319 2090 2391 ihr so gleichgiltig. Unvermuthet kommt Remigio. Lionardo wird
2085 2334 3261 2388 kommt auf der Durchreise zu Besuch. Ein köstliches Zwiegespräch
142 2354 959 2425 einer Mutter und ihrem Herzensfreunde auf¬
932 2358 2089 2435 ihn tödten. Um das zu verhindern, sticht sie ihn nieder. Remigio,
2086 2379 3267 2453 entspinnt sich, in dessen Verlauf wir di ganze Verlogenheit dieses
145 2401 951 2471 Verhältniß durchschaut und geachtet. Er ist
925 2400 2094 2482 in diesem Augenblick nur Maler, sieht in seinem Weibe jetzt nur
2083 2423 3256 2500 dich erischen Dioskurenpaares erfahren. Zuletzt kommt heraus, daß
137 2460 938 2517 seine Mutter, aber ihre stete Kränklichkeit, die
939 2463 2092 2526 das Modell des Bildes, das er in Arbeit hat, der Frau mit
2085 2479 3262 2554 sie beide den Roman ihrer Liebe geschrieben und dem Roman die
139 2487 945 2573 ert und qualvoll wird, bedrückt und beengt
931 2518 2099 2570 dem Dolche. Rasche Verwandlung. Wir sind wieder in der
2088 2527 3265 2594 zwischen ihnen gewechselten Briefe einverleibt haben. Clemens
133 2526 943 2605 ter sieht das, und in ihrer Liebe zu ihrem
931 2546 2089 2621 Gemäldegalerie. Leonhard und Pauline trennen sich. Und als
2082 2563 3275 2647 kommt zurück. Er war bei Margarethes Vertiger und hat die
142 2575 939 2654 Angst um ihn und um seine künstlerische
932 2597 2093 2666 Leonhard fragt: „Und heut Abend?“ sagt sie: „Ich komme.“
2085 2622 3254 2680 ganze Auflage aufgekauft. Alles wird eingestampft. Nur ein
132 2614 937 2704 lleicht neben ihr, der Siechen, für immer
936 2648 2090 2721 Von allen vier Stücken ist dieses das nachdenksamste. Man
2082 2661 3263 2733 Exemplar hat er mitgebracht. Das will er lesen. Da Gilbert ihm
138 2680 940 2762 lbends das Fläschchen Morphium aus und ist
932 2691 2097 2775 könnte vieles hineingeheinnissen. Doch auch als reines Spiel der
2086 2713 3247 2781 auch ein Eremplar seines Romanes verehrt hat, kann die Sache
136 2734 941 2805 todt. Der Junge hat es nicht gewußt. Er
936 2737 1344 2817 Phantasie ergötzt es.
2075 2756 3259 2822 gut werden. Doch Margarethe entreißt ihm ihren Roman und
144 2780 941 2843 zu zerstreuen gesucht. Zurückgekehrt, erfährt
1031 2770 2084 2857 Das wirksamste Stück ist das dritte: „Die letzten
2081 2804 3261 2898 wirft il in den Ofen. Dadurch gibt sie ihm den letzten, größten
144 2826 930 2892 g von dem Freunde seiner Mutter, dem sie
924 2817 2092 2902 ]Masken.“ Ein dem Tode naher Inwohner des allgemeinen
2092 2853 3087 2923 Beweis ihrer Liebe! Die Farce ist geistvoll und lustig.
132 2858 938 2948 ef alles erzählt hat. Sie ist für ihren Sohn
928 2874 2097 2959 Krankenhauses, der Journalist Rademacher erinnert sich seines
2191 2889 3256 2983 Bevor ich von der Darstellung der Stücke spreche, noch en
125 2923 2091 2994 noch, nach dem Ausspruche des Arztes, einige Jugendfreundes, des jetzt angesehenen Schriftstellers Alexander
2086 2948 3254 3013 Wort von und an Schnitzler selbst. Was uns Schnitzler mit
140 2962 3274 3016 Auf den Vorwurf des alten Freundes: „Was Weihgast. Während er im Elend verkommen muß, ist der andere, diesen vier Einaktern bietet, das ist echt und gut. Das ist jene
