3436 4320
2093 149 2541 242 box 21/2
269 151 1997 287 16.1. Lebendige Stunden zyklus
1562 1052 1984 1136 Theater=Korrespondenz.
1045 1062 1176 1141 376
1134 1132 2470 1238 Endlich noch: Wie prächtig gelungen ist die Gestalt des Schauspielers
1053 1212 2470 1289 Jackwerth! Wie genau beobachtet sind die vielen einzelnen Züge im
1048 1258 2465 1337 Krankenhaus! Wie treffend charakterisirt ist der Leichtsinn Jackwerths
1039 1318 2461 1394 unter all den Kranken und Sterbenden, und dann sein plötzliches Erschrecken
1045 1365 2466 1455 und seine Flucht in die Ecke, als Rademacher stirbt. Man muß Aehnliches
1054 1443 2464 1517 aus eigener Anschauung kennen, um Schnitzlers Darstellung würdigen zu
1058 1496 2468 1561 können. Doch das ist kein Wunder, da der Dichter in seinem bürgerlichen
1049 1547 1380 1623 Beruf Arzt ist.
1143 1570 2473 1660 Es wäre ungerecht, das Stück zu rühmen, ohne der glänzenden Dar¬
1055 1632 2478 1719 stellung durch die Herren Bassermann, Fischer und Reinhardt zu gedenken.
1135 1728 2474 1814 Ueber den Schwank „Literatur" Näheres zu sagen, darauf verzichte
1067 1812 2473 1872 ich. Dieses Feuerwerk eines witzigen Geistes muß und darf man ohne
1059 1852 2478 1955 Kritik auf sich wirken lassen. Was die Darstellung betrifft — Irene Triesch
1065 1922 2207 2005 als Margarethe: „Ihr werdet selten ihresgleichen seh'n.“*)
2056 1956 2392 2056 Max Lorenz.
1144 1981 1692 2072 Karlshorst, 24. Januar.
1195 2120 2501 2193 *) Die Buchausgabe der „Lebendigen Stunden“ ist bei S. Fischer in Berlin
1052 2182 1530 2254 erschienen. Preis 2 Mk.
