3436 4224
2078 147 2543 235 box 21//2
265 163 1937 231 16.1. Lebendige Stunden Zuklus
1847 398 2267 468 Telefon 12801.
1384 521 2737 572 Alex. Weigl’s Unternehmen für Zeitungs-Ausschnitte
2416 554 2599 625 Ausschnitt
1732 588 2734 710 „OBSERVER“ Nr. 55
1313 693 2799 793 I. österr. behördl. conc. Bureau für Zeitungsberichte u. Personalnachrichten
1524 777 2624 876 Wien, IX/1. Türkenstrasse 17.
1723 851 2393 941 - Filiale in Budapest: „Figyelö“
1344 917 2792 1005 Vertretungen in Berlin. Chicago, Genf, London, Newyork, Paris, Rom, Stockholm.
2020 1042 2679 1131 Berliner Inteligenz-Slatt
1331 1061 1876 1146 Ausschnitt aus:
1334 1169 1605 1288 vom 7
1625 1220 1902 1294 „ 11—
1611 1656 2578 1774 Warte für Kunst, Wissenschaft und Litteratut.
1817 1771 2342 1856 * Deutsches Theater.
1775 1813 2552 1891 Zum ersten Male: „Lebendige Stunden“
2157 1872 2570 1942 Lebendige Stunden.
1690 1876 2109 1938 Arthur Schnitzler.
1631 1915 2572 1970 Schauspiel in einem Aufzug; 2. Die Frau mit
1633 1956 2572 2000 dem Dolche. Schauspiel in einem Aufzug; 3. Die
1623 1992 2575 2040 letzten Masken. Schauspiel in einem Aufzug;
1370 2020 1616 2096 Für 50 Ze
1628 2035 2566 2085 4. Litteratur. Schwank in einem Aufzug. — Der Wiener
2569 2037 2777 2098 inclusive
1626 2071 2576 2131 Dichter hat mit seinen neuen Einaktern feine und geistreiche
1474 2076 1579 2123 100
2580 2086 2750 2134 Porto.
1482 2117 1579 2162 200
1634 2114 2255 2161 psychologische Skizzen geliefert, Seei
2410 2112 2763 2178 von be¬ Zahlbar
1488 2155 1585 2200 500
1633 2156 2226 2202 deutender Diefe, Bilder, die dem Le
2436 2146 2799 2226 cht und m Voraus.
2497 2190 2580 2247 sche
1423 2179 1579 2249 „ 1000
1622 2198 2221 2246 wie mit dem Pastellstift hingehau
1624 2233 2237 2277 Dekorationsarbeit, die sich um ein Le
2491 2230 2814 2292 und te ist das
1478 2238 1576 2302 Im
1619 2265 2247 2315 in immer kunstvolleren Ranken weite
2387 2260 2822 2346 aber burch cht es den
1358 2273 1612 2348 Abonnement
1626 2306 2577 2376 ihren sinnreichen Zauber das Interesse des Zuhörers nie
2583 2323 2661 2376 .
1353 2332 1610 2397 Abonnenten
1626 2342 2564 2409 erschlaffen läßt. In dem einleitenden Schauspiel
1638 2385 2571 2439 „Lebendige Stunden“ entwirft der Verfasser ein Bild
2578 2394 2811 2462 ialtend die
1474 2399 1620 2475 Der „
1639 2429 2574 2479 von dem naiven und starken Egoismus einer Künstler¬
2580 2450 2813 2500 Horgen¬
1366 2453 1617 2514 Inhaltsanga
1629 2453 2575 2518 natur. Um ihrem Sohne das künstlerische Schaffen
2579 2480 2814 2542 r Zeitung“)
1364 2502 1595 2553 blütter
2305 2504 2564 2556 en anzuspornen,
1632 2503 2158 2560 zu erleichtern und ihn zu großer
2583 2526 2800 2579 iche Leben
1352 2540 1618 2596 wodurch eine
2320 2541 2570 2594 hium. Sie ver¬
1631 2546 2124 2596 vergistet eine leidende Mutter
2574 2566 2811 2629 ttheilungen
1362 2573 1619 2632 des In- und
2330 2579 2566 2635 em Briefe an,
1628 2587 2105 2640 traut das Geheimnis ihres
1350 2613 1614 2683 werden in W
2350 2624 2578 2674 eamten über¬
1627 2621 2085 2677 den sie einem befreundeten
2469 2658 2572 2702 den
1629 2659 2090 2713 giebt, aber mit der ausdi
2350 2696 2576 2749 Der Beamte
1635 2702 2097 2753 Brief nicht ihren Sohn les
2309 2732 2577 2788 echt mit seiner
1631 2735 2140 2788 jedoch verletzt dies Verbot und
2276 2775 2583 2829 ndem Hochgefühl
1639 2782 2213 2840 Annahme, daß der junge Künstle
1629 2818 2590 2866 seines Könnens sich durch den Eindruck dieser
1629 2854 2579 2900 Offenbarung nicht niederdrücken läßt, sondern seine
1640 2889 2578 2946 Ueberlegenheit über die schmerzvollen Gefühle des
1635 2936 2321 2991 Durchschnittsmenschen an den Tag legt.
1713 2950 2502 3039 Noch mehr Beifall fand das romantische d
1638 3002 2578 3058 teilige Schauspiel „Die Frau mit dem Dolche“.
1637 3050 2589 3100 Sie führt den Namen Pauline, und ihr Bild thront in
1638 3091 2590 3145 der Mitte einer Reihe von Gemälden. Der Maler
1721 3134 2591 3184 r Hahn) ist der Anbeter und Liebhaber Paulinens
1644 3132 1683 3177 (4
1644 3165 2588 3217 (Frl. Irene Triesch). Pauline, die Frau mit
1635 3203 2593 3266 dem eisigen Herzen und den sirenenhaften
1634 3250 2590 3304 Reizen, flößt ihrem Liebhaber Gefühle ein, die
1648 3271 2598 3338 wie stahlscharfe Klingen verwunden und mit der unfehl¬
1645 3325 2618 3370 baren Sicherheit des Dolches töten. Sie steht gerade im
1643 3369 2593 3413 Begriff, mit ihrem Gemahl Remigio (Herrn Otto Sommer¬
1638 3393 2592 3449 storff) nach Iralien zu reisen, und gönnt ihrem Anbeier eine¬
1646 3442 2582 3483 Nacht zum Abschied. Der zweite Teil des Schauspiels
1643 3477 2590 3516 ist in wundervoller Verssprache geschrieben und schildert
1639 3518 2576 3561 die Liebesnacht, während deren die Bühne in mystisches
1640 3555 2584 3600 Dämmerlicht getaucht ist. Im Morgengrauen überrascht
1638 3587 2582 3650 Remigio die Liebenden. Pauline gesteht den Ehebruch,
1633 3620 2567 3680 Leonhard verlangt den Tod, und da Remiglo sich
1636 3675 2582 3723 weigert, ihn zu töten, droht er mit der Enthüllung
1636 3710 2582 3759 seiner Schande. Da stürzt Pauline mit einem Dolch
1639 3744 2587 3795 auf ihren Liebhaber los und ersticht ihn, der Gatté
1639 3786 2586 3854 indes verzeiht ihr den Fehltritt, weil sie ihre Sünde
1622 3814 2337 3880 bekannt und ihm das Leben gerettet hat.
1709 3856 2581 3916 Das Schauspiel „Die letzten Masken“ spielt in
1630 3890 2582 3946 einem Krankenhause. Ein sterbender Journalist (Herr
1635 3936 2581 3994 Reishardt) unterhält sich mit einem schwindsüchtigen
1619 3978 2581 4017 Schauspieler (Herrn Hanns Fischer) und verlangt als
1633 4011 2587 4066 letzte Gunst des Schicksals, einen stets von Glück und
1638 4049 1787 4104 Erfolg
1786 4056 2592 4120 begünstigten Dichter Namens Weihgast
1636 4098 2600 4152 (Herrn Bassermann) zu sprechen, um noch
1635 4134 2585 4171 in seiner Todesstunde das Wohlgefühl der Rache zu
