3484 4256
2138 201 2590 301 box 21/2
329 207 2004 310 16.1. Lebendige Stunden zvklus
664 447 1350 645 # Ker Goldseh,
934 553 1233 651 Bureau für
1342 542 1503 670 %
708 638 1418 724 Zeitungsausschnitte und Verlag
708 692 1412 781 der Wissenschaftlichen Revue.
627 728 911 830 BERLIN
959 762 1525 846 Auguststr. 87 part.
782 814 1357 888 Telephon Amt III. No. 3051.
1177 858 1561 946 D
532 895 891 984 Tesrame- dürene
912 917 1249 993 Ausschnitt
522 969 889 1033 G0LDSCHMIDT. Auguststr. 87.
1024 989 1113 1037 aus
526 1079 649 1214 %
705 1247 1413 1355 Tägliche Rtundschau, Berlin
1050 1434 1323 1523 —6. 1. 02
814 1629 1412 1726 Cheater und Muelk.
596 1706 1602 1803 Authur SchaitelLehendige Stunden“.
622 1781 1656 1839 Es ist möglich, daß Schnitzler seine drei ersten
563 1842 1655 1906 Einakter im Hinblick auf einen Grundgedanken
558 1878 890 1938 gearbeitet hat.
915 1874 1637 1950 Es ist ebenso möglich, daß sie, zu
561 1916 1655 1990 verschiedenen Zeiten entstanden, nur zum Zwecke
560 2003 1634 2052 einer Theateraufführung späterhin unter einen ge¬
1643 1997 3418 2061 ziehen lassen, auch dann noch, als er deshalb begeht, weil die Zusche
550 2040 1626 2107 meinsamen Gesichtspunkt gerückt sind. Denn das
2725 2056 3411 2106 gegnung mit dem Freunde erfahr
1647 2048 2717 2101 schwört, öffentlich seine Schande bekannt zu
557 2088 1627 2162 Thema, unter dem sie stehen, ist so allgemein, daß
2722 2095 3410 2142 Kranke ihm alles zu sagen v#
1637 2098 2713 2153 machen. In diesem Augenblick entreißt die Frau
548 2140 1629 2196 man wohl das Vertrauen haben kann, man werde
2761 2140 3417 2197 o intimen innerlichen Empör
1637 2136 2715 2193 dem Geliebten seinen Dolch und stößt ihn selber
565 2175 1621 2239 so ziemlich das meiste, was man zu dichten vermag,
2715 2182 3416 2244 kann es keine Zuhörer geben
1633 2186 2704 2236 nieder. Der Gatte indessen erblickt in der Rächer¬
548 2231 1633 2285 irgendwie darunter begreifen können, daß es also
2723 2230 3413 2289 nicht, warum Schnitzler die gan
1641 2219 2713 2285 stellung seiner Frau ein geeignetes Motiv für sein
551 2275 1632 2329 ziemlich auf eins hinauskommt, ob man sofort plan¬
2729 2272 3421 2333 einfach in einem Monologe zum
1649 2279 2703 2327 gerade auf der Staffelei stehendes Gemälde — es
559 2317 1624 2358 voll auf ein Ganzes hinzielt oder sich erst späterhin be¬
2728 2318 3405 2361 läßt, Über den albernen Standpu
1641 2322 2706 2383 ist das schon in der Galerie erblickte — und beginnt
2728 2354 3421 2423 Flegeljahre daß Selbstgesprä
555 2362 1622 2413 sinnt, wie herrlich es gewesen wäre, hätteman es gethan.
1632 2363 2710 2430 die Stellung eiligst festzuhalten. Von neuem ein
551 2398 1634 2447 Es handelt sich um allerlei vom Leben und Sterben
2725 2385 3368 2457 kommen hätten, sind wir d
1644 2409 2705 2459 Scenenwechsel: die moderne junge Frau und der
2717 2443 3418 2504 das Geheimste, das innerlich Gewa
549 2448 1625 2503 in den Stücken. Schnitzler nimmt beides vom zu¬
1637 2440 2704 2499 moderne junge Mensch von vorher stehen, wie erwachend
2721 2493 3411 2555 hat, vermag des Monologes nic
558 2494 1619 2549 sammenfassenden Standpunkte auf. Er will die Be¬
1640 2501 2703 2556 aus langem Traume, wieder vor uns. Binnen kurzem
560 2538 1615 2593 griffe mit einander vermitteln, ineinander über¬
2729 2534 3415 2595 selbst vom kleinlich naturalistisch
1640 2537 2706 2588 verspricht sie ihm „heute Abend zu kommen“. Sehr
2727 2578 3394 2626 er sich damit begründen, daß
552 2579 1626 2627 leiten, gleichsam im Leben das Sterben, im
1642 2580 2712 2642 modern. Man fragt sich vergeblich: Was hat das
2719 2619 3361 2685 schaften, die am heftigsten
555 2630 1632 2682 Sterben das Leben aufweisen. Ihm muß hier
1641 2629 2713 2680 Hineinziehen der dumpfen Ahnungen, die uns
543 2670 1628 2726 und da Ahnliches vorgeschwebt haben, wie Hauptmann
2730 2667 3381 2731 sich unzweifelhaft oft genug in
1631 2667 2705 2732 zuweilen vorspiegeln, wir hätten schon einmal gelebt,
550 2716 1628 2761 im „Michael Kramer“, als er den alten Maler an
2726 2708 3388 2767 machen. C’est une erreur
1635 2716 2704 2771 die uns häusig in früheren Menschen, in fruheren
2724 2750 3419 2815 monologue n’est pas dans la n#
553 2758 1620 2810 der Leiche seines Sohnes über Werden und Ver¬
1633 2768 2709 2814 Geschehnissen uns selbst erblicken lassen, hier für
550 2800 1619 2857 gehen philosophieren läßt. Es scheint mir nicht aus¬
2716 2798 3411 2872 agitations parlent souvent à h
1635 2801 2709 2856 einen Sinn? Soll es uns bewegen, die moderne
2720 2846 2891 2911 Hugo).
555 2851 1629 2902 geschlossen, daß Schnitzler eine erste Anregung aus
1633 2838 2711 2904 Geschichte, in welche das florentinische Abenteuer
2794 2866 3403 2959 Das letzte Stück „Litter
549 2874 1617 2946 dem erwähnten Hauptmannschen Akte empfing.
1642 2893 2716 2946 eingerahmt ist, nach Analogie von diesem fortzusetzen,
555 2921 1624 2983 „Der Tod ist die mildeste Form des Lebens“, drückt
2723 2927 3404 2982 künstlerisch am höchsten. Es ist
1641 2935 2704 2985 uns zu ergänzen? So, daß auch hier ein blutiger
2720 2971 3410 3035 abgeschlossene kleine Satire, die n
560 2974 1618 3034 Hauptmann sich ungelenk und ein wenig billig¬
1629 2985 2707 3045 Konflikt aus dem geplanten Rendezvous sich er¬
555 3016 965 3075 antithesenhaft aus.
988 3026 1628 3078 Er meint in der Hauptsache
956 3021 999 3064 525
2724 3016 3410 3076 logischen Lücken, an der Stoffvel
1639 3020 2708 3080 gäbe? Soll beides nur einen Kontrast herstellen
553 3060 1632 3110 dasselbe, wie wenn man sonst von dem ewigen
2723 3068 3384 3134 Stoffprotzerei der Einakter im
1640 3076 2703 3124 etwa: „Einst und jetzt“ oder „So liebte man gestern,
561 3103 1624 3155 Unverlorensein alles Lebens, von der Undenkbarkeit
2724 3102 3412 3156 Nach bewegtem Wandel als Fra
1644 3112 2704 3166 so liebt man heute"? Sollte lediglich die einfache
551 3144 1631 3206 einer Allvernichtung, von der großen Erhaltung der
2728 3150 3409 3203 Margarete in den Armen eines
1635 3152 2711 3209 Thatsache, das Vorhandensein von zeitentbundenen
548 3190 1624 3239 physischen wie der psychischen Kräfte, vom uferlosen Fort¬
2716 3199 3399 3262 landet. Er ist von altem A
1640 3201 2709 3258 Spiegelungen des Gehirnes, des Vorstellungs¬
546 3229 1622 3292 wirken der Vergangenheit in alle Zukunft wie vom
2721 3237 3398 3300 bekannten, noch älteren, meso
1634 3240 2714 3286 vermogens, bühnenplastisch vorgeführt werden? Aus
543 3290 1492 3336 unbewußten Besitze fernster Ewigkeiten redet.
2723 3287 3359 3350 wenigstens zu fünfzig Prozent.
1634 3287 2704 3336 dem Stücke heraus ist nichts Bestimmtes zu
623 3322 1633 3402 Was gilt der Tod des Individuums? scheint der
2725 3329 3391 3391 nicht erwähnenswert — denn fü
1640 3328 2701 3388 ermitteln. Nur Herr Schnitzler selber könnte uns
560 3376 1627 3417 erste Einakter „Lebendige Stunden“ zu fragen.
2728 3377 3414 3425 gänzlich unwesentlich — wenn es
1628 3384 2680 3439 dies und jenes versichern, was er gewollt habe —
560 3409 1632 3481 Baut sich nicht über dem ärmlichen Einzelschicksal das
2711 3412 3417 3476 besonders betont würde, und da
1646 3412 2704 3477 das aber hätte wiederum keinen Wert. Die
558 3461 1637 3528 Leben der Gesamtheit auf? Schreitet nicht über den
2713 3460 3407 3523 eine unverfälschte Mesopotamierin, 8
1646 3466 2703 3520 einzige Sprache von Belang, welche ein Kunstwerk
550 3504 1624 3555 Gräbern der vergangenen Menschheit die gegenwärtige,
2725 3501 3415 3562 das Wort von den „antisemitische
1641 3520 2700 3569 reden kann, ist die, welche aus ihm selbst hervor¬
551 3551 1627 3601 und wird nicht über der Asche dieser die Zukunftwandeln?
2728 3548 3416 3605 außerordentlich komische Wirkun
1645 3550 2706 3607 schallt. Wie dieses Stück heute vorliegt, ist es eine
2720 3597 3402 3650 hat einen unbezwinglichen Hang
551 3596 1627 3640 Giebt das Friedenmachen einer einzelnen Persönlich¬
1636 3598 2695 3653 Spielerei mit einer an sich tiefen, unter der Schwelle
2720 3637 3364 3700 Leben, er — nur zum Leben.
550 3642 1621 3690 keit den anderen ein Recht, nicht mehr mitzuthun,
1635 3640 2702 3695 unseres Bewußtseins liegenden Vorstellung, die in¬
552 3685 1628 3727 sich auszuschwelgen in selbstgenügsamer Trauer?
2727 3683 3410 3748 mit Hingebung in den Kre
1647 3681 2714 3736 dessen nicht dazu gelangt, sich zu einer sinnvollen
547 3724 1632 3788 Ob Reiche stürzen und Kronen rollen, deshalb sieht
1635 3726 2702 3799 Berührung mit unserem Gegenwärtigkeitsbewußtsein
2720 3716 3406 3786 verkehrt, er findet nur seltsan
1647 3772 1961 3839 durchzuringen.
556 3760 1632 3832 sich der heimliche Geist der Weltentwicklung
2716 3772 2856 3827 recht
2851 3769 3410 3828 zu motivierende Exist
552 3816 1626 3873 auch nicht ein einziges Mal um, deshalb geht der
2724 3810 3401 3876 Er hält Ehe und Heiraten für di
1701 3799 2704 3872 Ein Motiv, das schon in diesem Stücke an¬
558 3859 1577 3916 ruhige Genius der Geschichte unhemmbar weiter. —
2725 3854 3413 3910 bedingung zur „wahren" Liebe
1637 3865 2704 3921 geschlagen wurde, klingt auch in dem folgenden
552 3889 1619 3942 Hier trauert ein Sohn, ein Dichter, mit dem Herzens¬
2717 3910 3407 3967 bedingungen entbehren. Dennoch
1648 3915 2702 3961 dritten Stücke mit an. In der „Frau mit dem
554 3942 1628 4003 freunde seiner Mutter um deren Tod. Aus dem
2721 3939 3394 3992 liegenden Falle die Ehe mit
1636 3951 2704 3997 Dolche“ ist der Gatte und Maler im Augenblick des
553 3989 1629 4050 Munde des Freundes erfährt jener in der Form des
2717 3998 3403 4045 zweifelt, und weiß nicht recht, w#
1640 3998 2704 4055 schrecklichen Geschehens nur Künstler: Er denkt lediglich
547 4027 1623 4070 Vorwurfs, daß sich die Mutter um des Sohnes
2717 4031 3414 4084 Zwischen beide, die sich schon ein
1633 4044 2711 4096 daran, die Pose der Frau festzuhalten, gleich als ob
551 4063 1629 4129 willen mit Morphiumpulvern den Tod gegeben,
2724 4075 3410 4126 wähnten, tritt auf einmal vonneuen
1643 4085 2706 4140 ihm bloß ein Schauspiel vorgeführt würde, an dem
555 4117 1622 4163 da sie es nicht mit ansehen konnte, daß er im
2716 4117 3403 4174 hat einen Roman geschrieben, dess
1644 4127 2704 4184 er selbst unbeteiligt wäre. In „Die letzten
559 4149 1633 4211 steten Anblick ihres langwierigen Leidens sich vor
2708 4156 3388 4209 sie brennend wünscht; es kämen
1637 4174 2713 4234 Masken“ tritt ein Schauspieler in einem
2988 4210 3029 4248 J
