3392 4320
1439 42 1629 115 N.
609 31 1211 136 „
251 95 1685 192 I. österr. behördl. conc. Bureau für Zeitungsberichte u. Personalnachrichten
472 168 1465 267 Wien, IX/1, Tünkenstrasse 17.
654 244 1289 328 - Filiale in Budapest: „Figyelö“ -
261 313 1674 402 Vertretungen in Berlin, Chicago, Genf, London, Newyork, Paris, Rom, Stockholm.
839 427 1023 525 De
256 457 779 540 Ausschnitt aus:
1345 467 1641 581 it, Brünn
279 579 804 688 vom: 822
576 959 1431 1080 Schaubühne und Kunst.
680 1052 1311 1147 Brünner Stadttheater.
757 1131 1228 1195 „Lebendige Stunden.“
585 1173 1394 1257 (Vier Einakter von Arthur Schnitzler.)
523 1254 1536 1318 Das erste Stück mit dem Titel „Lebendige Stunden“
453 1298 1550 1374 führt uns einen jungen Dichter vor, dessen Muter um der
451 1323 1696 1442 Zukunft ihres Sohnes willen, freiwillig ihrem Leiden ein elusive
272 1362 386 1448 Für
398 1403 1663 1465 10 Ende bereitet. Lange genug war ihre Krankheit ein Hemm= P'orto.
1532 1437 1672 1488 ahlbar
387 1458 1535 1513 20 schuh für sein küstlerisches Entfalten. Nun soll er Samm¬
1536 1474 1704 1538 Voraus.
391 1503 1546 1567 50 lung und Arbeitsfrische wiedergewinnen. Und er wird sich:
384 1530 467 1586 100
1604 1514 1703 1591 t da
448 1553 1713 1642 des Opfers wert zeigen, er wird es obwohl diese Tat der ## es de
292 1602 1614 1692 Abonner edlen, opfermütigen Mutter einen alten Freund der Toten ku.
308 1669 1540 1726 Abonner erbittert, weil sich die Kunst über das Leben und seine Lei¬
454 1683 1720 1766 den hochmütig hinweggesetzt hat. Das zweite Stück#ltend di
1540 1749 1718 1799 orgei
460 1759 1697 1840 „Die Frau mit dem Dolche.“ Ein junger Mann [Zeitung
299 1771 460 1830 Inhalts
475 1802 1704 1871 (Leonhard) wirbt stürmisch um die Gunst einer Frau schaftlick
310 1822 456 1873 blätt
306 1860 459 1910 wodure
469 1850 1704 1922 (Paula). Sie gibt nach, nicht weil sie ihn liebt, sondern aus Diese Mi
309 1899 457 1950 Leben
455 1906 1552 1980 Trotz und Wildheit der Triebe. In jedem Weibe regt sich
307 1933 459 1999 theilun
473 1954 1555 2003 dieses Begehren zuweilen nach einem bestimmten Mann.
455 2004 1548 2077 In der Bildergalerie trifft sie ihren Verehrer. Sie stehen vor
453 2056 1548 2125 einem Bilde „Die Frau mit dem Dolche.“ Sie sinnt und
454 2092 1544 2174 sinst, ihre Gedanken verlieren sich, sie sinkt um und träumt
449 2147 1548 2228 die Tragödie, die sich vor dreieinhalb Jahrhunderten in
448 2199 1552 2272 Florenz zugetragen. Paola, die Gattin Remigios, des
451 2243 1546 2318 Malers, hat sich einem Schüler des Meisters, Leonardo, hin¬
453 2298 1546 2374 gegeben. Sie gesteht dem Gatten die Schuld, doch dieser will
453 2342 1539 2409 nicht tödten, und so greift sie selbst nach dem Dorhe und
450 2391 1545 2478 sticht den Geliebten nieder, um dann ihr Urteil zu empfangen.
454 2445 1544 2538 Und Remigio springt zur Staffelei um dieses Bild fes.zu¬
449 2490 1550 2558 halten, ehe er die Treulose richtet. Der Traum ist vorüber,
456 2555 1547 2618 die Szene verwandelt sich. Vor der Bildergalerie stehen wie
456 2593 1544 2678 vor Frau Paula und Leonhard. Und noch halb gefesselt von
456 2646 1546 2725 dem, was sie im Traum gesehen, und was alle mitgesehen
449 2694 1551 2773 habe sagt sie dem Begehrenden: „Ich werde kommen.“ Das
457 2750 1539 2809 dritte Stück nennt Schnitzler „Die letzten Masken“.
447 2800 1548 2875 Der dem Sterben nahe Journalist Rademacher hat nur noch
454 2848 1548 2920 einen Wunsch. Er will seinen Todfeind, den berühmten Dich¬
443 2884 1551 2980 ter Weihgast sehen, um allen Grimm und Haß mit der letz¬
444 2951 1541 3014 ten Kraft ihm entgegenzuschleudern. Er will dem Hohl¬
452 2992 1552 3064 kopf sagen, daß er ihn mit seiner Frau betrogen und so
452 3047 1545 3101 wenigstens vor dem Tode den Triumph der Rache auskosten.
449 3093 1542 3172 Weihgast kommt. Doch vor diesem lächerlichen Geistespro¬
452 3143 1550 3232 tzentum schweigt er. Was gehen ihm, den Sterbenden, die
453 3180 1548 3249 Leute, was deren Glück, was deren Sorgen noch an. Das
454 3248 1537 3303 vierte Stück heißt „Literatur.“ Eine „Schriftstellerin“
456 3282 1551 3362 wird den Baron Klemens heiraten. Sie hat einen Roman
451 3343 1557 3412 geschrieben, der zugleich der Roman ihres Lebens ist. Doch
449 3398 1553 3463 auch der frühere Geliebte der Literatin hat einen Roman
451 3434 1558 3519 verbrochen und, genau wie sie, die Briefe die sie gewechselt.
456 3487 1551 3546 hiebei verwertet. Der Baron, der das Dichten nicht leiden
452 3539 1552 3615 kann, kauft ahnungslos den noch nicht erschienenen Roman
455 3579 1555 3666 seiner Braut auf und läßt ihn einstampfen. Damit ist ein
443 3639 1553 3701 öffentlicher Skandal glücklich abgewendet, und die schlaue Ko¬
452 3700 1544 3771 mödiantin versteht es noch obendrein, ihrem Bräutigam
443 3747 1566 3816 weiß zu machen, daß nur die Liebe zu ihm sie bestimmt hat.
457 3804 1560 3873 auf jeden literarischen Ruhm zu verzichten. Nur ein Exem¬
451 3857 1550 3925 plar will der der Baron behalte n. Doch auch dieses wirft sie
456 3896 1548 3969 ins Feuer! Ihre Liebe ist eben grenzenlos! Der Baron wird
452 3943 1551 4010 nun den Roman ihres früheren Geliebten lesen und nicht
447 3995 1546 4070 ahnen, daß derselbe nicht nur erfunden, sondern auch wirk¬
456 4031 753 4099 lich erlebt ist .
2213 147 2650 226 Telephon 12801.
1836 226 3047 319 Alex. Welgl’s Unternehmen für Zeitungs-Ausschnitte
2837 294 3049 368 Ausschnitt
2059 339 2720 448 „OBSERYER
2889 352 3125 444 Nr. 32
1716 434 3148 510 I. österr. behördl. conc. Bureau für Zeitungsberichte u. Personalnachrichten
1942 497 2949 571 Wien, IX/1, Türkenstrasse 17.
2135 571 2766 649 Filiale in Budapest: „Figyelö“ -
1723 623 3148 697 Vertretungen in Berlin, Chicago, Genf, London, Newyork, Paris, Rom, Stockholm.
2304 681 2599 762 Weu
2711 694 3053 814 Brümm
1726 764 2241 859 Ausschnitt aus:
1735 897 2201 1013 vom## 2 2
1992 1193 2852 1300 Schaubühne und Kunst.
2103 1275 2734 1375 Brünner Stadttheater.
2164 1352 2669 1423 „Lebendige Stunden.“
1872 1378 2972 1487 (Vier Einakter von Arthur Schnitzler, aufge¬
2097 1460 2714 1525 führt am 8. Wonnemonds.)
1963 1488 2973 1572 Um eine Enttäuschung reicher verließ gestern
1866 1547 2974 1624 das Publikum die Räume des Theaters. Nach den
1872 1604 2978 1677 Lobeshymnen, die aus Anlaß der Uraufführung im
1864 1662 2972 1721 deutschen Theater in Berlin der Einakterreihe mit
1741 1666 1839 1742 Für
1859 1689 3129 1752 dem Gesammttitel „Lebendige Stunden“ gewidmet fnelusive
2965 1736 3113 1783 Porto.
1782 1740 1821 1787 „
1873 1760 3131 1821 wurden, nach dem Weihrauch zu schließen, der dem Bahlbar
1881 1798 3162 1885 Verfasser Arthur Schnitzler in überschwängli=n Voraus.
1767 1822 1827 1910 2
1873 1852 3174 1938 cher Weise geopfert wurde, konnte man ein neues, # ist das
1884 1910 3185 1974 ein genialeres Morituri erwarten. Und gestern? jert es den
1750 1912 1879 1994 Abon
1886 1941 3055 2030 Keine der Erwartungen hat sich erfüllt, 4 Einakter, sea¬
1734 1963 1872 2019 Abon
1888 1995 2994 2066 grundverschieden in ihrem Charakter, ohne inneren
1882 2004 3191 2108 Zusammenhang, nur verbunden durch einen will- haltend ds
2949 2079 3183 2135 Morgesl¬
1741 2077 1873 2149 Inhz.
1880 2094 3150 2177 kürlichen Gesammttitel, der durch jeden anderen er p Zeitung,
3121 2115 3165 2157 2)
1743 2137 1868 2188 blä
1888 2141 3197 2199 setzt werden kann. Zwei dieser Einakter „Die Frau #schaftliche
1746 2177 1865 2225 wedu
1889 2196 3189 2239 mit dem Dolche" und „Literatur“ verraten aller Dese Mit¬
1751 2213 1863 2264 Lebe
1880 2237 2977 2305 dings als Verfasser einen Mann von Geist, der den
1746 2254 1872 2306 theil
1873 2279 2969 2356 Menschen und Dingen überlegen, tief an die See¬
1877 2339 2963 2406 len rührt und den geheimsten Regungen des Innen¬
1878 2373 3165 2473 lebens nachzuspüren versteht. Doch als dieser Mann
1881 2433 3155 2541 ist Schnitzler bereits bekannt. Eine neue Offenbar
1873 2483 3051 2558 rung, den Widerschein eines neuen Feuers hat man
1872 2535 3038 2607 erwartet und ist enttäuscht. Schnitzler ist der Alte
3017 2591 3068 2649 705
1872 2577 3018 2630 geblieben. Ironie und Resignation wechseln in him¬
1875 2620 3115 2703 ter Aufeinanderfolge, eine schimmernde Oberfläche,
1867 2680 3059 2760 chinter der soviel aber auch nichts verborgen sein
1875 2719 2042 2782 kann.
1937 2749 3032 2861 * Der erste Einakter — der Inhalt der vier Ein¬
1874 2824 2969 2884 akter wurde bereits in unserer letzten Nummer be¬
1873 2864 2975 2938 sprochen — ist ein Feuilleton aber kein Schau¬
1878 2921 2975 2977 spiel. Der Dichter, der mit seinem Seelenschmerz?
1879 2972 2968 3038 sich ins Reich der Phantasie flüchtet. und der Phi¬
1865 3015 2969 3070 lister, dessen Weltanschauung von heut auf morgen
1872 3051 2966 3136 reicht beide treten einander gegenüber. Das
1873 3095 2967 3174 Stück fiel trotz des ausgezeichneten Spieles der Her¬
1874 3161 2969 3234 ren Ott und Recke und trotz der geschickt nachhel¬
1871 3194 2966 3295 fenden Regiekunst des Herrn Direktor Lechner
1849 3273 2966 3321 ab. „Die Frau mit dem Dolche“ hat auf)
1857 3317 2971 3379 das Publikum leider nur verblüffend gewirkt. Dies
1854 3364 2944 3430 Traumszene ist nicht genügend motiviert. Die tie¬
1863 3424 2941 3474 fen Gedanken des Vor= Aid Nachspieles können da¬
1870 3465 2941 3533 her nicht so wirken, wie man es erwarten sollte.
1873 3518 2939 3586 Frau Förster hatte als Pauline Gelegenheit,
1868 3569 2944 3615 alle Register ihres reichen Könnens anzuschlagen.
1855 3607 2939 3680 Und wie sie dieselben anzuschlagen verstand. Da gab
1850 3653 2945 3730 es keinen Mißton. Ein Anschwellen und Verklingen
1845 3687 2937 3781 simmer derselben Tonfolge, vom zartesten „Pia¬
1861 3764 2938 3830 nissimo“ bis zum gewaltigen Forte. Herr Wer¬
1864 3812 2943 3857 ner=Eigen konnte als Leonhard nicht sonder¬
1858 3857 2944 3924 lich erwärmen. Es liegt etwas Fremdes, Frostiges
1864 3902 2946 3976 in seinem Wesen, das aus jeder seiner Bewegungen,
1857 3955 2946 4028 aus jedem seiner Worte dem Zuhörer entgegen¬
1862 4001 2939 4073 starrt. Vielleicht sind wir verwöhnt, vielleicht sind
1861 4057 2972 4120 wir dem Anfänger gegenüber mehr empfindlich und
