3392 4224
285 223 2538 305 16.1. Lebendige Stunden Zukius box 21/4
1307 980 1730 1100 „
1882 1031 2318 1130 1 — Bernrung
989 1101 1218 1193 r Heinrich
2380 1164 2479 1209 Tär
1224 1118 2393 1245 zwischen viertem und fünftem Akt, die Vermeidung der großen
2384 1195 2467 1244 B
1224 1184 2134 1279 Heilungsszene u. s. w., mit vielen Rufzeichen!
1291 1233 2470 1340 Meister des Hannele und des armen Heinrich! Es gibt! so
1207 1256 2477 1405 auch andere, die nicht immer fragen: „Was kann er nicht?“,2
1208 1327 2470 1446 sondern: „Was kann er?“ Und die sich dann sagen: „Kein we
1208 1377 2371 1479 Ding ist vollkommen unter der Sonne. Lasset uns lieber am
1199 1437 2383 1542 Unvollrommen=Vollkommenen Freude empfinden, als den
2378 1443 2468 1535 56
1187 1474 2478 1583 Mangel des Vollkommen=Vollkommenen begreinen! Haupt= Ge¬
1193 1526 2368 1628 mann hat die alte Sage in die dichterische Pracht eines reichen
2363 1554 2472 1613 zu!
2368 1589 2478 1645 stel
1201 1570 2364 1679 Bühnengewandes gehüllt, er hat sie mit reinstem Wohllaut der
2361 1625 2468 1692 bez
1190 1610 2465 1737 Sprache begnadet und it Versen von einer restlosen Schön= die
1192 1657 2464 1764 heit und Süßigkeit geschmückt, wie sie unter den Dramatikerng#arz
1007 1698 1191 1793 lauter.
1195 1716 2473 1822 von heute nur er selber im „Hannele“ und Schnitzler inäber:
2383 1786 2480 1845 lac
1183 1738 2452 1888 der „rau mit dem Dolche“ zu schaffen vermochte, er hat ihr
1186 1831 2454 1935 ein herrliches Geschmeide von edlen Gedanken, Vergleichen und ibli
996 1840 1116 1920 Fest
1192 1862 2350 1963 Bildern ins Haar geflochten und er hat, nicht zuletzt, eine echte
2364 1913 2448 1961 sie
1181 1909 2359 2033 Dichturg geschuffen. Daß er das Beste gab, was er geben
2351 1952 2457 2001 jed
2334 1994 2453 2043 titi
1184 1958 2358 2079 konnte, das Beste, was heute überhaupt einer geben kann —
2334 2033 2466 2101 #a
1184 2015 2047 2106 mit unserer Liebe wollen wir's ihm danken:“
2332 2068 2450 2159 31
1257 2068 2357 2166 Die Wiener Aufführung (endlich wieder eine Urauf¬
1170 2082 2345 2211 führung im Burgtheater!) war eine vortreffliche. Alle über¬
2343 2130 2466 2202 Sch¬
1173 2162 2339 2268 ragt die vogelscheue Otiegebe von Lotte Medelsky. Irene
2340 2184 2465 2242 Hote
2335 2221 2457 2277 den
1164 2194 2462 2323 [Triesch wird einen schweren Stand nach ihr haben. Auch ster
1165 2257 2336 2363 [Kainz als Titelheld war teilweise von überzeugender Kraft,
2331 2302 2489 2390 Straz
1172 2300 2338 2391 teilweise freilich bald zu pathetisch, bald zu — pathologisch.
950 2314 1182 2410 s sich, sie
1164 2350 2353 2450 Und wie immer ohne Weichheit des Herzens. Die übrigen
1157 2388 2342 2513 erfüllten ihre Pflicht mit Liebe. Von den vielen (meist arger
1165 2447 2341 2556 Frömmelei, die schon am Worie „Pfaffe“ Anstoß nahm, ent¬
1157 2487 2334 2591 sprungenen) Sirichen störte besonders die Weglassung der
2326 2495 2480 2580 sitlvers
2332 2568 2449 2616 zur 1
1166 2553 2474 2680 zwei letzten Seiten des vierten Aktes sehr empfindlich und Mitgl
928 2556 1054 2636 1“
1152 2602 2333 2704 schwächte den Erfolg dieses prächtigen Abschnittes. Aufrich¬
924 2634 2326 2737 Unfrucht=tigkeit muß übrigens bekennen, daß der Beifall nur nach dem
937 2672 1158 2741 ücke deine
2319 2659 2485 2743 Kege
1141 2684 2321 2795 zweiten Akie den Charatter einstimmigen Jubels von Parkeit,
927 2725 1146 2795 sen. Sie
2322 2728 2497 2819 Brünz
1151 2740 2316 2842 Logen und Galerien aufwies. Nach den folgenden Akten regte
926 2776 1143 2840 Drama¬
2313 2803 2496 2872 stube d.
1146 2784 2317 2891 sich gegen den tosenden Jubel der Jugend auf den Galerien
920 2820 1147 2894 ikte bän¬
1143 2844 2303 2933 vereinzelter Widerspruch, während die „Zehntausend“ recht
924 2872 1141 2944 der „ver¬
2309 2867 2491 2948 8 Uhr
1143 2882 2317 2989 frostig blieben. —— Lieber Gott, wir danken dir, daß es
918 2921 1140 2994 hen Ver¬
2310 2929 2490 3018 8 Uhr
1131 2937 2313 3051 junge und ewig junge Menschen gibt in deiner Wunderwelt.
923 2968 1159 3058 rbindung
2299 2998 2498 3055 Probe k#
1214 2982 1873 3069 Wien, am 29. November 302.
2293 3034 2517 3111 begonner
