3484 4256
259 202 2421 311 16.1. Lebendige Stunden zyklus bos 21/5
1329 1151 1454 1251 —
451 1198 762 1280 worten haben.
372 1213 457 1279 en
1851 1210 2579 1328 Pallen —— (Quallensagele e#n —.
797 1226 1566 1332 e
368 1270 468 1345 tte
1465 1296 1582 1374 pe
1821 1322 2839 1412 Ausschnitt absgrishäder Volkegeitu¬
469 1327 1577 1423 Theater, Kunst und Literatur. un
373 1366 458 1425 ng
1472 1394 1562 1452 9
365 1404 458 1463 iß¬
502 1404 1559 1498 Schauspielhans. Artur Schnitzlers Einakterfolgel
1811 1426 1969 1495 vom:
360 1435 467 1508 cht¬
2084 1435 2435 1538 —
460 1464 1499 1524 „Lebendige Stunden“. Wenn es auf der
354 1493 1539 1546 hen Bühne zu herbsteln beginnt und sich irgendein Abend
2288 1510 2561 1586 0-—
370 1540 453 1598 er
447 1543 1525 1616 über einen Wiener Vorortegarten herabsinkt, in des¬
1891 1543 2987 1653 X Stadttheater. Mittwoch, den 20. November.
450 1580 1537 1666 sen Grund ein ruhiges Haus steht, und wenn nun ein
1766 1587 2979 1694 Literarischer Abend. „Lebendige Stunden.“ Ein
352 1607 449 1696 he¬
455 1651 1489 1702 angegrauter, liebenswürdiger Herr, dem man den
1761 1663 2982 1746 Einakter=Zyklus von Artur Schnitzler. Am 15. Mai d. J.
449 1687 1484 1757 höheren pensionierten Beamten ansieht, mit seinem
1767 1714 2981 1791 wurde der 50. Geburtstag des feinfinnigen Wiener Poeten
447 1729 1488 1785 ebenso lieben, alten Gärtner ein stilles, trauriges,
1772 1768 2979 1844 Artur Schnitzler an den meisten deutschen Bühnen durch
459 1778 1554 1856 nachdenkliches Gespräch über Liebe und Tod beginnt,
1768 1794 2996 1886 Aufführungen seiner Werke gefeiert. Karlsbad, das damals
449 1823 1493 1895 in das sich die Melancholie; des Abends und des
1487 1852 1547 1898 mn
1766 1840 2979 1936 bereits am Beginne der Hochsaison stand, wo das Kurpublikum
454 1869 1553 1945 Herbstes mengt, dann weiß man, das ist von Schnitz¬
360 1894 444 1947 en
452 1914 1488 1968 ler, auch dann, wenn es einen anderen Autor hätte.
1771 1890 2970 1979 nur leicht verdauliche Theaterkost verlangt, holte dies nun
363 1936 453 1998 en
1480 1937 1561 1993 N
449 1958 1488 2009 Das ist des Dichters Welt, in der die Atmosphäre
1767 1963 2960 2038 durch Veranstaltung eines literarischen Abends nach, bei dem
1478 1983 1567 2034 ne
364 1993 1581 2066 19, der Villengärten ebenso wichtig ist wie die Gespräche, pfl
1770 1990 2967 2104 der Einakter = Zyklus „Lebendige Stunden“ zur Vorführung
351 2022 452 2081 Er¬
441 2037 1571 2126 die in ihnen geführt werden, wie die leisen, nachdenk= dez
1770 2063 2971 2121 gelangte. Die Eigenart Schnitzlers, gesellschaftlichen Schwächen!
347 2063 461 2123 ten
454 2098 1575 2169 lichen, melancholischen, gepflegten Gespräche, die im¬ wit
356 2114 454 2165 ind
1772 2101 2974 2199 leck zu Leibe zu gehen, ohne dabei jemand ernstlich wehe zu
446 2132 1591 2207 mer wieder von der Liebe und vom Tod handeln, g#
1761 2134 2997 2241 tun, die ihn zu einem liebenswürdigen Sittenschilderer gemacht
438 2181 1583 2262 auch wenn sie von anderen Dingen zu handeln schei¬ mei
1774 2193 2930 2289 hat, offenbart sich auch in diesem Einakterzyklus, zugleich abe
349 2213 1593 2302 nd¬ nen, die eben eines vergessen, daß es außer der mit
1772 2241 2978 2327 auch sein Fehler, unter Vernachlässigung des Dramatischer
354 2269 1595 2359 tei. Liebe und ihren Spielen noch Hunger auf der Welt Ab
1756 2284 2958 2382 sich in das „weite Land“ der Redseligkeit zu verlieren.
457 2312 1605 2394 gibt. Hinter den Zäunen der wohlgepflegten Gärten nah
375 2334 447 2392 K
1764 2357 2957 2433 Namentlich krankt an diesem Fehler der erste Einakter
453 2359 1596 2438 liegt eine andere Welt, mit anderer Anschauungsart, Dar
351 2375 451 2433 in¬
1758 2388 2976 2480 „Lebendige Stunden“, der dem ganzen Zyklus den Namen
455 2410 1603 2485 mit weniger Nachdenklichkeit. Aus ihr scheint der alte zahl
350 2420 445 2479 Ae¬
455 2457 1587 2509 Rademacher „in den letzten Masken“ zu kommen, der aus
1763 2442 2971 2514 gegeben, und um dessen Wiedergabe sich die Herren Kroi##
334 2469 447 2521 ier¬
459 2501 1610 2574 sich von allen Dingen dieser Welt loslöst, weil er Kohl
1764 2484 2970 2560 Starkmann und Nekam verdient machten. „Die letzten Masken
340 2505 455 2573 gen
456 2546 1588 2618 sterbend die Nichtigkeit der Wichtigkeiten der Welt den
1750 2519 2948 2635 ist ein überans tiefes und wertvolles Stück, das trotz des
346 2555 453 2627 ißa
457 2578 1608 2647 sieht und auf die Rache verzichtet, die er der Welt samn
1760 2594 2943 2680 unerfreulichen Krankenhausmilieus seine starke Wirkung nicht
452 2645 1616 2706 und ihrem Repräsentanten, einem berühmten Dich= Aus¬
1759 2635 2947 2739 verfehlt. Die zwei odkranken, bereits aufgegebenen Pitienten,
452 2675 1584 2735 ter und ehemaligen Jugendfreund, zugedacht hatte. für
1759 2678 2949 2778 den Journalisten Karl Rademacher und den Komiker Jackwert,
329 2696 448 2766 und
444 2734 1611 2791 Scheidet. Doch seine Loslösung von den Dingen der Sich
326 2753 446 2818 rtei¬
1752 2726 2948 2828 spielten die Herren Egerer und Norden mit packender Natur¬
449 2773 1618 2826 Erde, seine Überwindung ist doch wieder von Schnitz= mach
1751 2775 2945 2876 weue. Den Uebergang von diesen düsteren Bildern zu der
445 2811 667 2880 lers Art.
1462 2826 1621 2881 Kron
332 2815 451 2901 Die
1756 2829 2951 2919 keck=lustigen Planderei „Literatur“ bildet „Die Frau mit dem
491 2845 1631 2918 Diese Welt sollte auf unserer Bühne, für die Zu= Unter
318 2888 450 2955 ngem
1752 2878 2943 2981 Dolche“ die uns in einem Traumbild in die Zeiten Leonardo#
453 2891 1625 2972 sommenspiel ein spanisches Dorf bedeutet, aufer- sonen
336 2926 440 2984 Be¬
1754 2916 2937 3019 da Vincis versetzt, und in der sich Frau von Effner und
454 2941 1634 3012 stehen. Sollte. Trotz der Leitung des Direktors als se
313 2965 451 3033 heute
459 2981 1634 3057 spürte man nicht die Atmosphäre der Dichtung. Und eingen
1754 2972 2943 3072 Herr Rolden auszeichneten. Den Beschluß bildet das Lustspiel
316 3021 451 3084 hsten
446 3040 1645 3094 auf diese kommt es wahrlich an, mehr an als auf kostenb
1763 3038 2943 3117 „Literatur“, eine Glosse auf das Wiener Kaffeehausliteraten¬
311 3067 442 3126 wird
459 3079 1652 3144 Einzelleistungen, von denen K. Th. Wagners Rade- und R
1757 3090 2937 3150 tum, welches in Gegensatz zu dem Typus eines literatur¬
320 3111 443 3167 man
452 3134 1648 3193 macher, der mehr Studie denn Mensch war, Greven= Gesam
1752 3133 2941 3213 feindlichen österreichischen Aristokraten gebracht wird. Die
327 3152 434 3213 kom¬
448 3177 1649 3241 bergs unaufdringliche Weitzgast, Griegs ansprechen= Posten
336 3200 435 3251 Be¬
1748 3173 2943 3274 schriftstellernde Margarete, die von Klemens den Fangarmen
449 3217 1644 3284 der Leonhard und Fräulein Dürrs fesselnde Pauline des stö
315 3234 441 3301 diges
1776 3231 2943 3318 der Boheme entrissen wurde, gab Frl. Brion mit dem ihr
1467 3262 1636 3336 men #
442 3271 1474 3322 besonders genannt sein sollen. Im Lustspiel „Literatur“
318 3289 436 3345 1 ge¬
1759 3281 2983 3367 digenen Schick, den wilden Literaten Gilbert Herr Starkmann
1469 3314 1625 3368 65 h,
452 3309 1467 3370 wurde man überdeutlich und hatte Schwankmanie¬
328 3327 443 3386 das
1481 3353 1629 3413 miete
449 3358 1476 3417 ren und trotzdem ein zu langsames Tempo (außerdem
313 3372 449 3433 seur¬
1481 3398 1623 3462 Krone
456 3398 1475 3456 spielt es in Wien und nicht in Deutschland), die „Le¬
1801 3406 3000 3473 und den Aristokraten Klemens Herr Rolden? mitt guter
307 3425 439 3481 nung
1470 3448 1618 3503 zusam
451 3450 1468 3514 bendigen Stunden“, tötete Herr Graff mit Birch¬
1809 3468 3002 3537 Charakterisierung. Das Haus war bis auf die Logen gut
322 3466 438 3529 den
1468 3491 1627 3553 nahm
457 3498 1476 3562 Pfeisserschem Pathos. Das Publikum feierte den
335 3516 443 3572 von
1816 3497 3007 3603 besucht, das Parkett ausverkauft, und nahm den Zyklus mit
456 3542 1256 3595 Dichter und war unverhohlen begeistert.
1281 3523 1621 3606 f. k.gange
1771 3555 2218 3641 # großem Beifall auf.
1465 3583 1617 3647 tungs
318 3603 449 3659 reise
1465 3626 1595 3682 Für
752 3626 1163 3721 Arhaitasunt
319 3635 486 3728 neh¬
