3392 4224
207 192 2370 315 16.1. Lebendige Stunden zyklus box 21/5
140 665 449 774 Wen Geu
495 719 957 840 MML
2389 934 2546 1016 31
2242 987 2537 1200 C
939 1097 1546 1220 SE
256 1103 339 1236 V
569 1138 687 1235 0
1720 1357 2654 1470 i personaggi non vi tengono fede e#se pre¬
766 1397 1699 1510 conducono a questa curiosa conclusione,
158 1419 727 1521 esser diversa da quella
1710 1457 2652 1529 feriscono di morire, di scomparire nell’ombra,
748 1478 1687 1568 che moltissimi giudicati medioeri assai,
142 1487 735 1582 anno avuto il mezzo di
1724 1503 2659 1593 anzi che dibattersi nell'’agitazione vigorosa e
749 1537 1687 1611 in tutte le loro ordinarie manifestazioni,
136 1551 737 1638 ene fino allora, ma ad
1714 1574 2658 1634 crudele della vita, I drammi in un atto dello
748 1583 1691 1677 acquistano in un giorno, a giudicare da
142 1606 738 1693 allo di tempo, quando sia
1722 1618 2662 1717 Schnitzler sono assai diversi nella forma, ora
760 1651 1694 1742 ció ch uno affidato agli ampi fogli
141 1667 731 1748 ibile di riparare almeno
1713 1673 2656 1776 prosastica ed ora poetica, e nella sostanza,
769 1703 1696 1791 dell’ ese inale, una dottrina che nes¬
140 1711 733 1822 che insufficienza, colmare
1734 1740 2658 1817 ora crudamente reale ed ora imaginosamente
776 1755 1465 1858 suno at in loro supposto.
163 1784 737 1869 Questa in generale, a
1732 1792 2665 1894 fantasiosa. Mi manca lo spazio di parlare
797 1811 1687 1911 Ma intanto i piccoli espedienti con¬
142 1840 727 1925 amo potuto comprendere,
1737 1854 2659 1945 con qualche minuzia dei quattro lavofi, e mi
773 1873 1688 1975 ducono allo scopo desiderato, che 6
145 1898 731 1984 na, poiché ignoriamo le
1728 1911 2663 1994 limiterö quindi ad occuparmi solo di Le ul¬
770 1933 1714 2013 quello di bassare, di passare a tutti i
137 1939 741 2043 olari sue disposizioni. E
1736 1970 2661 2056 kie maschere. Questo drammino mi sembra
771 1998 1696 2098 modi, rimpinzandosi di notizie acquistate
158 2014 735 2106 i giovani, e non la parte
1726 2040 2677 2112 essere il piu serrato e pid amaro dei quattro
763 2054 1701 2154 alla lesta per essere smaltite subito,
153 2073 744 2154 i, si sia ribellata a questa
1738 2087 2658 2186 lavori scenici, che lo Schnitzler volle con¬
770 2125 1695 2197 strappando concessioni di ogni specie,
144 2139 737 2216 posizione; e l’eco delle
1739 2162 2655 2229 fondere in un'unica denominazione, chiaman¬
775 2177 1694 2244 calcolando sull’ indulgenza di tutti, spe¬
150 2186 746 2283 proteste é giunta perfino
1740 2204 2670 2299 doli: Ore viventi (Lebendige Stunden): viventi,
768 2243 1708 2302 cialmente dei Minist-i, sui cui animi
146 2243 749 2323 nnolentae vuota aula del
1731 2265 2643 2367 piü che vive, perché quelle“ ore hanno 1
769 2280 1697 2379 essi pensano che i depttati di oghi parte
139 2301 746 2394 nto, dove non c’erano ab¬
1747 2312 2670 2411 respiro certo e i loro minuti, piu che tra¬
770 2356 1684 2439 possano egualmente e sempre influire.
136 2359 732 2454 Esentanti che potessero di¬
1737 2374 2664 2464 scorrere, precipitano giü, giü, prima di riu¬
823 2403 1712 2486 E gli onorevoli rappresentanti della
144 2430 741 2517 ivitali per la nostra eco¬
1736 2447 2660 2531 scire a suonare nella nostra anima eidi an¬
783 2466 1710 2543 nazione italiana han dimostrato (se la
1742 2499 2668 2600 nidarvisi rotondamente sviluppati, fissati nella
767 2510 1715 2621 narrazione concorde dei giornali é esatta)
140 2539 741 2628 quale alto interesse si sono
1759 2578 2649 2658 consistenza d’una solidità bronzea o ferrea.
777 2576 1711 2655 che essi hanno sentito vivamente questa
149 2600 742 2684 minacciosi questi rappre¬
779 2648 1719 2731 loro missione di difendere l’ignoranza;
157 2665 765 2744 nazione? quale principio
1785 2633 2675 2760 In un ospedale di Vienna agonizza il gior¬
782 2703 1711 2783 e la poltroneria, e un membro del Go¬
141 2720 750 2803 iolata hanno essi difeso
1743 2732 2685 2813 nalista Carlo Rademacher. Sta per chiudere
791 2758 1723 2849 verno ha creduto che possa essere senza
140 2779 752 2859 eva manometterlo? E que¬
1757 2783 2681 2873 nella miseria un’esistenza faticosa; egli scrisse
776 2814 1719 2908 pericolo il fare dichiarare che egli é
135 2837 752 2918 esciamo a comprendere o
1742 2843 2677 2942 migliaia di articoli e di saggi; verso nei gior¬
783 2869 1723 2958 contrario ad un provvedimento che tende
141 2897 716 2976 prendiamo troppo bene.
1746 2890 2670 2989 nali goccia a goccia il sangue del suo intel¬
785 2932 1613 3026 a ristabilire la serietà degli studi.
157 2949 747 3035 provvedimento cosi radi¬
1753 2954 2680 3058 letto, le argute e rapide invenzioni del suo
832 3001 1716 3074 Ma v’é di piu ancora. Poiché, per
145 3012 762 3099 to all' ultim' ora, porta un
1756 3029 2682 3109 spirito, e sulla carta passarono fischiando le
787 3047 1712 3135 quella particolare ipocrisia o improntitu¬
144 3074 758 3137 amento nella vita della no¬
1749 3079 2682 3179 freccie della sua polemica vivida ed ardita,
792 3112 1719 3195 dine politica che consiste nel voler salve
147 3125 764 3205 erto noi non approviamo
1760 3120 2688 3214 e mormorarono le sue ironie d’ intelletto
783 3184 1721 3270 le apparenze almeno a parole, molti sen¬
140 3177 762 3273 cosi repentine, che per un
1761 3188 2686 3281 scettico e culto. Ma tutto cio & sliorito, lon¬
801 3226 1722 3312 tono che non é conveniente confessare
147 3255 757 3336 oppo abitualmente si an¬
1766 3251 2685 3349 tano, obliato, e Carlo Rademacher muore in
793 3290 1725 3386 che si vuole incoraggiare l’ ignoranza;
145 3306 759 3395 una strana precipitazione;
1761 3316 2690 3413 uno stambugio di ospedale stanco e sfatto
794 3348 1732 3438 cosi si é pensato di dichiarare che la
143 3368 769 3452 iamo anche che le proteste
1768 3374 2688 3450 nel corpo e nell’anima, Qualche magro con¬
798 3397 1722 3484 riforma voluta dal Ministro Nasi avreb¬
146 3418 766 3503 parentemente questa scusa,
1767 3424 2698 3513 forto gli dà un suo compagno nel tristo
799 3462 1726 3556 be ferito gravemente le famiglie e i
157 3475 777 3568 invece contro la sostanza
1763 3481 2702 3582 ospizio dei morbie della morte; & questi il
795 3525 1728 3620 professori. Per le famiglie l’argomenta¬
149 3547 453 3628 vvedimento.
1759 3538 2686 3645 comico Floriano Jackwerth, che non abban¬
792 3583 1735 3658 zione é giusta; ed é appunto ferendo
139 3559 777 3684 a davvero a sconvolgere
1770 3610 2690 3692 dona i suoi versi e i suoi lazzi, e che forse
806 3643 1733 3730 gli insani interessi di queste famiglie
141 3667 766 3740 equalche cosa, ma una no¬
1764 3667 2700 3753 attende di mirare in faccia la Morte, per imi¬
800 3698 1730 3783 che gli studi in Italia possono ritornare
149 3723 776 3803 itudine, di non considerare
1772 3720 2696 3815 tarne l’aspetto, come ora rifa i gesti del
812 3756 1742 3860 ad essere una seria preparazione alla
140 3769 784 3859 a come una palestra in cui
1771 3777 2699 3873 medico che lo cura e che lo proclama mo¬
809 3802 1739 3902 vita. Ma per i professori, no. Crediamo
144 3831 769 3920 educhi, il carattere si tem¬
1775 3846 2704 3945 ribondo. Carlo Rademacher, vedendolo, pensa
814 3869 1728 3949 che sia difficile, se non impossibile, tro¬
134 3871 786 3988 si rafforzi, sibbene come
1772 3902 2715 3973 ad altri commedianti meno avversati dalla
816 3936 1743 4005 Fare fra essi uno solo che non lamenti
135 3942 777 4042 ma inevitabile necessita,
1764 3952 2702 4032 Fortuna; ricorda la carriera del suo amico
835 3986 1746 4071 questo odierno andazzo, e che non si
140 4010 771 4100 rsi nella vita un impiego.
1781 4012 2715 4110 d’ infanzia Alessandro Weihgast, lo scrittore
844 4056 1744 4149 enta in grado di giudicare, senza gli
147 4072 780 4150 usto che la societa riconosca
1781 4070 2714 4166 ricco che non si nutri con le briciole del
987 4110 1751 4196 Mier Santre cl esei 11 Valore dei
525 4130 773 4202 —
252 4127 531 4196 B
2883 1240 3097 1324 zü
2932 1303 3012 1384 1500
2680 1358 3324 1457 del Weihgast, il morente Radh
2672 1421 3322 1525 il fiele spargerglisi per tutt
2674 1486 3318 1577 egli vorrà compire, prima
2674 1546 3315 1624 rantolo, la sua vendetta suprer
2684 1608 3309 1684 in faccia al Weihgast tutta
2685 1656 3325 1758 gli aprirà gli occhi, gli riveler
2695 1720 3318 1803 dimento della moglie. II Rad
2686 1780 3319 1862 perció il medico di fargli vede
2682 1837 3320 1911 In un dialogo col comico Jac
2689 1895 3312 1967 nalista pronunzia le terribili
2696 1955 3310 2051 scaglierà in faccia al rivale
2687 2009 3330 2093 sorte; l’ istrionismo del con
2692 2063 3333 2163 questo sfogo come si trattasse
2693 2127 3323 2216 teatro. Arriva il Weihgast cc
2701 2184 3326 2281 costosa pelliccia, elegantissin
2699 2248 3332 2324 meschino nelle ipocrisie chem
2702 2300 3321 2384 generosità grette che professa
2688 2362 3324 2446 in favore dell'amico, II Raden
2696 2423 3324 2501 qualche accento; il comico
2699 2481 3297 2563 l’atteso effetto della scena
2711 2535 3320 2625 scena. Perché ammutoli il
2700 2595 3327 2685 pena uscito il Weihgast, il s#
2708 2654 3327 2739 nizzante ha la sua spiegazion
2695 2710 3320 2795 role di lui. Egli pensa: 4 la
2702 2771 3332 2852 che m' importa della sua fel
2711 2824 3323 2907 sventure? Che cosa ha da ###
2707 2889 3332 2971 con quelli che domani saran
2704 2946 3332 3027 terra? Odi ed amori che rigu
2719 3011 3318 3083 Carlo Rademacher muore e
2723 3057 3295 3142 vicenda drammatica di Ze
2710 3118 3328 3224 uno dei frammenti di Leben
2748 3212 3312 3320 Di solito un riassunto da
2715 3296 3322 3387 concetto d’una favola scend
2724 3356 3320 3439 questo il caso di Le ultime
2723 3415 3322 3503 monche, per la strettoja di#
2726 3479 3330 3561 loro svolgimento e nella pi#
2729 3532 3330 3612 dei caratteri principali; al
2721 3591 3320 3680 Schnitzler il lettore deve ag
2737 3649 3322 3742 chio del suo; ei deve poeta
2725 3714 3316 3802 tro col proprio cervello e
2725 3765 3327 3851 sensibilità. Ció vuol dire se
2724 3828 3333 3911 l’angustia delle cornici va i
2733 3886 3320 3970 gata, perché il soggetto e
2737 3943 3317 4022 contratte e spudorate facce
2732 4003 3324 4092 stituiscono l'azione, inducon
2739 4060 3335 4151 prolungare la vita del dram
3158 4122 3305 4175 W
