3436 4256
889 165 1017 215 Abonn
883 200 1033 253 Abonne
878 315 1039 369 Inhalt:
876 354 1017 411 blät
872 392 1014 451 wodur
878 438 1018 488 Leben
866 476 1022 527 theilun
1223 127 2316 236 Senennnenerstfnene erete Sereonrtete. eie ae ebere e Aien
1044 177 2204 256 digen Stunden", fern der Heimat, in Berlin, zur ersten Auf¬
1032 207 2194 290 führung bringen. Hier ist er kein Fremder. „Freiwild“, „Liebelei“
1038 254 2315 360 und der „Grüne Katadu“ wurden bereits im Deutschen Theater,g die
1036 300 2312 398 aufgeführt, und an dem Erfolge, den sein jüngster Cyklus vorigengen¬
1036 332 2299 436 Samstag an dieser Stätte errang, kann man mit Befriedigung ung")
1037 369 2308 477 ermessen, dass er auch hier dem Verständnis begegnet, das er#liche
1035 408 2305 514 verdient. Die Berliner sind im allgemeinen mit Beifallsbezei=, Mit¬
1029 455 2189 525 gungen recht sparsam. Applaus bei offener Scene, ein Hervor¬
1026 491 2202 565 rufen einzelner Schauspieler tennt man hier nicht. Der Vorhang
1022 517 2199 610 senkt sich und damit Schlufs. Nur bei Premièren quittiert Antor
1021 570 2185 656 oder Regisseur im kleinen Ausschnitt des Zwischenvorhanges den
1023 604 2184 693 Beifall des Publicums Schnitzler aber wurde nicht nur bei der
1026 642 2182 723 Premiere mehr als zehnmal, sondern auch am nächsten Abend
1011 689 2179 770 nicht weniger als siebenmal hervorgerufen. Der Erfolg war wohl¬
1018 729 2180 796 verdient. Die vier Einacter sind aus einer eigenthümlichen Stim
1011 778 2188 852 mung heraus entstanden. Die Inspiration des Künstlers durch
1018 798 2189 886 den Tod, den leiblichen oder feelischen Tod des ihm Liebsten,
1012 840 2174 929 das Wiedererwachen künstlerischen Schaffens aus Seelenerschütte¬
1013 886 2186 975 rungen, die andere Menschen niederwerfen würden, der Sieg der
1002 919 2181 1009 Kunst über das Leben, das ist's, was Schnitzler uns zeigen wollte.
1008 959 2162 1046 Er hat es an sich selbst erlebt. Seine Brant war plötzlich gestor¬
998 1003 2167 1084 ben und er konnte weiter leben und weiter — schaffen. Diese
997 1042 2174 1119 anscheinende Gefühllosigkeit, diese Brutalität des Künstlers der
997 1084 2180 1165 Materie gegenüber hat er zu rechtfertigen uniernommen: so wur¬
1000 1115 2170 1203 den die „Lebendigen Stunden". Das dem Cyklus den Namen
1005 1161 2174 1245 gebende Schauspiel ist gleichsam als Prolog gedacht. Die Mutter
1004 1198 2172 1276 eines Künstlers ist alt und krank. Langsam, aber unrettbar
1000 1233 2177 1324 siecht sie dahin, eine Lebendig=Todte, fühlt sie, dass ihr Zustand
998 1282 2177 1366 die Schaffenskraft des Sohnes unterbindet. Um ihn zu befreien,
993 1324 2180 1404 gibt sie sich den Tod. Der einzige, der darum weiß, ein alter
1000 1359 2171 1417 Freund der alten Frau, verräth das Geheimnis dem Sohne, und
1001 1395 2170 1475 wirst ihm vor, er sei mit seiner Schreiberei der Mörder seiner
1001 1430 2173 1521 Mutier. Da bäumt sich der Künstler in dem jungen Menschen
992 1477 2184 1564 auf, von neuer Gestaltungskraft durchdrungen, eilt er weg; denn
991 1510 2178 1597 nicht das sind die lebendigen Stunden, die mit dem Tod## des
992 1549 2179 1624 letzten, der sich ihrer erinnert, ins Grab sinken: im Kunstwerke
980 1592 2166 1665 will er ihnen die Ewigkeit erringen. Das zweite Stück führt uns
982 1632 2176 1717 in eine Bildergallerie. Hier hat die Frau eines Dichters ein
985 1669 2166 1738 Rendezvous mit einem jungen Manne. Ihr Gatte, den sie liebt,
980 1707 2164 1784 hatte gestern einen großen Bühnenerfolg, indem er in seinem.
985 1738 2161 1841 Stücke die intimsten Beziehungen zwischen ihm und seiner Frau
983 1788 2157 1858 der Oeffentlichteit preisgab. Diese Handiungsweise hält ihr der
978 1829 2157 1910 junge Mann vor und bestürmt sie, sich von dem Menschen, dem¬
976 1867 2144 1948 sie nur Modell ist, abzuwenden und die Seine zu werden. Sie
973 1913 2143 1997 antwortet, es habe wohl einen Augenblick gegeben, da sie seine
977 1942 2140 2014 Geliebte hätte werden können, geliebt jedoch habe sie ihn nie,
970 1979 2151 2065 sie gehöre ihrem Manne. Da treten sie vor das Bild der „Frau
968 2030 2143 2114 mit dem Dolche". Es hat eine auffallende Aehnlichkeit mit der
962 2062 2134 2147 jungen Frau, sie erkennt sich in ihm wieder. Und plötzlich kommen
972 2106 2136 2186 ihr all die alten Florentiner ringsum an den Wänden so seltsam
957 2155 2149 2236 bekannt vor. Verfinsierung. Wir sehen hinter einem Schleier das
960 2185 2144 2272 Atelier eines italienischen Malers, des Quinquecento. Paola, socne
965 2222 2141 2313 Frau, hat ihn die letzte Nacht seiner Abwesenheit mit einem
962 2260 2141 2328 seiner Schüler betrogen. Nicht aus Liebe: aus reiner Lust 'und
960 2306 2127 2369 Sinnlichkeit. Als er zurückkehrt, gesteht sie ihm ihre Schuld ir
968 2341 2129 2423 Gegenwart Linardos. Der Meister verschmäht es, an seinen
955 2388 2126 2468 Schüler Rache zu nehmen, er weist ihm die Thüre. Der aber hafs
953 2425 2107 2503 Remigio und will jetzt auf den Markt hinaus, des Meister
947 2471 2114 2544 Schande aller Welt verkünden. Da reißt ihm Paola den Dolc
946 2507 2123 2587 aus dem Gürtel und ersticht den Buhlen einer Nacht. Den Mam
950 2543 2116 2625 aber begeistert ihre heroische Stellung, er greift zu Pinsel un
950 2576 2115 2658 Palette und malt die „Frau mit dem Dolche“. Neuerliche Ver
941 2621 2106 2705 finsterung. Die beiden in der Gallerie stehen noch immer vo
938 2647 2124 2745 dem Bilde. Leonhard beschwört Pauline, heute abends zu ihn
936 2704 2110 2772 zu kommen. Sie reißt sich los: „Adien — ich komme.“. Mit diesen
931 2737 2106 2822 beiden Stücken hat Schnitzler eigentlich schon alles gesagt. Für
927 2775 2114 2860 ihn waren sie Befreiung. Er ist ruhig geworden und denkt wieden
929 2812 2103 2896 an den Tod, den Tod als Erlöser, als erhaben über all die
922 2864 2098 2938 kleinen Nichtigkeiten, die wir pathetisch Schicksal nennen. In der
925 2901 2095 2981 „Letzten Masken“ lässt ein sterbender Journalist seinen Freund
933 2925 2101 3010 den berühmten Dichter Weihgast (Bassermann in der Maske
929 2974 2102 3064 Sudermanns), den er vor allen hafst, zu sich ins Spital rufen.
919 3012 2109 3101 um vor dem Tode noch einmal mit ihm abzurechnen, um ihm
921 3047 2111 3139 zu sagen, dass er der Geliebte seiner Frau sei. Angewidert von¬
918 3097 2105 3179 der leeren Zeitungsgröße des Gefeiert#n, verzichtet er aber auf
916 3128 2098 3219 die Rache: „Was haben wir mit den Leuten zu schaffen, die
913 3168 2115 3247 morgen noch leben!" und stirbt. — Bis hieher mag Schnitzlen
932 3241 2123 3284 unter dem ###wältigenden Eindrucke jenes traurigen Ereignisses
928 3291 2120 3337 gestanden haben. Jetzt tritt die nothwendige Reaction ein. Dis
925 3316 2116 3379 launige Muse seines „Anatol“ erwacht in #in von neuem, und
934 3369 2123 3414 in einem vierten Acte, dem Lustsviele „Literatur“ behandelt es
938 3401 2107 3453 das Thema der „Levendigen Stunden“ von der heiteren Seite,
943 3441 2108 3498 indem er zwei lustige Bohémiens, nach Charakteristik und Maske
943 3476 2113 3536 Marie Madelaine und Otto Erich Hartleben, in drolligen Con¬
943 3520 2115 3575 fliet mit den fendalen Ansichten eines Sport=Aristokraten bringt.
948 3562 2099 3614 Die Stücke waren mit ersten Kräften besetzt und wurden durch¬
933 3597 2112 3657 wegs glänzend gespielt, wenn auch die österreichische Mundart
928 3635 2120 3676 den norddeutschen Künstlern mitunter erhebliche Schwierigkeiten
931 3675 2110 3733 verursachte. Bassermann, Reinhardt, Rittner, Fischer und Hof¬
938 3709 2109 3772 meister, sowie Irene Triesch boten herrliche Leistungen. Das
932 3751 2103 3799 titerarisch wertvollste Stück des Abends war zweifellos die „Fra#
941 3794 2102 3840 mit dem Dolche“, den größten Erfolg aber hatte der bei allem
937 3834 2110 3885 Witz und aller Komik ziemlich seichte Schwank „Literatur“. Die
937 3873 2100 3917 ganze Schönheit und ergreifende Tragit der „Lebendigen Stun¬
933 3917 2101 3962 den“ kann nur ein chaffender Künstler erfassen, dem die Vor¬
925 3951 2108 4030 gänge auf der Bühne Ereignis und Erlebnis sind. Und nutert
942 3989 1855 4044 Publicum sind halt so wenig Künstler ......
1481 4029 1684 4081 .Jänner.
1019 4034 1431 4086 Charlottenburg
1426 4052 2081 4135 Bruno v. Herber=Rohgw.
