3392 4224
1366 128 1450 178 imer
1023 125 1172 195 telle, di
388 123 938 193 Gesprächen findet mun ein
378 178 1562 234 beweise des bekannten Goethe'schen „Egoismus“ heran¬
380 231 1578 285 gezogen wird. Die Nachricht vom plötzlichen Tode des
366 276 1557 336 geliebten Sohnes in Itatien ist eben nach Weimar ge¬
369 324 1547 380 langt. Eckermann, von dem Schrecken noch ganz der
1570 354 1761 417 inclusive
371 361 1569 448 wirrt, wagt es kaum, an diesem Tage zu Goethe zu gehen,
1576 396 1736 445 Porto.
1560 431 1758 486 Zahlbar
377 430 1575 510 aber er findet den Meister wie immer; im Lehnstuhl,
1561 473 1792 538 im Voraus.
373 504 1570 551 neue Revnen durchblätternd, mit dichterischen Plänen be¬
379 530 1800 605 schäftigt. „So lange wir leben, wollen wir nicht rasten“ e ist das
380 583 1810 654 dieses, das Goethe'sche Wesen ausdrückende Wort gibt zu= cht es den
1574 624 1677 674 ern.
371 640 1591 698 gleich die immer giltige Formel des Künstler=Menschen,
374 690 1574 742 zumal des apollinischen Künstlers, dem jedes Erlebnis,
1579 689 1810 754 altend die
1585 743 1810 796 Korgen¬
375 741 1571 801 auch der Tod, sogleich zur gestaltenden Betrachtung wird.
1578 772 1804 836 Zeitung")
380 797 1578 849 Der Drang zum Leben, der sich beim Künstler an jedem
1588 822 1820 873 aschaftliche
374 836 1815 897 neuen Werke immer wieder leidenschaftlich entfacht, so daß Diese Mit¬
378 886 1587 952 er immerwährender Jugend teilhaftig wird, wie die Frau,
373 929 1584 994 sobald sie sich von neuer Empfindung beglückt fühlt: dieser
374 986 1581 1035 Trieb zur unerschöpflichen Lebensbejahung scheint den
377 1030 1589 1089 jungen Dichter in dem Dramolet, das dem Schnitzler'schen
381 1088 1586 1130 Cyklus den Namen gibt, zu erfüllen. Man denkt an ge¬
380 1131 1587 1196 wisse Briefe des jugendlichen Kleist, in denen sonst ver¬
391 1179 1592 1236 schwiegenste Dinge laut werden. „... Mein Werk, ich
374 1228 1468 1295 hüt' es heimlich wie ein Kind beim Schein der Lampe:
381 1271 1586 1351 „Ich will sterben, wenn mir dies gelungen ist: ein Ge¬
378 1314 1596 1397 dicht und eine große Tat . . .“. So furchtbar wirkt
379 1369 1584 1432 dieser Trieb in Jedem fort, der einmal davon besessen
2241 1388 2700 1479 Telephon 12801.
377 1423 1602 1497 wurde! Stärker noch als jene beiden elementaren Lei¬
371 1477 1602 1520 denschaften, Hunger und Liebe, treibt die Kraft, zu ge¬
1861 1481 3090 1569 Alex. Weigl’s Unternehmen für Zeitungs-Ausschnitte
377 1520 1591 1576 stalten! Es gibt für die lebendigsten, die Künstler=Meu¬“
1711 1527 1946 1637 NeIO
2684 1545 3018 1651 Dee Ausschnitt
376 1567 1594 1629 schen, nur ein Glück: ihr Werk zu beenden, nur ein
1947 1570 2725 1696 93 „OBSERVE.
2755 1631 2801 1678 900
373 1617 1586 1678 Qual: daran behindert zu sein. Bis zum Tode und
2870 1603 3128 1705 Nr. 29
369 1658 1587 1734 darüber hinaus wächst diese Sehnsucht. Wer die einzige
1742 1680 3195 1768 I. österr. behördl. conc. Bureau für Zeitungsberichte u. Personalnachrichten
369 1703 1602 1787 Bedingung seines Daseins, die Lebendigkeit der geheimnis¬
2025 1752 2934 1821 Wien, I., Concondiaplatz 4.
369 1765 1588 1838 vollen „Dämonen“ seiner inneren Welt gehemmt fühlt,
1757 1801 3196 1880 Vertretungen in Berlin, Budapest, Chicago, Genf, London, Newyork, Paris, Rom,
374 1820 1578 1878 wird jedes Opfer der Liebe, das diese Kräfte, diese allein,
2114 1859 2822 1924 Stockholm, Kristiania, St. Petersburg.
372 1871 1585 1934 erwecken will, bis zur Grausamkeit als selbstverständlich
373 1914 1595 1966 empfangen („Lebendige Stunden“). Jedes persönliche Ge¬
372 1959 1588 2014 fühl wird in dem von einer künstlerischen Sorge Be¬
1759 1982 2274 2062 Ausschnitt aus:
370 2013 1574 2069 wegten nur ein Motiv („Die Frau mit dem Dolche").
2452 1962 3202 2119 Sonn- u Montags-Conrien, Eian
372 2065 1590 2103 Selbst im Tode regt sich die Sorge um das durch die
376 2104 1583 2168 Widrigkeit der äußeren Existenz nicht vollendete Werk („Die
1757 2108 2337 2238 vom: 1700)
366 2153 1588 2231 letzten Masken“). Bis zur Karikatur vermag sich dieser
372 2200 1581 2256 ursprünglich reinste Wille in der trüben Atmosphäre un¬
368 2253 1579 2317 serer literarischen Wirklichkeit zu verzerren („Literatur").
374 2310 1592 2350 Das also scheint mir beiläufig das Gemeinsame dieser
374 2355 1591 2422 kleinen Dichtungen: sie wollen die fast grauenhafte Ge¬
371 2402 1580 2462 walt des Kunstinstinkts, des mächtigsten Impulses an vier
371 2449 1589 2523 Exempeln zeigen. Daneben soll deutlich werden, daß der
1922 2397 2804 2517 Kunst und Literatur.
369 2498 1589 2571 „Taten=Mensch“, als Widerspiel des Künstlers, diesen nie
2133 2517 2597 2585 Deutsches Volkstheater.
370 2550 1579 2628 verstehen wird, daß er ihm selbstsüchtig oder lächerlich
1841 2553 2973 2621 „Lebendige Stunden“ von Arthur Schnitzler. Von
362 2609 1586 2668 erscheinen muß (so empfindet der Hofrat in den „Leben¬
1761 2604 2986 2673 Spreeathen kamen die letzten dichterischen Sprößlinge Schnitzlers
1754 2656 2987 2693 auf den Weghuberpark. Herr Direktor Weisse sah ein, daß dem
371 2647 1583 2710 digen Stunden“ den Poeten, der Liebhaber der „Frau
1764 2692 2984 2748 größten Wiener Dramatiker unter selbstverständlichem Vortritte der
369 2698 1582 2747 mit dem Dolche“ den Ehegatten, der Baron seine Ver¬
1768 2735 2982 2779 Herren Engel, Horst und Hirschfeld ein lauschiges Plätzchen im Re¬
368 2746 1586 2806 lobte aus der „Literatur"). „Es führt keine Brücke vom
1765 2774 2976 2832 pertoire gebühre. Die Darstellung bewies aber, wie gleichgiltig ihr
364 2801 1585 2846 Leben zur Kunst, von der Kunst zum Leben zurück“. Wer
1766 2817 2978 2865 literarisch wertvolle Stücke geworden sind. Nur die Herren
367 2853 1581 2900 hat nun recht: der sein Leben oder sein Gedicht zu einer
1759 2863 2987 2919 Geisendörfer und Martinelli verstanden es, den Stim¬
1764 2904 2990 2956 mungsgehalt des aus unsäglich feinem Gewebe hergestellten ersten
365 2899 1581 2953 lebendigen Stunde formt? Unser Dichter ist zu klug und
1765 2949 2995 3001 Stückes beinahe zu erschöpfen. Die interessante These des zweiten,
372 2948 1588 3004 zu weltverstehend, um Partei zu ergreifen. Beide haben
2972 2949 3170 3029 inclusive
1767 2984 2977 3032 daß wir Menschen von selbst zitiertem Geisterspuk unseren Willen
371 2994 1591 3055 recht, weil sie nach ihrer Natur nicht anders handeln
2974 3008 3131 3060 Porto.
1761 3019 3144 3081 derart unterjochen lassen, daß wir unser Leben nach dem Schecksal Zahlbar
367 3041 1585 3107 können, wie Tasso und Antonio recht haben... Man
1761 3064 2973 3114 der zu Histrionen gewordenen Vorbilder formen und uns nur als
2973 3084 3185 3156 im Voraus.
367 3092 1578 3147 hört im Publikum nicht auf, nach dem Zusammenhange
1761 3098 2967 3152 irdische Gefäße verschollener Psychen betrachten, konnten die Schau¬
1762 3143 3192 3201 spieler absolut nicht verdeutlichen. In der Journalistentragödiete ist das
366 3140 1584 3195 der vier Stücke, der sich doch so einfach darstellt, zu
1773 3187 3194 3236 „Die letzten Masken“ boten nur die Herren Brandt undieht es den
372 3196 1590 3250 spintisieren, man fragt noch immer, warum sie gerade
1766 3218 3064 3274 Wierth gute Chargen. Den Hauptrollen blieben Herr Weisselern.
364 3240 1582 3310 „Lebendige Stunden“ benannt wurden. Nun, sie hätten
1765 3272 2987 3327 und Herr Kramer alles schuldig! Hingegen wurde die geist¬
371 3292 1584 3343 vielleicht auch anders heißen können. Man lasse dem
1766 3307 3185 3351 sprühende, durchaus wienerische Satire „Literatur“ auf geistiges altend die
365 3338 1579 3390 Dichter diese Willkür, auch ein dramatisches Werk wie
1772 3345 3178 3407 Dandytum und deren Table d'hote=Philosophie von Frl. Sand=Korgen¬
1774 3390 3169 3461 rock, sowie den Herren Kutschera und Kramer brillant ge= Zeitung")
375 3384 1589 3432 einen Novelleneyklus nach der ersten Gabe gemeinsam zu
1776 3426 2572 3488 spielt. Schnitzler wurde oft hervorgerufen.
2957 3434 3190 3492 schaftliche
365 3430 1581 3490 betiteln; man sei dankbar und freue sich lieber der Schön¬
1752 3449 3178 3530 Lesen des in- und Auslandes in drastischer Kürze geboten wird. Diese Mit¬
365 3479 1589 3542 heit, der vollendeten Anmut, die einem hier dargeboten
372 3534 1579 3579 wird. Ernst und Tiefe des Sinnierens, Schärfe der Be¬
376 3588 1594 3656 obachtung, Fabulierfreudigkeit, heiterste Laune wechseln mit
2084 3605 2853 3660 Prospecte gratis und fnanco.
373 3640 1590 3699 einander ab, hören nicht auf, sich zu durchdringen. Ein
375 3689 1593 3742 Geschmeide mit vielen kunstvoll geschnittenen Steinen und
367 3736 1590 3788 schimmernden Facetten, das ist Arthur Schnitzler's Kunst.
367 3777 1588 3843 Die Darstellung durch das „Deutsche Volkstheater“ erschien
375 3829 1589 3892 sehr sorgfältig durchgearbeitet: Die Herren Weiße,
377 3884 1584 3945 Martinelli, Greisendörfer, Kutschera, Kra¬
368 3947 1587 3995 mer und Brandt und Fräulein Sandrock wurden mit
374 3980 1593 4026 ihrer sonst in den Dienst gröberer Aufgaben gestellten Kunst
368 4019 1568 4104 den zarten Werken durchaus gerecht. Paul Wertheimer. S
