3484 4320
1208 245 1324 299 InC
1297 228 1921 334 Zyklus
268 230 1250 339 16.1. Lebendige
996 1334 2091 1423 sache sein, erst solle die mittelasiatische (früher trans¬
998 1417 2080 1474 kaspische) Bahn mit der neuen Taschkent=Linie in un¬
1000 1466 2090 1520 mittelbarster Verbindung stehen und dann nach Her¬
310 1395 556 1558 Za—
998 1517 2089 1576 stellung der gleichfalls von russischer Seite in Persien zu
999 1559 2082 1622 bauenden Strecke Dschulka=Tabris=Teheran=Mesched¬
1004 1658 2101 1714 auch Berlin den Ehrgeiz gehabt, es zu einer Litteratur
132 1669 895 1753 e Schnitzlers „Tebendige
1014 1712 2084 1766 von eigenem Gepräge zu bringen. In jenen Tagen,
244 1741 579 1815 Stunden“
1006 1751 2088 1806 als Fontane heranreifte, Glaßbrenner witzelte und
1004 1811 2093 1864 Kalisch Possen schmiedete. Aber das damalige Klein¬
146 1805 864 1871 fführung im Deutschen Theater.
1017 1847 2103 1909 Berlin ist mit der heutigen Weltstadt geistig nur durch
379 1857 471 1904 Von
1011 1905 2093 1962 einen schmalen Steg verknüpft. Die da heute für
242 1888 602 1971 Heinrich Hart.
1003 1946 2103 2008 Berliner Brettl und Ueberbrettl dichten, sind fast
140 1961 968 2025 in Genuß für wahrhaft ed! Frauen sein,
1016 1991 2103 2067 sämtlich eingewandert, ihr Herz ist noch nicht berlinisch,
153 2014 970 2083 Schnitzler leibhaftig vor sich zu sehen.
1000 2049 2092 2112 es gehört noch der Kindheitsheimat an, und so schaffen
153 2058 972 2124 endlich einmal ein Dichter, der wie ein
1003 2097 2095 2157 sie ostpreußisch, schlesisch, westfälisch, mecklenburgisch, nur
139 2116 969 2166 haut. Wie ihn das Mädchenherz erträumt,
1000 2150 2092 2198 nicht berlinisch. Berlin ist von gestern, Wien hat alte
154 2157 984 2214 Gesellschaftssaison bittere Enttäuschungen
1009 2206 2110 2255 Kultur. Und mit ihr seine eigene Kunst, seine eigene
141 2213 978 2268 dichter, zart, weich und mild vom Scheitel bis
1008 2253 2107 2320 Dichtung, seinen eigenen Stil. Eine Kette gemein¬
139 2266 979 2318 ld das dunkle Haar, mild die ideale Weihe¬
1014 2287 2107 2356 schaftlicher Eigentümlichkeiten zieht sich von Denis
146 2305 981 2373 ch weich über die milde Stirn legt, mild
1010 2349 2104 2403 und Blumauer bis zu Grillparzer, von Grillparzer
158 2355 975 2414 Blick des Auges, mild der Mund und
1005 2397 2101 2450 bis zu Hofmannsthal und Schnitzler. Vor allem ist
137 2410 971 2465 nn. Und mit dieser Leiblichkeit stei die
1010 2447 2107 2501 da die Lust an feiner Sinnlichkeit, an weichen zer¬
161 2449 982 2514 steht das Wollen, Können und Schaffen
1022 2485 2108 2543 fließenden Formen, ein Zug ins Weibliche, Schwelgende,
174 2499 975 2562 in liebevollem Einklang. Wienerisch
1024 2534 2112 2590 Träumerische, leichtes Blut und zart Generv, viel
127 2558 987 2612 hienerisch mild in jedem Zuge. Eine echte
1022 2580 2105 2640 Rezeptivität und wenig Aktivität. Das Gemütliche
136 2599 986 2663 Frage, aber so eng in ihren Grenzen, so
1012 2621 2106 2693 tritt stärker hervor als das Geistige, das Intime, Feine,
138 2647 985 2730 ng, so arm an Blut und Mark, und
1021 2676 2112 2735 Stille mehr als das Heroische und Große, das Treib¬
211 2699 978 2756 t Theaterei und Litteratei überfüllt.
1014 2725 2106 2796 hausartige mehr als das Wildgewachsene. Und wenn
234 2745 986 2801 Das ist die Lösung dieser Kunst.
1018 2793 2114 2840 in den niederen Gründen der Litteratur sich leicht etwas
160 2788 987 2850 ist vor dem Spiegel geschrieben. Wie
1012 2830 2115 2890 Trottelhaftes einmischt, so in den höheren oft ein ge¬
188 2855 988 2901 Hofrats Fanny wirken? Was werden
1028 2884 2114 2933 wisser Snobismus, eine müde Blasiertheit, die mit ihrer
187 2895 981 2945 im Kaffeehaus dazu sagen? So sinnend
1022 2921 2108 2985 kränklichen Weise selbstgefällig kokettiert. Arthur
136 2937 983 3005 lichter sein finis unters Werk. Und die
1026 2980 2118 3031 Schnitzler ist unter all den weiblich Zarten keineswegs
137 2971 988 3054 kratur ist um ein neues typisches Erzeugnis
1020 3028 2103 3073 der Zarteste. Er hat hier und da Anwandlungen von
1030 3078 2105 3134 Frische und Saftigkeit. Aber auch er würde zum
1029 3113 2020 3192 Wappentier doch am besten die Molluske wählen.
146 3104 985 3187 eine Wiener Litteratur. Ebenso sicher, wie
147 3172 994 3259 liner nicht giebt. Vor Zeiten hat freilich
2085 221 2518 308 box 21/2
2126 1341 3216 1401 Orenburg=Taschkent für die russisch=asiatische Politik be¬
2124 1392 3211 1451 deutet. Im Verein mit der obengenannten persischen
2128 1445 3218 1498 Bahn wird der erwähnte Schienenweg nach Taschkent,
2123 1498 3219 1563 von Tiflis und von der Wolga her in kürzester Frist
2134 1550 3224 1603 noch 54 Bataillone, 84 Schwadronen und 23 Feld¬
2176 1646 3223 1700 Schnitzler hat zwei Domänen, die er am eifrigsten
2120 1698 3228 1752 kultiviert. Liebelei und Sterbelei. Seine Personen
2130 1736 3227 1796 spielen mit der Liebe oder mit dem Tode, dann und
2123 1799 3228 1850 wann auch mit beiden zugleich. Sie sterbeln, wenn
2131 1836 3215 1902 sie liebeln. Stets aber spielen sie mit den Dingen.
2127 1899 3227 1941 Sie kokettieren mit der Liebe, und wenn sie vom Tode
2127 1923 3235 2011 philosophieren, kokettieren sie ebenso. Keine Ahnung
2128 1980 3225 2044 von dem, was Angelus Silesius in die Worte faßt:
2126 2041 3223 2085 Mensch werde wesentlich ... lebt in ihrer und in ihres
2128 2077 3233 2140 Dichters Brust. Statt Wesenhaftigkeit Rederei, statt
2139 2132 2500 2195 Leben Litteratur.
2182 2175 3235 2233 Liebelei spielt in dem Einakter=Quartett, das Schnitzler
2209 2241 3232 2284 ich weiß nicht, ob aus Selbstironie oder aus Selbst¬
2131 2271 3235 2335 verblendung — mit dem Gesamttitel „Lebendige
2145 2327 3238 2384 Stunden“ begnadet hat, keine sonderliche Rolle. Wohl
2132 2363 3238 2433 aber Sterbelei. Und natürlich — das „toteste“ von
2144 2428 3233 2483 den vier Drämchen führt speziell den Titel „Lebendige
2144 2468 3184 2532 Stunden“; spottet seiner selbst und weiß nicht wie.
2192 2519 3228 2575 Charlotte Stieglitz hat sich dereinst den Dolch ins
2128 2562 3230 2625 Herz gestoßen, um ihren Mann aus seiner Lethargie
2146 2613 3237 2690 zum Schaffen aufzurütteln. Schnitzler berichtet von
2142 2664 3230 2717 einer Wiener Hofrätin, die in ähnlicher Weise ihren
2151 2727 3234 2778 Sohn Heinrich zu einem Goethe aufzupuffen, die
2144 2757 3232 2830 Flamme des Genius in ihm anzufachen sucht. Sie
2138 2811 3234 2872 nimmt eine überreichliche Portion Morphium und
2140 2857 3239 2922 stirbt in der seligen Gewißheit, der Tod der Mutter
2144 2905 3238 2970 werde den Sohn zu einem Faust oder Hamlet
2139 2957 3238 3026 inspirieren. Und in der That, der edle Heinrich ver¬
2150 3010 3239 3077 spricht, das mütterliche Opfer „voll und ganz“ zu
2146 3063 3237 3118 rechtfertigen. Ob das liebe Kind die Verheißung
2134 3107 3242 3163 halten wird, wer weiß es. Wir erfahren weder von
2132 3174 3242 3219 ihm noch von der Mutter irgend etwas, was uns die
