3392 4256
1135 393 2143 474 in den vier unter dem zusaumenfassenden Titel „Leben¬
1150 455 2146 520 dige Stunden“ aufgesührten Einaktern Arthur
1148 486 2161 561 Schnitzler's um allerlei vom Leben und Sterben. Er
1148 539 2156 605 nimmt beide vom zusammenfassenden Standpunkte auf
1153 601 2151 655 und will die Begriffe miteinander vermitteln, ineinander
1154 636 2155 709 überleiten, gleichsam im Leben das Sterben, im Sterben
1162 681 2149 745 das Leben aufweisen. Wie die vier Teile eine Symphonie,
1160 733 2166 803 schließen sich die vier Einakter zusammen, nur daß das
1165 779 2156 849 Scherzo hinter das Finale gerückt ist, die lustige Umkeh¬
1157 825 2158 898 rung des Themas hinter den bitteren Schluß, wo im
1160 874 2163 938 Sterben die letzten Masken abfallen. Es ist ein Anschwellen
1160 928 2154 986 und Verklingen immer derselben Tonfolge in allen vier
1173 963 2162 1033 Stücken. Hier ist das Leben bunt, reich, verworren, bitter
1164 1011 2157 1087 und dort ist der Künstler, an den dies Leben heran¬
1154 1054 2162 1117 brandet, feindlich oder auch schmeichelnd, immer aber so,
1171 1113 2173 1177 daß es ihn unterkriegen würde, wenn er sich nicht zu
1176 1172 1440 1230 wehren wüßte.
1240 1198 2169 1269 Wie steht der Künstler zum Leben? Dies ist das von
1159 1254 2166 1315 einer reichlich abstrakten und akademischen Idee getragene
1167 1302 2167 1368 literarisch=künstlerische Problem, das die vier Teile dieses
1174 1342 2161 1412 Cyclus um und um wenden und in verschiedener Be¬
1171 1390 2167 1456 leuchtung behandeln. Was gilt der Tod des Individuums?
1172 1444 2169 1501 scheint der erste Einakter „Lebendige Stunden“ zu fragen:
1169 1484 2178 1553 Baut sich nicht über dem ärmlichen Einzelschicksal das
1178 1546 1689 1607 Leben der Gesamtheit auf?
1254 1594 2175 1649 Hier trauert ein Sohn, ein Dichter, mit dem Herzens¬
1177 1628 2178 1690 freunde seiner Mutter um deren Tod. Aus dem Munde
1177 1678 2178 1740 des Freundes erfährt jener in der Form des Vorwurfs,
1179 1723 2176 1796 daß sich die Mutter um des Sohnes willen mit Mor¬
1178 1775 2176 1839 phiumpulvern den Tod gegeben, da sie es nicht mit
1192 1819 2188 1895 ansehen konnte, daß er im steten Anblick ihres lang¬
1184 1867 2180 1946 wierigen Leidens sich vor Leid verzehrte, daß er aus der
1185 1918 2183 1985 Stimmung des Schmerzes heraus nicht mehr zu arbeiten,
1183 1967 2179 2031 nicht mehr zu schaffen vermochte. Der väterliche Freund
1190 2012 2186 2071 vergeht in Klagen um das vorzeitige Ende der Verbli¬
1191 2058 2183 2127 chenen, sie hätte ja noch zwei bis drei Jahre ihm Freundin
1189 2107 2197 2174 sein können. Er wünscht in Trauer auszuruhen, er sieht
1190 2168 2189 2220 in allem, was den Sohn noch über sein Weh hinaus
1195 2205 2205 2271 beschäftigt, Gemütsroheit, Mangel an Pietät, Herzlosigkeit.
1192 2255 2188 2323 Der Sohn vertritt dem gegenüber den Standpunkt des
1194 2299 2197 2373 wirkenden, Werte schaffenden Daseins. Er sieht in dem
1200 2347 2194 2418 gänzlichen Sichverlieren im Scheidungsweh ein billiges
1201 2408 2208 2478 Zurückweichen vor den Wirklichkeiten des Lebens, ein
1193 2443 2194 2504 fast kokettes Sichselbstgenießen des Schmerzes, der sich
1194 2491 2209 2549 immer aufs neue im Spiegel zu besehen wünscht, um sich
1202 2542 2208 2617 desto bedauernswerter vorzukommen. Er leidet um die
1208 2592 2204 2664 Hingegangene so gut wie einer; aber er glaubt in ihrem
1211 2640 2205 2714 Sinne zu handeln, er glaubt ihr Opfer erst ganz zu
1208 2698 2207 2748 ehren, wenn er es nicht umsonst geschehen sein läßt, wenn
1201 2731 2210 2810 Nr gerade aus seinem völligen Verständnis heraus danach
1201 2780 2208 2864 strebt, wieder ein schaffender, ein tätiger Mensch zu sein.
1279 2830 2203 2894 Das ganze gibt sich als hübsches, sinnvolles Apereu,
1203 2870 2209 2947 als eine dramatisch anspruchslose Plauderei, enttäuscht
1206 2926 2207 2990 aber doch, da die Tat der kranken Dichtermutter zumal
1202 2976 2203 3032 unter den vom Dichter erzählten Beglektumständen ge¬
1216 3016 2208 3084 radezu abstrus und psychologisch ungeheuerlich erscheint.
1293 3074 2211 3130 Gespielt wurde dieser erste Einakter von den Herren
1216 3113 2208 3190 Freytag und Fleischer, die die richtige Stimmung
1210 3183 2157 3232 von Beginn bis Schluß einhielten, sehr, sehr brav.
1289 3208 2219 3278 Die Geschichte der „Frau mit dem Dolche“,
1209 3269 2215 3332 die in den knappen Rahmen eines Einakters eine Traum¬
1226 3313 2220 3381 handlung und zwei reale Szenen fassen will, ist eine zu
1224 3367 2221 3436 breit geratene und gesucht pointierte Spielerei. Die Frau
1217 3409 2222 3478 eines Dichters gibt dem stürmischen Werben eines jungen
1221 3461 2223 3517 Menschen nach, den sie nicht liebt, dem aber ihre Sinne
1215 3516 2229 3562 sich zuneigen. Sie weiß, ihr Mann wird daraus ein
1231 3558 2223 3618 neues Drama machen und vielleicht sie töten, aber trotzdem
1229 3600 2234 3664 oder deshalb tut sie es aus Trotz und Wildheit der
1225 3650 2224 3717 Triebe, die sich dagegen aufbäumen, sich immer nur einer
1223 3694 2227 3759 Psyche unterordnen zu sollen, die von der Kunst bis in
1233 3745 2225 3807 alle Fasern so gesättigt ist, daß sie alles Erleben zur
1225 3807 2224 3871 Steigerung dieses Inhalts verwertet. Sie tut es, wie
1226 3854 2233 3906 Paola, die Frau mit dem Dolche in der Gemäldegalerie,
1231 3885 2228 3946 vor dreieinhalb Jahrhunderten es getan mit dem jungen
1236 3935 2223 4003 Maler Lionardi, den sie dann in Gegenwart ihres zurück¬
1238 3995 2225 4056 gekehrten Mannes, des Meisters Romigio, erstach. Und
1235 4022 2232 4088 aus der schönen Geste machte Romigio in derselben
1237 4073 2234 4149 Stunde ein Bildchen, in welchem er die Treulose richtet.
1240 4126 2238 4189 Als aber die Szene sich wieder in den Saal der Gemälde¬
1230 4173 2209 4241 galerie verwandelt hat, sagt die junge Frau, die si
2166 378 3192 453 ganz anderes hinaus. Jemanden, der in seinem ganzen
2166 432 3179 502 Leben ein ehrlicher, mit leidenschaftlichem Ernst strebender
2171 476 3191 549 Schriftsteller gewesen ist, der es aber zu nichts gebracht
2169 538 3195 596 hat, packt in seinen letzten Stunden im Krankenhause
2175 577 3182 643 ein unlöschbarer Haß gegen einen befreundeten Kollegen,
2179 627 3181 691 der zu Geld und Ehren gekommen ist, dessen ganze Hohl¬
2168 667 3189 732 heit er indessen durchschaut. Er läßt ihn zu sich bitten,
2175 731 3183 792 um einmal an ihm den Rächer zu spielen, ihn tötlich zu
2187 770 3192 828 verwunden. Nicht nur, für wie nichtig und niedrig er
2185 812 3199 885 ihn all sein Lebtag gehalten, will er ihm sagen — das
2182 846 3194 913 ist zu wenig, zu sanft — nein, daß er auch da, wo er
2181 903 3182 979 rein menschlich am glücklichsten zu sein glaubte, ein ein¬
2189 957 3196 1024 gebildeter Fant, ein Nichts war, daß sein „bester Ka¬
2190 1008 3203 1064 merad“ seine Frau, ihn betrogen hat mit ihm, dem
2188 1066 3197 1120 Kranken und nichtgeachteten Kollegen, das ihm entgegen¬
2192 1110 3191 1162 zuschleudern, soll ihm die letzte Genugtuung verschaffen.
2191 1149 3198 1229 Er erzählt alles dem erwähnten Schauspieler; der ver¬
2191 1203 3199 1265 achtete „Freund“ erscheint und — plötzlich ist alles Rache¬
2197 1246 3203 1314 gefühl, alle schäumende Wut verschwunden. Der Kranke
2191 1289 3211 1366 sitzt nur da und starrt und staunt und läßt den anderen
2193 1334 3218 1409 ungekränkt ziehen. Er sieht, wie wenig auch jenem all
2192 1380 3206 1463 sein äußerliches, sich selbst wegwerfendes Jagen und Er¬
2198 1429 3205 1504 raffenwollen geholfen hat, wie er vor ihm dasitz. als ein
2198 1483 3202 1545 elender, verächtlicher Gauch, elender als er, der Krank¬
2194 1526 3217 1600 selber, und zugleich mischt sich ihm das Gefühl hinein,
2205 1576 3217 1645 was er, der abgeschlossen hat mit allem, der eigentlich
2201 1624 3214 1694 durchgedrungen ist zu der großen Klarheit, der erha¬
2205 1674 3212 1728 benen Stille in sich selber, denn noch zu tun habe mit
2197 1735 3220 1795 dem erbärmlichen Hasten der anderen da im Leben, mit
2205 1763 3215 1841 dem trostlosen Gewimmel kleinlicher, bedürftiger Menschen¬
2209 1831 3225 1879 kinder. Er läßt jenen gehen; es verlöschen die Lichter;
2203 1870 3226 1931 er stirbt. Das Stück ist in seiner Stimmung, innerhalb
2212 1917 3218 1977 der psychologischen Begrenztheit des Einakters, vortreff¬
2209 1960 3216 2043 lich gearbeitet. Charaktere und Milien sind mit packendem
2212 2013 3217 2074 Realismus psychologisch, fein und liebevoll gezeichnet.
2210 2054 3225 2130 Lediglich die Unmöglichkeit stört, daß der Kranke, dieser
2214 2095 3220 2183 wilde, innerliche Hasser, einem eitlen Mimen die Szene
2212 2167 3029 2244 mit dem erwarteten Freunde zuerst vorspielt.
2288 2195 3225 2275 Das Stück gelangte von den Herren Bodanski,
2216 2263 3234 2320 Stößl, Fischer, Ramhartner mit Verständnis
2228 2295 3235 2370 für das Ganze und in richtiger Auffassung und Stim¬
2221 2352 2834 2422 mung sehr brav zur Darstellung.
2303 2419 3230 2472 Zur Tragikomödie dieses Aktes bildet der den Be¬
2218 2451 3237 2521 schluß des Zyklus machende Schwank „Literatur“ das
2225 2497 3230 2565 Satyrspiel. Dieses vierte Stück ist unendlich lustig, von
2227 2556 3225 2613 einer sprühenden, befreienden, erschütternden Komik. Ein
2233 2592 3230 2671 Literaturweibchen, schlau=und albern zugleich, prickelnd,
2227 2641 3229 2717 fesselnd und widerwärtig, echt in ihrer Nachäfferei,
2235 2687 3232 2760 äffisch in ihrer Echtheit, wird den Sportsmann Baron
2227 2738 3227 2813 Klemens heiraten, den sie sich aus einem Münchener
2235 2789 3237 2857 Literatencafé geholt hat. Aber sie kann das Dichten nicht
2227 2837 3232 2898 lassen, und so hat sie einen Roman geschrieben, den
2232 2878 3241 2953 Roman ihres Lebens, natürlich mit Verschleierungen.
2232 2927 3230 2988 Aber die Briefe sind darin, die sie mit ihrem Münchener
2237 2971 3247 3042 Kaffeehausfreund Gilbert gewechselt hat, nicht bloß seine,
2232 3025 3241 3087 sondern auch ihre Briefe. Denn die hatte sie sich — es
2243 3070 3248 3145 ist zum Schreien — vorher aufgesetzt. Und jetzt kommt
2235 3117 3241 3181 etwas entzückend Tolles. Baron Clemens, der nun ein¬
2237 3173 3236 3230 mal das Dichten als unfein nicht leiden kann, ist ärgerlich
2234 3226 3234 3290 fortgegangen, als er hört, daß der Roman, der schon
2232 3264 3238 3323 gedruckt ist, in acht Tagen erscheinen soll. Gilbert kommt,
2237 3312 3238 3381 seine einstmalige Geliebte zu sehen. Auch er hat einen
2236 3370 3233 3435 Roman geschrieben, auch er hat die Briefe hineinge¬
2239 3406 3239 3460 nommen, die seinigen neben den ihrigen. Die seinigen
2245 3457 3241 3518 hatte er sich vorher zwar nicht aufgesetzt, aber nachher
2248 3494 3242 3572 abgeschrieben. Es würde einen europäischen Skandal
2247 3549 3251 3627 geben, wenn die beiden Romane erschienen, der Baron
2254 3592 3250 3669 würde fürchterlich Rache nehmen. Aber Alles wendet sich
2241 3658 3254 3725 zum Guten. Der gute Baron hat die ganze Auflage des
2251 3690 3244 3770 Buches seiner Braut aufgekauft und wird sie einstampfen
2247 3742 3247 3806 lassen. Nur ein Exemplar hat er behalten. Entsetzlich!
2249 3782 3244 3857 Wenn er nun doch die Briefe in diesem wie in jenem
2244 3839 3248 3906 Buche findet? Aber die schlaue Komödiantin weiß Rat.
2259 3885 3246 3956 Sie schleudert das gefährliche Buch ins Kaminfeuer,
2258 3926 3255 3996 damit der Geliebte den rührenden Beweis erhalte, wie
2252 3981 3249 4051 sehr sie ihn liebe. Die Briefe wird er in dem Roman
2255 4024 3258 4110 Gilbert's lesen, aber er wird nicht wissen, daß sie keine
2259 4095 2550 4152 Erfindung sind.
2328 4109 3259 4187 Es liegt eine freie, prächtige Ironie in dem Ganzen,
2255 4168 3253 4237 die, ohne den gebührlich gezeichneten dekadenten Boheme¬
