3436 4320
2127 183 2584 270 box 21/2
303 192 1995 305 16.1. Lebendige Stunden ZykIus
578 530 786 611 Nr. 15.
2924 538 3074 634 237
1609 534 2044 629 Die Nation.
557 672 3100 758 den Ausschlag geben“ die reine Kunst elend zu Grunde dürfen erscheint bei Schnitzler zunächst nicht als ein Elend, eher
552 728 1843 800 gehen, wenn — die Polizei nicht wäre. „Es kann wohl
1834 745 3106 792 als ein Vorrecht. Als freute sich der Mann im Parterre, einen
564 786 1830 847 sein, daß die Behörden einmal fehlgreifen, aber unter Um¬
1837 791 3096 870 so guten Platz erwischt zu haben, von dem aus sich alles
556 824 1828 885 ständen wird bei ihnen die Kunst besseren Schutz finden,
1843 833 2371 902 trefflich beobachten läßt.
566 867 1809 930 als bei denen, die öffentliche Vergnügungen veranstalten.“
1937 869 3093 952 Künstlerdramen haben fast immer den Nachtheil, daß
558 908 1827 982 Auf die Ausführungen, die Prof. Möbins als Schutzmann
1842 934 3101 988 aus dem gelebten Leben, das man auf der Bühne vor sich
555 952 1833 1031 der Lex Heinze in so schöner Tugendpose vorbringt, möchte
1841 977 3104 1046 sieht, das Wesentliche, das Künstlerthum, nicht erhellt. Hier,
565 1006 1833 1068 ich mit den Worten Konrad Lange's antworten, „das Nackte
1831 1018 3109 1093 bei Schnitzler, ist dieser schwere Nachtheil geradezu Postulat
559 1050 1830 1105 aus der Kunst verbannen, hieße soviel wie einem Menschen
1832 1072 3100 1127 geworden: die innere Antheillosigkeit des Künstlers an dem
564 1105 1827 1185 den Gebrauch des Messers verbieten, nur weil er sich damit
1833 1114 3099 1192 Leben, das er führt, an dem Schmerz, der auf ihn ein¬
558 1150 1582 1216 allenfalls auch die Kehle durchschneiden könnte.“
1846 1160 3108 1226 stürmt, gilt es darzuthun. Man muß es ihm also
665 1187 1827 1265 Von dem erzieherischen Werth und erzieherischen Kraft
1839 1200 3104 1266 glauben, daß seine Künstler Künstler sind, oder man
560 1246 1832 1310 der Kunst hält Möbius nicht viel. Er glaubt auch nicht,
1839 1249 3089 1318 müßte zu dem Rückschluß fähig sein: Ahl ein Theilnahm¬
566 1292 1822 1362 daß die Kunst die Gesellschaft veredelt. Er meint, daß es
1843 1303 3102 1363 loser, also ein Künstler. Beides heißt von dem Zuschauer
555 1344 1824 1409 bei den meisten Menschen beim Kunstgenuß nur auf die
1840 1345 2970 1420 mehr verlangen, als er zu leisten gewillt sein dürfte.
551 1388 1825 1441 oberflächliche Ergötzung ankomme. Was Kunstgenuß aber
1934 1391 3102 1464 Nur die That überzeugt auf der Bühne. In einem
555 1429 1820 1496 eigentlich ist, scheint ihm selbst theoretisch wie praktisch ein
1833 1442 3104 1499 Garten vor der Stadt („Lebendige Stunden") sitzen zwei
565 1479 1827 1537 Buch mit sieben Siegeln zu sein. Indem der Künstler den
1831 1498 3102 1555 Männer einander gegenüber, beide von demselben Todesfall
548 1511 1825 1583 Leser, Hörer oder Beschauer kraft seines Talentes zwingt,
1835 1550 3097 1600 betroffen. In der Toten hat der eine die Geliebte früherer
556 1561 1824 1627 ihm in das Reich seiner Illusion zu folgen, hebt er ihn aus
1823 1585 3101 1645 Tage, die Freundin seines Alters, der andere die Mutter
549 1604 1817 1668 dem Alltag heraus, stellt ihn in eine Gefühls= und Gedanken¬
1830 1632 3095 1703 verloren. Und den alten Mann verbittert das Leid, wie er
551 1672 1825 1731 welt, die ihm neue Horizonte erschließt. Der Künstler steht
1821 1680 3096 1734 den leicht getrösteten Kummer des Jünglings sieht, und er
557 1712 1829 1778 immer auf einem höheren Standpunkte als seine Mit¬
1824 1721 3105 1782 theilt ihm mit: deinetwillen hat sich deine Mutter selbst den
549 1761 1826 1815 menschen. Sein Standpunkt ist seine Eigenart. Er sieht
1824 1767 3092 1849 Tod gegeben, damit du Ruhe für deine Arbeit findest. Auch
555 1795 1833 1874 mehr, besser, anders. Gewiß kann einem die Gabe bei der
1830 1815 3098 1887 das wird der Jüngling verwinden, — muß er verwinden,
557 1848 1819 1916 Geburt verliehen werden, aus der Niederung zur Höhe zu
1831 1866 3099 1932 will er das Opfer werth sein. Die Mittheilung selbst wirft
553 1886 1818 1960 streben. Aber man wird mit keinem Standpunkt geboren.
1836 1912 3107 1994 ein Licht auf den Charakter des alten Mannes. Aber der
558 1945 1824 2009 Das Wort des Beaumarchais läßt sich auf die Künstler
1822 1956 2494 2036 Jüngere? Er ist ein Dichter.
556 1985 1825 2066 nicht beziehen. Um ein Künstler zu sein, bedarf es größerer
1931 1990 3102 2078 Nicht jede That überzeugt auf der Bühne, sondern
553 2043 1241 2114 Mühr, als geboren zu werden.
1832 2050 3097 2113 eben nur die, die aus einem Charakter organisch erwächst.
1827 2103 3102 2169 Der Maler Remigio („Die Frau mit dem Dolche") ist von
667 2101 859 2199 Wien.
1255 2096 1714 2205 Rudolph Lothar.
1839 2153 3104 2212 einer Reise heimgekehrt, er will sein Weib in seine Arme
1838 2200 3103 2259 schließen, da gesteht sie ihm ein, daß sie ihm untreu gewesen.
1822 2236 3096 2311 Er weist sie wie ihren Liebhaber verachtungsvoll von sich.
1839 2295 3100 2345 Doch da der sein Leben bedroht, greift das Weib zum
1822 2343 3106 2396 Dolch und stößt den Buhlen nieder. Wie Renngio sie so
1818 2376 3105 2450 dastehen sieht, die Augen schreckensvoll geöffnet, den bluten¬
1834 2424 3096 2484 den Delch in der Hand, tritt er an ihr halbvollendetes
1045 2437 1334 2542 Theater.
1829 2463 3107 2539 Bildniß und malt und malt. Aber sein Malen überzeugt
1823 2522 3100 2593 nicht, denn man weiß nichts von ihm, als daß er ein Theil¬
602 2518 1776 2613 (Deutschezesheater: „Lebendige Stunden“. Vier Einakter von Arthur Schnitzler.)
1829 2563 2155 2635 nahmloser ist.
643 2603 1814 2679 WLebendige Stunden? Sie leben doch nicht länger,
1940 2598 3092 2676 In einen seltsamen Rabmen hat Schnitzler dies Bild
554 2651 1831 2745 ader Letzte, der sich ihrer erinnert. Es ist nicht der
1817 2665 3101 2723 aus dem Venedig des 15. Jayrhunderts eingeschlossen. In
563 2707 1813 2773 schlechteste Beruf, solchen Stunden Dauer zu verleihen,
1831 2718 3093 2778 einen Rahmen, den Theorie ersonnen. Nichts als ein jähes,
566 2752 1831 2820 über ihre Zeit hinaus.“ Nur daß der Künstler der der
1826 2763 3097 2812 geheimnißvolles Erinnerungsbild war die Seene aus dem
558 2796 1829 2865 flüchtigen Stun e solches Leben verleiht, die Stunde selbst nicht
1826 2804 3094 2861 Venedig der Renaissance. Eine Frau aus unsecen Tagen,
553 2855 1815 2915 lebt. Der Drung zu erfassen, zu gestalten erstickt in ihm
1820 2852 3098 2927 die Gattin eines Dichters, der ihr feelisches Leben grausam
549 2891 1817 2962 die persönliche Antheilnahme. Wirklichkeit wird Phantasie,
1821 2903 3099 2962 in einem Drama preisgegeben, hat mit ihrem Liebhaber in
544 2941 1816 3011 und Phantasie wird Wirklichkeit. Das Leben das er führt,
1821 2956 3099 3018 einer Bildergallerie ein Stelldichein. In einer „Frau mit
551 2979 1810 3048 objektivirt sich ihm, die Gebilde seines Innern treten
1826 2989 3094 3053 dem Dolche“, dem Gemälde eines unbekannten Meisters
549 3038 1692 3100 trennend zwischen ihn und die Gefährten seiner Tage.
1696 3040 1813 3100 „Er
1823 3035 3101 3101 um 1530 erkennt sie ih. Selbst aus vergangenen Tagen
556 3074 1815 3147 scheint sich uns zu nahn, und bleibt uns fern; Er scheint
1817 3077 3101 3134 wieder, Erinnerungen erwachen, was sie in ihrer Präexistenz
556 3136 1814 3211 uns anzusehn, und Geister mögen, An unsrer Stelle selt¬
1817 3135 3092 3182 erfahren, iener Treubruch und jene Mordthat, wird ihr
550 3172 1011 3247 sam ihm erscheinen.“
1827 3173 3092 3257 deutlich. Sie fühlt das gleiche Schicksal wie damals über
1826 3220 2872 3287 sich, sie gibt dem Werben des Liebhabers Gehör.
655 3208 1820 3281 Ein Zuschauer nur. Viel von dem Elend des
558 3261 1827 3337 Künstlerthums ist in diesem einen Wort. Das höchste Opfer ist:
1930 3261 3082 3336 Ungleich tiefer als in „Lebendige Stunden“ ist das
552 3324 1827 3389 erheischt: das Selbst des Künstlers. Das ist ein Wesenszug
1812 3316 3099 3383 Problem in dieser „Frau mit dem Dolche“ erfaßt. Die
554 3366 1819 3439 in Goethes Leben: er bringt dies Opfer immer wieder,
1818 3367 3096 3426 Theilnahmlosigkeit des Künstlers treibt die ihm Nahestehenden
555 3415 1817 3469 opfert die Geliebte, opfert den Schmerz um seine Toten,
1816 3419 3094 3469 in ihr Schicksal. Er selbst wird zu einem Vampyr, der
552 3443 1814 3522 und eben dadurch, daß er das alles heitren Sinnes, aus
1813 3460 3093 3513 das Blut für die Gebilde seiner Phantasie aus dem Herzen
559 3502 1812 3565 sich selbst heraus thut, bewahrt er sein Selbst auch der
1819 3504 3093 3575 derer saugt, die ihn lieben. Die Stimmungskraft entspricht nicht
552 3552 1814 3622 Kunst gegenüber. Geringere werden von ihr aufgezehrt.
1818 3548 3083 3615 dem Aufwand an Mitteln, aber es ist doch Stimmung da.
557 3597 1812 3650 Sie werden sich selbst „Problem“ und die ihnen Nahe¬
1817 3602 3101 3668 Die Psychologie des Künstlers, auf die es ankommt, ist in
560 3645 1809 3714 stehenden werden ihnen „Modell“. Das Leben ein Schau¬
1818 3644 3092 3710 den Eierschalen der Theorie stecken geblieben, aber diese
557 3695 1652 3754 spiel nur, das sie von dem Parterre aus studieren.
1816 3690 3084 3745 theoretische Psychologie löst doch in den Nebenpersonen
1813 3736 3091 3808 psychologisch interessante Vorgänge aus. Der Eindruck ist
656 3718 1808 3809 Arthur Schnitzlers neue Einakter „Lebendige Stunden"*)
1828 3787 3083 3863 ein gedanklicher, aber das Schauspiel bleibt nicht ganz ein¬
546 3771 1811 3839 behandeln dies Problem des Künstlerthums. Sie fassen es
1824 3824 2062 3900 druckslos.
1347 3836 1811 3904 wie ich es noch eben,
559 3840 1331 3909 allgemeiner als es wohl richtig ist,
1925 3855 3086 3943 Vielleicht liegt diese Neigung, gedanklichen Conceptionen
555 3878 1827 3932 seine Ansicht zu deuten, als allgemein giltig ausgesprochen
1823 3912 3085 3978 nachzugehen, im Zug unserer Tage. Hauptmann war ihr
556 3930 1814 3996 habe. Und merkwürdig genug! Dieses Sichselbstnichtleben¬
1816 3956 3109 4032 unterlegen, nun Schnitzler auch. Die Reaktion auf einen
1810 4019 3097 4079 gedankendürren Realismus konnte nicht ausbleiben, — heut
702 3995 1813 4087 *) Das Buch ist soeben im Verlag von S. Fischer, Berlin,
559 4036 770 4131 erschienen.
1824 4068 3093 4140 kleiden sich die eben noch verpönten Gedanken in etwas wie
