3532 4224
2082 142 2541 233 box 21/2
274 160 1941 258 16.1. Lebendige Stunden— Zykius
815 470 949 562 —
1014 515 1258 608 „O —
615 596 1765 688 I. östegr. behördl. conc. Burean für Zeitungsberten
808 677 2089 767 Wien, IX/, Türkenstrasse 17.—
1008 744 1768 822 - Filiale in Budapest: „Figyelé“ —
624 794 2085 919 Vertretungen in Berlin. Chicago, Genf, London, Newyork, l’aris, Lom, Stockholm.
625 948 1164 1042 Ausschnitt aus:
628 1104 1147 1233 vom%%
1333 1112 2054 1305 Sariner Börsenemgier
1840 1679 2922 1772 mit dem Dolche“, die ihr ähnlich ist. Wie wunder¬
1030 1719 1707 1812 Vor den Coulissen.
1846 1726 2914 1800 same Erinnerung aus alten Zeiten steigt es in ihr
2449 1781 2925 1853 Hinter einem Schleier
882 1792 2401 1860 Aus dem „Deutschen Theater“ strömtsempor. . .. Verwandlung.
1995 1837 2924 1894 ein farbenglühendes, leidenschafterfülltes
820 1831 1997 1897 soeben, lebhaft angeregt und voll Eifer disputirend, lebt
828 1876 2923 1938 eine gar bunie Gesellschaft. Aber so verschieden die! Stückchen Renaissance vor uns auf. Die Gattin#
816 1919 2824 1972 Elemente sind, die sich da für einen Abend zu jener des berühmten Malers Remigio hat sich
679 1905 830 1993 Für
1863 1936 2920 2003 gleich täumliger Sinnenwirrniß einem Schüler¬
823 1962 1872 2019 wunderlichen Einheit mischten, zu jenem noch immer
1867 1980 2927 2052 ihres Mannes hingegeben, dem heimkehrenden¬
707 2004 1873 2073 „ 2 nicht erforschten Fabelwesen, das man Publikum
1869 2038 2914 2097 Gatten bekennt sie ihre Schuld, denn „das Geständniß
716 2040 1882 2101 „ 5 nennt — drei Stunden lang waren sie eben alle einig.
1867 2066 2919 2128 ist der Muth der Schuldigen“. Als der Gatte e##
716 2079 1871 2141 „ 10 Sie waren einig in der Reihenfolge mannichfacher
1869 2108 2924 2177 verschmäht, den verachteten Nebenbuhler zu tödten,
786 2118 1879 2199 1 Stimmungen und Empfindungen. Auch in diesem
1881 2155 2938 2210 erdolcht sie ihn selbst, und er erkennt jetzt, daß die
657 2152 1866 2238 Abonne, Augenblicke sind sie alle gleich erfüllt von einer Summe
662 2182 2927 2259 Abonne, verschiedenartiger Eindrücke, die noch lange nachwirken,Größe dieser That für ihn die künstlerische Befreiung“
1877 2240 2923 2296 aus langem Bann, die Erlösung, der Ruf zum
825 2245 1871 2312 und in denen sie erst nach einiger Zeit sich völlig
1875 2287 2918 2343 Schaffen ist, und in der Stimmung der Stunde malt
801 2275 1264 2367 r zurechtfinden werden.
2214 2320 2841 2388 — die Frau mit dem Dolche ..
901 2308 1879 2385 Ein vierblätteriges Kleeblatt haben wir auf dem
1873 2325 2197 2386 er seine Frau
685 2328 2928 2415 Inhalts dürren, in diesem Theaterjahre bisher besonders unfrucht= Verwandlung. Wir sind wieder im Galerie=Saale.
1781 2406 2922 2448 ge= Wie aus einen Moment der Erstarrung erwachend,
676 2393 1795 2464 blütt paren Boden unseres „Deutschen Theaters“
680 2436 846 2487 wodurch
685 2430 2925 2529 des in- funden — dabei zeigte es sich wieder einmal, daß vier=verspricht Pauline dem Verführer, dessen Züge eben
1869 2481 2931 2546 der Erdolchte trug, Abends zu ihm zu kommen. Mani
683 2499 1564 2584 werden Hlätterige Kleeblätter Glück bringen.
1878 2510 2941 2601 hat das Gefühl, daß der Traum da zur blutigen!
898 2511 1890 2593 Mit vier Einactern von Arthur Schnitzler
1875 2568 2393 2635 Wirklichkeit werden kann.
831 2568 1874 2626 hat das „Deutsche Theater“ gestern einen vierfachen,
1923 2585 2944 2662 Wie unrecht würde man thun, das kleine Stück für
819 2612 1885 2680 der, sagen wir der Sicherheit wegen einen drei¬
1872 2655 2923 2714 ein dramatisches Bekenntniß des Glaubens an die
825 2664 1371 2719 fachen Erfolg errungen.
1885 2681 2939 2757 Seelenwanderung, für eine mystisch=spiritistische
901 2670 1885 2754 Die Zeit der Einacter schien vorbei. Die Theater
834 2731 2937 2787 hatten ein Vorurtheil gegen die dramatischen Nippes= Tendenz=Dichtung zu halten. Eine Dichtung ists
1879 2781 2933 2830 sie eben. Sonst nichts. Stark empfunden, in leuchten¬
836 2774 1877 2833 Sachen. Sie waren allenfalls einmal einzeln zur
1883 2803 2935 2871 den Farben ausgeführt, eine Schöpfung mehr
831 2814 1880 2878 Ausfüllung eines Theaterabends gut. „Die Einacter
1887 2850 2927 2908 musikalischen Charakters, eine Träumerei, ein
832 2852 1873 2914 machen nichts,“ sagten unsere Theater=Geschäftsleute,
1882 2894 2925 2961 farbeuprangender Einfall Fräulein Triesch war
825 2902 1885 2956 „die Einacter sind todt!“ Ein anderer Aberglaube
1889 2932 2929 2992 in Wesen, Ton, in Haltung und Bewegung ganz die
829 2945 1875 3007 kam da wieder einmal zu seinem Recht: Todtgesagte
1891 2984 2917 3037 Phantasiegestalt des Dichters. An einer fremdartigen,
836 2988 1214 3056 leben sehr lange.
1884 3017 2919 3083 schwierigen Aufgabe hat sich hier ihr echtes, sicher zu¬
922 3003 1887 3080 Mit einem Einacter=Cyklu führte sich Arthur
1894 3049 2929 3121 greifendes Gestaltungstalent erwiesen, ihr nachdichtendes
829 3064 1889 3134 Somitzler in die Bühnenliteratur ein, einem Strauß
1893 3105 2931 3155 Empfinden. Herr Richard Hahn war weniger der
836 3112 1882 3158 k.einer Dichtungen, die aus einem Gedanken, einer
1884 3141 2927 3199 Leonhard und Lionardo der Dichtung, Herr Otto!
848 3146 1889 3199 Stimmung geboren schienen. Mitder „Anatol“=Einacter¬
1894 3179 2926 3255 Sommerstorff gab der Traumgestalt des Malers
834 3187 1889 3256 sammlung, die aus einem skeptischen, kritischen Ent¬
2387 3223 2924 3288 Schön ausgestattet und
1711 3224 1896 3284 Analyse
1589 3229 1715 3283 der
1886 3226 2368 3293 charakteristische Züge.
849 3236 1431 3295 wicklungszustand erwuchsen
1888 3264 2923 3321 von Emil Lessing mit nachspürendem Ver¬
839 3263 1880 3320 moderner Conventionen, gesellschaftlicher Einrichtungen
1895 3304 2930 3372 ständniß inscenirt, fanden die drei kleinen Bilder
842 3319 1888 3376 ihre Aufgabe suchte. In „Paracelsus“, dem „grünen
840 3343 2924 3401 Kakadn“, in seinem zweiten Einacter=Bouquet, warleinen starken, dem Eindruck entsprechenden Beifall, der
843 3396 2915 3450 Schnitzler schon gestaltender Dichter, und nicht mehr den Verfasser sehr oft vor den Vorhang rief. Fräu¬
841 3448 2927 3490 suchender, grübelnder, zwischen Selbstbespiegelung und klein Triesch, der dieser Beifall ebenfalls galt, durfte
1886 3479 2402 3553 natürlich nicht erscheinen.
854 3474 1895 3525 Spott verlegen einhertaumelnder, zwischen Keckheit
1942 3492 2950 3581 Einen feinen und tiefen Gedanken übersetzt das dritte
841 3520 1895 3588 und Schüchternheit schwankender, innerlich verzagter
1895 3547 2930 3617 der vier kleineren Stücke in Leben. Das in Noth
859 3563 1891 3622 Anfänger. Die Zusammenstellung durch eine Grundidee
1902 3588 2934 3654 und Elend verkommende starke Talent empört sich
840 3604 1895 3649 und einen gemeinsamen Titel verbundener kleiner
1894 3638 2937 3693 vor dem Ende gegen die in Glück protzende Hohlheit.
842 3647 1899 3698 Bühnendichtungen war inzwischen Mode, oder sagen
1900 3688 2946 3741 Der Journalist Rademacher liegt im Sterben. Jetzt
854 3681 1895 3735 wir besser: Ausdruck einer Zeitströmung geworden.
852 3725 1893 3784 Wir fahen auch Sudermann, Hartleben mit dieser
1895 3710 2935 3780 endlich will er dem Flachkopf Weihgast, der einst
860 3757 1839 3818 Strömung in der Fluth des Erfolges schwimmen.
1889 3766 2943 3826 sein Freund gewesen, seine ganze Berachtung ins
925 3789 1896 3851 Gestern brachte uns Arthur Schnitzler die neuesten
1895 3792 2955 3878 Gesicht schleudern, will ihm sagen, wie seine Frau,
844 3844 1893 3911 Blüshen aus dem üppig wuchernden, an phantastischen
1892 3849 2035 3901 selbst
2385 3843 2841 3908 Leere, angewidert,
2042 3845 2397 3900 von seiner
850 3875 1899 3946 Künstgewächsen reichen Garten seiner Dichtung. Von
2052 3882 2941 3946 des armen Rademacher Geliebte ge¬
1907 3885 2036 3940 lange
1905 3916 2948 3980 wesen. Er spielt diese Befreiungsscene einem Spital¬
863 3919 1897 3982 der ikeptischen Kritik der Gesellschaft, ihrer
1894 3951 2946 4022 genossen auch vor. Da aber endlich Weihgast in aller
861 3969 1893 4018 Conventionen und Moral=Begriffe ist Schnitzler
1904 4011 2947 4057 verlegenen Freundlichkeit, in aller banalen Wohl¬
850 3998 1894 4070 jetzt zum Studium und zur Untersuchung der
849 4038 2944 4092 ästhetischen Conventionen, der Kunstanschauungen! meinung vor ihm steht, von seinen armseligen Freuden
1893 4075 2965 4131 und Leiden spricht, überkommt den Sterbenden eine
849 4094 1482 4158 und Kunstgesetze vorgedrungen.
1907 4125 2953 4174 unendliches, aus tiefer Verachtung fließendes
929 4106 1894 4186 Das Leben in der Kunst behandeln die
1115 4168 1274 4227 W
