3436 4320
2051 211 2534 320 box 21/3
248 235 1910 342 16.1. Lebendige Stunden — Zuklus
301 1617 3330 1704 Bildergallerie an der Seite des leidenschaftlichen Herrn  Erinnerungen von anno dazumal zieht, widerspricht Sterbelager. Ihn mit einer sein Familienglück zer¬
1273 1644 3319 1733 zwar dem Halbdunkel, aber in der theatralischen Form störenden Enthüllung zu treffen, zu beugen, ist sein
245 1664 1282 1746 Leonhard weilenden Frau Pauline erwachen diese vier¬
2288 1693 3302 1775 bitterböser Wille. „Es ist nicht zu glauben,“
1271 1720 2303 1779 braucht man zwischen Erinnerungen und Träumen
248 1723 1285 1791 hundertjährigen Vorgänge mit solcher Deutlichkeit, wie
2297 1743 3319 1816 meint Herr Rademacher, „wie wenig einem dran
1279 1757 2297 1823 keinen großen Unterschied gelten zu lassen. Jedenfalls
241 1776 1282 1840 sie der Dichter nach dem Fallen eines Schleiervor¬
2286 1790 3322 1869 liegt, gemein zu sein, wenn kein Tag mehr kommt, an
1276 1808 2305 1877 störten die langen Verwandlungspausen mit ihrem
245 1826 1282 1887 hanges uns vorführt. Ehe der Schauplatz sich ver¬
1274 1838 3320 1913 Gepolter die Illusion. Fräulein Sussin hatte als dem man sich darüber schämen müsste.“ In dieser
241 1865 1290 1950 wandelt, nennt bereits Frau Pauline Herrn Leonhard
2292 1887 3324 1954 „lebendigen“ Stunde irrt der Dichter von seinem
1272 1908 2297 1970 Pauline=Paola einen bedeutenden Zug. Groß war die
255 1916 1291 1981 mit dessen Namen vom Jahre 1530: „Lionardo“
2299 1933 3335 2009 Thema doch einigermaßen ab; denn die Leidenschaft
246 1949 2300 2057 Und wenn zum Schlusse wieder die Neuzeit die alten Geste, nach der sie gleichsam zum Bildwerke erstarrte.
2295 1986 3320 2055 des Ehrgeizes ist nicht mehr der schaffende Drang.
1279 2005 2308 2071 Herr Mehnert gab dem Leonhard=Lionardo heiße
262 2021 1287 2087 „Erinnerungen“ (!) verdrängt, weiß Frau Pauline nach
2294 2036 3330 2115 Als der gerufene Kamerad bei dem Sterbenden erscheint,
1284 2058 2298 2118 Leidenschaft ohne Pathos und Herr Baxmann war
251 2066 1292 2129 der Analogie ihres Schicksales von damals und heute,
2291 2085 3324 2155 erlischt dessen Energie, die böse That geschieht nicht.
250 2104 1871 2185 dass sie dem Fatum auch jetzt nicht entrinnen kann als Maler Remigio kraftvoll.
2289 2138 3326 2206 Auch auf „Meisterwerke“ der Schreibtischlade verzichtet
1332 2154 2300 2214 Der dritte Einacter, „Die letzten Masken“,
252 2157 1227 2228 und sagt Herrn Leonhard die nächste Nacht zu ...
2306 2181 3327 2253 der Kranke, denn — „Nachwelt gibts auch nur für
329 2201 2295 2272 Die Poesie darf die Grenzen des Irdischen ver=führt uns ins Krankenhaus zu zwei sterbenden Men¬
2296 2245 2615 2310 die Lebendigen.“
1288 2242 2299 2314 schen. Auch der Journalist Rademacher und der Schau¬
252 2257 1292 2341 lassen, dann nennen wir sie Märchen. Wenn sie aber
2350 2257 3322 2362 Das Stück hebt sich durch seinen strengen Realis¬
1277 2291 2314 2358 spieler Jackwerth stehen ihrem Berufe und ihrem
262 2307 1291 2369 im Gewande der Wirklichkeit, ja sogar mit dem Rüst¬
2301 2326 3330 2401 mus von der „Frau mit dem Dolche“ scharf genug
1281 2348 2303 2414 Wesen nach innerhalb der Peripherie des Künstler¬
266 2357 1296 2430 zeuge der Philosophie — der Prnunft ins Antlitz
2297 2387 3338 2463 ab. Es ist das nüchternste der Dramen und gibt uns
1277 2398 2307 2453 thums. Auch ihre lebendige Stunde ist nun, kurz vor
260 2410 1293 2467 schlägt, dann lassen wir uns nicht fangen und betäuben.
2301 2429 3330 2491 wenig anderes Mitgefühl, als das allgemeine für
1293 2441 2307 2516 ihrem Tode, angebrochen. Kaum noch acht Tage Frist
258 2458 1291 2520 Dass nicht nur die Geister, dass auch die Leiber zweier
1293 2488 3327 2560 gibt der Arzt dem lungenleidenden Komiker, aber der sterbende Menschen. Denn die beiden armen Männer kommen
267 2502 1299 2577 Menschen nach einigen Jahrhunderten in genau den¬
1277 2527 3334 2605 Wille zur Kunst stachelt seine Lebensgeister auf; in= uns nur durch ihr Leiden, nicht durch ihr Wesen nahe.
264 2557 1290 2638 selben Formen gleichzeitig auferstehen, dass beide wieder
2305 2561 3338 2636 Ein unangenehmer Zug Heinrich Heine'scher Selbstironie
1291 2582 2316 2655 mitten von Noth und verlöschendem Jammer sprüht
261 2604 1302 2687 auf denselben Namen getauft werden, denselben Roman
1290 2625 3332 2716 sein gestaltender Witz, und selbst die Sterbenden ist es, dass Schnitzler, der Dichter der „Frau mit dem
272 2660 1301 2719 noch einmal erleben und sich über die Gräber zahlloser
265 2714 3328 2752 Geschlechter zurück ihrer versönlichen Vergangenheit  imitiert er. Doch ist er nicht herzlos, vielmehr ein Dolche“, den Komiker sagen lässt: „Oh, ich hätt'
258 2748 3329 2820 erinnern, das ist ärgerlick: Unsinn. Man wäre geneigt, gutmüthiger Mann. Der Journalist hat sein Leben auch im Himmel mein anständiges Auskommen ge¬
260 2765 3333 2869 die Dichtung für ein Pasquill auf die theosophisch= lang all sein Bestes begraben, sich zugrunde gerichtet habt, — ich hätt' nämlich ein Engagement bei den
1289 2825 2872 2897 im Frohn für andere. Jetzt, da der Schatten des Spiritisten genommen.“
266 2850 1294 2930 occultistischen Alfanzereien zu halten, wenn der Dichter
2359 2848 3338 2937 Die Darstellung war gut. Man athmete förmlich
1289 2870 2325 2951 Todes ihn umweht, will sich die Energie des Künst¬
265 2900 1294 2958 nicht den strengsten Ernst bewahrte. Mehr als ein ver¬
2308 2914 3333 2983 Spitalsluft. Nur sollte Herr Haid, der viel kleine
277 2922 2311 3017 wirrendes loses Spiel der Phantasie ist sie trotz derlers Bahn brechen. Er denkt seiner in der Schreib¬
270 2966 3344 3067 geistreichen Einzelheiten nicht. Dich das Drama im tischlade verschlossenen Schriften, — noch leidenschaft= Kunst bewährte, das lange, lange Sterben des Rade¬
275 3012 3341 3109 Drama ist in seiner wuchtigen Knappheit wohlgelun=licher aber der Schätze seines Innern, die er zu macher weniger dehnen. Auch den Uebergang vom
1849 3060 3348 3119 Der Neid, bäumtfesten bösen Willen zur Resignation machte er, da ihm
1685 3079 1836 3144 hat.
1279 3081 1690 3153 heben versäumt
267 3100 406 3178 gen.
330 3102 3347 3199 Der Dichtung hätte die Aufführung ein wenig sich auf gegen jene Glücklichen, die die der sanftere Ausdruck nicht gegeben ist, zu wenig
2318 3161 3347 3229 deutlich. Herr Felix war als sterbenskranker Komiker
273 3178 2311 3248 helfen können, wenn sie das Zwischenspiel schleier= Gunst äußerer Verhältnisse gefördert hat, und
2312 3205 3333 3277 ganz ausgezeichnet, und Fräulein Palik als Wärterin,
273 3219 2327 3305 hafter, traumähnlicher gemacht hätte. Die praktische als Genugthuung für sein Leben der Entsagung ruft
273 3256 3344 3363 Nutzanwendung, die Frau Pauline aus ihren „Lebens“=ser sich einen Kameraden, der hoch gestiegen ist, ans Herr Baxmann als Modedichter, Herr Weinmann
