3484 4320
1025 171 2301 245 Lebenden in ihren Nöten aufgezwungen, fallen, wenn
1031 211 2304 274 wir uns daran machen, aus ihren Reihen zu scheiden.
1011 275 2300 323 Karl Ridemacher, der Journalist, der nach langer auf¬
1019 316 2313 375 reibender und erfolgloser Arbeit im Krankenhaus seiner
1012 368 2309 427 letzten Stunde entgegensieht, will Abrechnung halten
1012 422 2294 477 mit seinem vom Glück begünstigtern Freunde, dem
1023 461 2303 527 Dutzenddichter Weihgast. Was er früher nicht gekonnt,
1022 509 2295 583 jetzt will er ihm sagen, daß er ihn stets geringgeschätzt,
1012 564 2306 614 daß er ihn verachtet und mit dessen eigener Frau be¬
1022 603 2298 676 trogen habe. Er will Rache nehmen an der Flachheit,
1014 660 2304 719 die ihn bemitleidet und sich für gottähnlich gehalten
1011 707 2299 764 hat. In aller Bitternis will Rademacher noch die einzige
1028 753 2295 818 Süßigkeit verkosten, die glückliche Mittelmäßigkeit zu
1024 806 2297 869 demütigen und sie ihres Glaubens zu berauben. Als
1027 852 2294 918 Weihgast jedoch in später Nachtstunde zu ihm kommt
1020 896 2296 951 schweigt der Sterbende. Eine Wandlung ist in ihm in¬
1016 952 2297 1008 zwischen vorgegangen, eine letzte Erkenntnis ihm zu
1020 1001 2300 1066 Teil geworden, und wenn er spricht, so klingen seine
1016 1044 2302 1100 Worte wie von einem andern Ufer her, Worte eines
1012 1095 2293 1145 aus der Gemeinschaft der Lebenden Geschiedenen. „Was
1017 1146 2290 1205 hätte ich ihm sagen sollen? Was ist dem, der heute
1019 1175 2287 1263 stirbt, einer, der morgen noch leben wird? Haß, Liebe,
1019 1241 2276 1311 Rache und Nachruhm, das sind Sachen für Lebende..“
1020 1299 2298 1362 Schnitzler hat hier einen tragischen Endpunkt aufge¬
1009 1338 2296 1415 griffen und ist mit tiefem Begreifen letzten Lebens¬
1008 1390 2303 1465 ergebnissen nachgegangen. In einer Nußschale, welch
1008 1441 2340 1516 ein Goldgehalt an Weisheit und Psychologie... In den
1010 1479 2278 1534 „Litzten Masken“ ist eine bittere, im „Dieb“ von
1005 1535 2286 1599 Mirbeau eine spielerische und heitere Ironie. Mit einer
1002 1575 2295 1650 eleganten Klinge berührt hier der Dichter die verschleierte
996 1637 2285 1695 und aufgeschmückte Korruption der modernen Gesellschaft.
997 1684 2271 1740 Lachende Wahrheiten in einem scherzhaften Einfall.
1004 1730 2277 1801 Ein Dieb aus Lebensphilosophie, ein Apostel eines noch
1006 1783 2284 1831 verfehmten Handwerks, dem er in der Reihe der Berufe
1001 1829 2269 1902 soziale Anerkennung und Berechtigung verschaffen will.
1005 1868 2283 1935 Der Bestohlene, ein feiner Lebemann und Kunstsammler,
1010 1927 2286 2004 wird von all den Paradoxons überredet, von den er¬
1018 1979 2281 2049 zählten Liebesabenteuern berauscht. Zwei Menschen, die
1013 2031 2280 2093 eine Welt trannt, finden sich in dem Moment, da sie
1005 2074 2272 2146 sonst verhaßten Wahrheiten ins Gesicht sehen. Das sind
1008 2123 2282 2186 Wahrheiten ohne Pathos ausgesprochen, mit der Ele¬
1008 2169 2284 2258 ganz und Selbstverständlichkeit, mit denen die Fran¬
1007 2221 2203 2289 zosen auch das Gewagteste sagen können. „Der g
1010 2276 2275 2341 mütliche Kommissär“ rührt von Courteline her,
1009 2309 2277 2380 dem Verfasser der köstlichen „Bouboroche“. Courteline
1002 2362 2275 2438 liebt es mit einem bösen Lächeln die Rückseite der Me¬
1004 2411 2267 2467 daille zu zeigen die mitten im Ernst verborgenen Lacher¬
999 2464 2287 2536 lichkeiten und er hab es auf die kleinen Leute und kleinen
991 2514 2272 2585 Existenzen abgesehen, auf die geringern Repräsentanten
989 2565 2267 2637 der staatlichen Macht. Er treibt gern unversehen di
994 2603 2267 2676 Menschen und Situationen ins Groteske, und weil er ein
989 2663 2258 2733 tiefer Menschenkenner ist geht auch seine Satire so tie
992 2710 2245 2777 Der aufgeblähte Despot der Amtsstube, der hilflo
993 2749 2255 2838 bleibt allen Anforderungen, ein gewaltiger Herr in
991 2800 2266 2888 seiner papiernen und Paragraphenwelt, so lang
994 2849 1466 2921 der Büttel hinter
1469 2865 2252 2918 seinem Rücken steht und de
990 2897 2250 2988 ohnmächtig zusammenknickt, wenn er von seinen Helfer:
993 2962 2255 3036 abgeschnitten und auf sich selbst gestellt ist. Das sind Szenei
981 2998 2240 3083 von großer Drolerie und voll boshaften Spottes. Ir
996 3056 2261 3105 ersten und letzten Stück hatte Heir Stärk die Haupt
989 3099 2240 3185 rollen inne. Als Rademacher bemühte er sich das Pato
987 3139 2245 3228 logische in treuer Weise wiederzugeben, was ihm i
977 3202 2238 3279 einer unheimlichen Weise auch gelang. Darunter litt jedoc
984 3246 2236 3326 die Wirkung des psychologischen Akzents, der allzu
975 3289 2239 3376 gedämpft wurde, litt die Betonung geistiger Ueber
979 3341 2241 3423 legenheit, die Rademacher eigen ist. Man erwartete nac
979 3404 2232 3461 all der tiefen Wandlung, die mit ihm vorgeht, ein
977 3437 2240 3502 stärkere Verdeutlichung und Steigerung, aber die wurd
986 3498 2235 3574 erstickt von den pathologischen Details. Man sah eine
977 3540 2232 3623 Sterbenden, nicht einen Lebensphilosophen. Weni
962 3569 2229 3679 erfaßt von seiner Rolle und mit zu geringen Mittel
953 3656 2223 3720 Istellte Herr Minnich den Schauspieler dar. Hei¬
967 3682 2232 3745 Pindo hatte als Weihgast viel, vielleicht allzuvie
967 3737 2229 3808 Noblesse für den eitlen Kleingeist. Als Dieb in den
975 3781 2227 3863 Stück von Mirbeau spielte Herr Kammauf mi
973 3817 2231 3915 Ueberlegenheit und Liebenswürdigkeit. Als Bestohlene
972 3872 2225 3963 sowohl wie als Kommissär in der letzten Piece wal
957 3929 2224 4005 Herr Stärk, trotz einiger Uebertreibung, von köstliche
960 3972 2237 4062 Drolligkeit. Die Herren Reißner, Stengel, Hold
956 4032 2224 4102 und die Damen Kühnau und Duino sind als son¬
964 4078 2232 4178 stige Mitwirkende an dieser literaschen Veranstaltung
2026 4143 2179 4209 #r ar
944 4136 1715 4204 mit Anerkennung zu nennen. —
1621 4190 1714 4225 cenuneessee
