<?xml version="1.0" encoding="UTF-8" standalone="yes"?>
<PcGts xmlns="http://schema.primaresearch.org/PAGE/gts/pagecontent/2013-07-15" xmlns:xsi="http://www.w3.org/2001/XMLSchema-instance" xsi:schemaLocation="http://schema.primaresearch.org/PAGE/gts/pagecontent/2013-07-15 http://schema.primaresearch.org/PAGE/gts/pagecontent/2013-07-15/pagecontent.xsd">
    <Metadata>
        <Creator>prov=University of Rostock/Institute of Mathematics/CITlab/Gundram Leifert/gundram.leifert@uni-rostock.de:name=ONB_Newseye_GT_M1+(htr_id=10810)::::v=2.4.2
prov=University of Rostock/Institute of Mathematics/CITlab/Tobias Gruening/tobias.gruening@uni-rostock.de:name=de.uros.citlab.module.baseline2polygon.B2PSeamMultiOriented:v=2.4.2
prov=University of Rostock/Institute of Mathematics/CITlab/Tobias Gruening/tobias.gruening@uni-rostock.de:name=/mnt/transkribus/LA/DEA/URO/LA_news_onb_att.pb:de.uros.citlab.segmentation.CITlab_LA_ML:v=2.4.2
Transkribus</Creator>
        <Created>2019-10-07T11:33:28.323+02:00</Created>
        <LastChange>2019-10-08T12:12:14.594+02:00</LastChange>
        <TranskribusMetadata docId="223975" pageId="9500280" pageNr="40" tsid="16561053" status="IN_PROGRESS" userId="40391" imgUrl="https://files.transkribus.eu/Get?id=NSEZGPLKDEGASPUXQDWKOELM&amp;fileType=view" xmlUrl="https://files.transkribus.eu/Get?id=WHUKSVRHEXCPZZGFZPEALOYR" imageId="6190502"/>
    </Metadata>
    <Page imageFilename="223975_0040.jpeg" imageWidth="3436" imageHeight="4224">
        <ReadingOrder>
            <OrderedGroup id="ro_1711449677575" caption="Regions reading order">
                <RegionRefIndexed index="0" regionRef="r1"/>
                <RegionRefIndexed index="1" regionRef="r2"/>
            </OrderedGroup>
        </ReadingOrder>
        <TextRegion orientation="0.0" id="r1" custom="readingOrder {index:0;}">
            <Coords points="0,4045 0,4205 38,4205 38,4045"/>
            <TextLine id="r1l1" custom="readingOrder {index:0;}">
                <Coords points="-15,4163 4,4171 6,4169 14,4171 30,4167 44,4170 55,4127 37,4122 33,4123 25,4113 18,4115 15,4110 0,4104"/>
                <Baseline points="0,4145 38,4155"/>
                <TextEquiv>
                    <Unicode></Unicode>
                </TextEquiv>
            </TextLine>
            <TextEquiv>
                <Unicode></Unicode>
            </TextEquiv>
        </TextRegion>
        <TextRegion orientation="0.0" id="r2" custom="readingOrder {index:1;}">
            <Coords points="288,200 288,3751 2878,3751 2878,200"/>
            <TextLine id="r2l1" custom="readingOrder {index:0;}">
                <Coords points="2090,222 2165,247 2204,225 2218,236 2302,222 2341,237 2422,238 2445,224 2497,243 2524,235 2525,176 2500,164 2445,163 2431,177 2333,166 2311,182 2272,161 2178,182 2091,165"/>
                <Baseline points="2101,220 2126,220 2152,220 2178,221 2204,222 2230,222 2255,223 2281,224 2307,225 2333,225 2359,226 2384,226 2410,226 2436,225 2462,224 2488,223 2514,221"/>
                <TextEquiv>
                    <Unicode>box 21/2</Unicode>
                </TextEquiv>
            </TextLine>
            <TextLine id="r2l2" custom="readingOrder {index:1;}">
                <Coords points="278,260 1912,264 1927,173 1617,167 1529,220 1362,166 278,187"/>
                <Baseline points="288,221 369,228 450,233 532,237 613,241 695,243 776,244 858,245 939,245 1021,245 1102,245 1183,244 1265,243 1346,242 1428,241 1509,240 1591,239 1672,239 1754,239 1835,240 1917,241"/>
                <TextEquiv>
                    <Unicode>16.1. Lebendige Stunden Zuklus</Unicode>
                </TextEquiv>
            </TextLine>
            <TextLine id="r2l3" custom="readingOrder {index:2;}">
                <Coords points="1053,794 1135,827 1337,823 1404,835 1469,832 1471,805 1442,808 1348,764 1209,768 1186,756 1083,775 1054,768"/>
                <Baseline points="1062,813 1088,813 1115,813 1141,814 1168,814 1194,815 1221,816 1247,817 1274,819 1300,819 1327,822 1353,823 1380,825 1406,828 1433,831 1460,834"/>
                <TextEquiv>
                    <Unicode>Telefon 12801.</Unicode>
                </TextEquiv>
            </TextLine>
            <TextLine id="r2l4" custom="readingOrder {index:3;}">
                <Coords points="579,902 1602,958 1892,955 1933,904 580,866"/>
                <Baseline points="590,897 656,899 723,902 789,904 856,907 922,909 989,912 1055,915 1122,917 1188,919 1255,922 1322,924 1388,927 1455,929 1521,930 1588,933 1654,935 1721,936 1787,938 1854,939 1921,940"/>
                <TextEquiv>
                    <Unicode>Alex. Weigl's Unternehmen für Zeitungs-Ausschnitte</Unicode>
                </TextEquiv>
            </TextLine>
            <TextLine id="r2l5" custom="readingOrder {index:4;}">
                <Coords points="1589,987 1606,987 1620,976 1657,994 1699,992 1726,1004 1785,993 1801,999 1801,962 1768,958 1758,948 1730,955 1695,945 1685,955 1658,937 1634,952 1617,948 1589,961"/>
                <Baseline points="1599,993 1626,991 1653,990 1681,988 1708,987 1736,987 1763,989 1791,993"/>
                <TextEquiv>
                    <Unicode>Ausschnitt</Unicode>
                </TextEquiv>
            </TextLine>
            <TextLine id="r2l6" custom="readingOrder {index:5;}">
                <Coords points="909,1046 1425,1081 1580,1031 1717,1093 1914,1096 1919,967 1776,1014 1634,1009 1481,949 1028,944 910,1011"/>
                <Baseline points="919,1044 968,1043 1017,1042 1066,1042 1116,1043 1165,1044 1214,1046 1263,1047 1313,1049 1362,1051 1411,1054 1460,1056 1510,1058 1559,1061 1608,1063 1657,1065 1707,1066 1756,1067 1805,1068 1854,1068 1904,1068"/>
                <TextEquiv>
                    <Unicode>„OBSERVER“ Nr. 47</Unicode>
                </TextEquiv>
            </TextLine>
            <TextLine id="r2l7" custom="readingOrder {index:6;}">
                <Coords points="497,1097 1977,1166 1898,1090 967,1090 500,1040"/>
                <Baseline points="507,1100 580,1102 653,1104 726,1106 799,1109 872,1111 945,1115 1018,1117 1091,1120 1164,1123 1237,1126 1310,1130 1383,1132 1456,1135 1529,1137 1602,1141 1675,1143 1748,1145 1821,1147 1894,1149 1967,1150"/>
                <TextEquiv>
                    <Unicode>I. österr. behördl. conc. Burean für Zeitungsberichte u. Personalnachrichten</Unicode>
                </TextEquiv>
            </TextLine>
            <TextLine id="r2l8" custom="readingOrder {index:7;}">
                <Coords points="698,1201 1796,1241 1790,1163 1661,1190 1360,1148 700,1140"/>
                <Baseline points="708,1182 761,1187 815,1190 869,1193 923,1196 977,1198 1031,1200 1084,1201 1138,1203 1192,1204 1246,1205 1300,1207 1354,1208 1408,1209 1461,1211 1515,1213 1569,1215 1623,1218 1677,1221 1731,1224 1785,1229"/>
                <TextEquiv>
                    <Unicode>Wien. IX, Türkenstrasse 17.</Unicode>
                </TextEquiv>
            </TextLine>
            <TextLine id="r2l9" custom="readingOrder {index:8;}">
                <Coords points="911,1279 1562,1306 1578,1266 1501,1243 1336,1260 1221,1217 1116,1239 1005,1211 912,1234"/>
                <Baseline points="921,1268 953,1268 985,1269 1017,1269 1050,1271 1082,1271 1114,1272 1147,1273 1179,1274 1211,1276 1244,1277 1276,1278 1308,1279 1340,1280 1373,1281 1405,1282 1437,1283 1470,1285 1502,1285 1534,1286 1567,1287"/>
                <TextEquiv>
                    <Unicode> Filiale in Budapest: „Figyelö“-</Unicode>
                </TextEquiv>
            </TextLine>
            <TextLine id="r2l10" custom="readingOrder {index:9;}">
                <Coords points="503,1349 1871,1395 1974,1386 1976,1336 505,1290"/>
                <Baseline points="515,1321 587,1324 659,1327 732,1330 804,1332 877,1335 949,1337 1021,1340 1094,1342 1166,1344 1239,1347 1311,1350 1383,1353 1456,1355 1528,1357 1601,1360 1673,1362 1745,1365 1818,1368 1890,1370 1963,1373"/>
                <TextEquiv>
                    <Unicode>Vertretungen in Berlin, Chicago, Genf, London, Newyork, Paris, Rom, Stockholm.</Unicode>
                </TextEquiv>
            </TextLine>
            <TextLine id="r2l11" custom="readingOrder {index:10;}">
                <Coords points="489,1464 552,1479 768,1463 796,1482 882,1468 924,1490 954,1468 1048,1463 1048,1447 998,1427 918,1425 884,1403 855,1425 664,1400 580,1416 560,1397 490,1420"/>
                <Baseline points="500,1450 526,1450 553,1451 580,1451 607,1452 634,1453 661,1453 687,1455 714,1456 741,1457 768,1457 795,1459 822,1459 849,1461 875,1461 902,1462 929,1463 956,1463 983,1464 1010,1464 1037,1464"/>
                <TextEquiv>
                    <Unicode>Ausschnitt aus:</Unicode>
                </TextEquiv>
            </TextLine>
            <TextLine id="r2l12" custom="readingOrder {index:11;}">
                <Coords points="1041,1452 1981,1499 1983,1448 1541,1410 1387,1429 1256,1391 1043,1403"/>
                <Baseline points="1052,1445 1100,1445 1148,1446 1197,1447 1245,1449 1293,1451 1342,1453 1390,1456 1438,1458 1487,1460 1535,1464 1584,1466 1632,1469 1680,1472 1729,1475 1777,1477 1825,1480 1874,1482 1922,1485 1971,1487"/>
                <TextEquiv>
                    <Unicode>Gtnse amnc Ace</Unicode>
                </TextEquiv>
            </TextLine>
            <TextLine id="r2l13" custom="readingOrder {index:12;}">
                <Coords points="492,1615 581,1624 631,1614 689,1626 691,1573 677,1575 669,1566 663,1572 637,1557 594,1551 579,1537 560,1536 527,1561 494,1556"/>
                <Baseline points="502,1595 527,1594 552,1594 578,1595 603,1596 629,1597 654,1599 680,1601"/>
                <TextEquiv>
                    <Unicode>vom</Unicode>
                </TextEquiv>
            </TextLine>
            <TextLine id="r2l14" custom="readingOrder {index:13;}">
                <Coords points="2265,1726 2312,1733 2322,1729 2328,1735 2336,1729 2347,1737 2361,1728 2379,1734 2377,1557 2342,1553 2330,1558 2320,1552 2304,1564 2295,1560 2273,1577 2263,1577"/>
                <Baseline points="2275,1712 2306,1711 2337,1709 2369,1712"/>
                <TextEquiv>
                    <Unicode>0</Unicode>
                </TextEquiv>
            </TextLine>
            <TextLine id="r2l15" custom="readingOrder {index:14;}">
                <Coords points="731,1746 843,1748 857,1738 898,1747 936,1724 986,1740 1034,1729 1055,1747 1092,1746 1091,1691 1052,1694 988,1664 952,1677 925,1663 848,1683 821,1675 755,1713 730,1714"/>
                <Baseline points="740,1739 766,1734 792,1730 818,1727 845,1724 871,1723 897,1721 924,1721 950,1722 976,1722 1003,1724 1029,1726 1055,1729 1082,1732"/>
                <TextEquiv>
                    <Unicode>—</Unicode>
                </TextEquiv>
            </TextLine>
            <TextLine id="r2l16" custom="readingOrder {index:15;}">
                <Coords points="1673,1778 2848,1763 2864,1690 2550,1733 2132,1696 1672,1745"/>
                <Baseline points="1682,1761 1740,1760 1799,1759 1857,1758 1916,1757 1975,1757 2033,1756 2092,1756 2151,1755 2209,1755 2268,1754 2327,1754 2385,1753 2444,1753 2503,1752 2561,1752 2620,1752 2679,1751 2737,1750 2796,1750 2855,1749"/>
                <TextEquiv>
                    <Unicode>bichterisch wertvoller ist das orirte Schauspiel „Die letzten Masken“ zu</Unicode>
                </TextEquiv>
            </TextLine>
            <TextLine id="r2l17" custom="readingOrder {index:16;}">
                <Coords points="1964,1794 2867,1799 2866,1754 2793,1747 1964,1761"/>
                <Baseline points="1975,1794 2019,1794 2063,1794 2107,1794 2151,1794 2195,1793 2239,1793 2283,1793 2327,1793 2371,1792 2416,1792 2460,1792 2504,1791 2548,1791 2592,1790 2636,1790 2680,1790 2724,1789 2768,1788 2812,1788 2857,1787"/>
                <TextEquiv>
                    <Unicode>Im Wiener Allgemeinen Krankenhause liegt der</Unicode>
                </TextEquiv>
            </TextLine>
            <TextLine id="r2l18" custom="readingOrder {index:17;}">
                <Coords points="1680,1792 1710,1807 1720,1801 1759,1813 1828,1802 1875,1813 1924,1796 1969,1796 1969,1778 1920,1782 1904,1766 1832,1764 1822,1772 1798,1762 1745,1776 1680,1766"/>
                <Baseline points="1689,1795 1716,1796 1743,1797 1770,1798 1797,1798 1824,1798 1851,1797 1878,1797 1905,1796 1932,1796 1959,1796"/>
                <TextEquiv>
                    <Unicode>veranschlagen.</Unicode>
                </TextEquiv>
            </TextLine>
            <TextLine id="r2l19" custom="readingOrder {index:18;}">
                <Coords points="2363,1837 2609,1828 2675,1845 2754,1825 2848,1841 2876,1835 2875,1767 2837,1795 2767,1790 2751,1805 2690,1789 2454,1800 2435,1787 2362,1804"/>
                <Baseline points="2373,1831 2398,1831 2424,1832 2450,1832 2476,1832 2502,1831 2528,1831 2554,1830 2580,1830 2606,1829 2631,1828 2657,1827 2683,1826 2709,1826 2735,1825 2761,1825 2787,1824 2813,1824 2839,1824 2865,1824"/>
                <TextEquiv>
                    <Unicode>Der erenfalls dem Tode</Unicode>
                </TextEquiv>
            </TextLine>
            <TextLine id="r2l20" custom="readingOrder {index:19;}">
                <Coords points="1685,1842 2315,1841 2366,1816 2365,1795 2208,1791 1685,1805"/>
                <Baseline points="1696,1836 1729,1836 1762,1836 1795,1836 1828,1836 1861,1835 1894,1835 1927,1835 1960,1834 1993,1834 2026,1834 2059,1833 2092,1833 2125,1832 2158,1832 2191,1831 2224,1831 2257,1831 2290,1830 2323,1830 2356,1829"/>
                <TextEquiv>
                    <Unicode>Journalist Rademacher im Sterven.</Unicode>
                </TextEquiv>
            </TextLine>
            <TextLine id="r2l21" custom="readingOrder {index:20;}">
                <Coords points="1672,1863 1754,1891 2870,1864 2870,1835 2756,1824 1672,1825"/>
                <Baseline points="1683,1872 1741,1872 1800,1873 1859,1873 1918,1874 1977,1874 2036,1874 2095,1874 2154,1873 2213,1873 2272,1872 2330,1871 2389,1870 2448,1869 2507,1868 2566,1867 2625,1865 2684,1864 2743,1862 2802,1860 2861,1859"/>
                <TextEquiv>
                    <Unicode>* verfallene Schauspieler Jackwerth ist sein Zimm rnachbar. Während</Unicode>
                </TextEquiv>
            </TextLine>
            <TextLine id="r2l22" custom="readingOrder {index:21;}">
                <Coords points="1678,1927 2876,1911 2859,1862 1677,1876"/>
                <Baseline points="1687,1910 1745,1911 1804,1912 1863,1913 1922,1913 1981,1913 2040,1913 2099,1912 2158,1912 2217,1911 2276,1910 2334,1909 2393,1908 2452,1907 2511,1906 2570,1905 2629,1904 2688,1904 2747,1903 2806,1903 2865,1902"/>
                <TextEquiv>
                    <Unicode>der eine weiß, daß sein Eue bevorsteht und mit dem Leben, #</Unicode>
                </TextEquiv>
            </TextLine>
            <TextLine id="r2l23" custom="readingOrder {index:22;}">
                <Coords points="1784,1965 2235,1968 2361,1937 2538,1966 2705,1929 2862,1953 2861,1906 2792,1903 1784,1923"/>
                <Baseline points="1795,1950 1847,1950 1900,1950 1953,1950 2006,1950 2059,1950 2111,1950 2164,1949 2217,1949 2270,1948 2323,1947 2375,1946 2428,1945 2481,1944 2534,1943 2587,1942 2639,1941 2692,1940 2745,1939 2798,1939 2851,1938"/>
                <TextEquiv>
                    <Unicode>ihm so viele Enttänschungen brachte, abrechnen möchte“</Unicode>
                </TextEquiv>
            </TextLine>
            <TextLine id="r2l24" custom="readingOrder {index:23;}">
                <Coords points="1687,1955 1697,1954 1703,1958 1730,1954 1740,1960 1744,1955 1756,1955 1768,1946 1780,1945 1778,1898 1767,1899 1756,1912 1730,1926 1713,1916 1685,1922"/>
                <Baseline points="1696,1954 1733,1952 1770,1950"/>
                <TextEquiv>
                    <Unicode>das</Unicode>
                </TextEquiv>
            </TextLine>
            <TextLine id="r2l25" custom="readingOrder {index:24;}">
                <Coords points="2656,1987 2709,1992 2733,1979 2774,1990 2810,1981 2833,1983 2852,1997 2874,1992 2873,1955 2853,1956 2838,1946 2738,1948 2718,1938 2655,1948"/>
                <Baseline points="2666,1979 2694,1978 2722,1977 2750,1977 2779,1976 2807,1975 2835,1975 2864,1975"/>
                <TextEquiv>
                    <Unicode>simi det</Unicode>
                </TextEquiv>
            </TextLine>
            <TextLine id="r2l26" custom="readingOrder {index:25;}">
                <Coords points="2542,1982 2591,1985 2601,1991 2621,1981 2662,1986 2663,1953 2652,1953 2636,1963 2612,1946 2599,1948 2589,1956 2579,1950 2567,1952 2561,1946 2542,1950"/>
                <Baseline points="2553,1979 2586,1977 2619,1978 2652,1980"/>
                <TextEquiv>
                    <Unicode>und</Unicode>
                </TextEquiv>
            </TextLine>
            <TextLine id="r2l27" custom="readingOrder {index:26;}">
                <Coords points="2360,1986 2370,1986 2380,1996 2405,1996 2423,1985 2447,1985 2466,1994 2488,1986 2506,1998 2512,1991 2523,1991 2522,1936 2511,1936 2497,1951 2479,1947 2469,1954 2426,1950 2416,1955 2377,1951 2359,1956"/>
                <Baseline points="2370,1984 2398,1983 2426,1982 2455,1981 2483,1981 2512,1982"/>
                <TextEquiv>
                    <Unicode>genesen</Unicode>
                </TextEquiv>
            </TextLine>
            <TextLine id="r2l28" custom="readingOrder {index:27;}">
                <Coords points="2034,1986 2066,1982 2093,1997 2135,1988 2168,2002 2186,1985 2233,1982 2264,1996 2274,1987 2337,1986 2336,1949 2290,1956 2271,1946 2239,1959 2080,1949 2062,1963 2033,1962"/>
                <Baseline points="2043,1987 2068,1986 2094,1986 2120,1985 2146,1985 2172,1984 2197,1984 2223,1984 2249,1983 2275,1982 2301,1981 2327,1979"/>
                <TextEquiv>
                    <Unicode> andere für</Unicode>
                </TextEquiv>
            </TextLine>
            <TextLine id="r2l29" custom="readingOrder {index:28;}">
                <Coords points="1929,1989 1976,1991 1986,1999 2000,1999 2009,1993 2019,1993 2025,1987 2039,1987 2040,1957 2029,1957 2025,1961 1999,1957 1995,1961 1989,1954 1980,1958 1974,1952 1964,1952 1946,1966 1929,1966"/>
                <Baseline points="1939,1986 1969,1985 1999,1985 2030,1987"/>
                <TextEquiv>
                    <Unicode>der</Unicode>
                </TextEquiv>
            </TextLine>
            <TextLine id="r2l30" custom="readingOrder {index:29;}">
                <Coords points="1820,2000 1832,2000 1834,1997 1841,2001 1850,1993 1859,1992 1867,2000 1877,1998 1881,2002 1891,1991 1895,1993 1899,1989 1911,1988 1910,1950 1898,1950 1894,1954 1881,1951 1863,1956 1839,1954 1835,1959 1819,1961"/>
                <Baseline points="1829,1989 1865,1985 1902,1986"/>
                <TextEquiv>
                    <Unicode>sich</Unicode>
                </TextEquiv>
            </TextLine>
            <TextLine id="r2l31" custom="readingOrder {index:30;}">
                <Coords points="1677,2017 1693,2013 1707,1998 1721,2005 1730,1997 1751,2004 1758,1995 1784,1987 1778,1947 1742,1958 1734,1955 1709,1957 1698,1952 1688,1964 1681,1959 1669,1961"/>
                <Baseline points="1685,1999 1714,1993 1743,1987 1773,1987"/>
                <TextEquiv>
                    <Unicode>hält</Unicode>
                </TextEquiv>
            </TextLine>
            <TextLine id="r2l32" custom="readingOrder {index:31;}">
                <Coords points="1685,2027 2842,2027 2864,1980 1684,2001"/>
                <Baseline points="1695,2028 1753,2027 1811,2026 1869,2025 1927,2025 1985,2024 2043,2024 2101,2023 2159,2023 2217,2023 2275,2022 2333,2022 2391,2021 2449,2021 2507,2020 2565,2019 2623,2018 2681,2017 2739,2016 2797,2014 2855,2013"/>
                <TextEquiv>
                    <Unicode>die schönsten Pläne für die Zukunft. Dei Arzt macht seinen Abend¬</Unicode>
                </TextEquiv>
            </TextLine>
            <TextLine id="r2l33" custom="readingOrder {index:32;}">
                <Coords points="1044,2043 1545,2049 1559,2046 1558,1989 1464,1979 1436,1998 1043,2015"/>
                <Baseline points="1054,2038 1080,2037 1106,2037 1132,2036 1158,2036 1184,2035 1210,2035 1236,2034 1262,2034 1288,2033 1314,2033 1340,2032 1366,2032 1392,2031 1418,2031 1444,2031 1470,2030 1496,2030 1522,2029 1549,2029"/>
                <TextEquiv>
                    <Unicode> ug berchurd (Geiger).</Unicode>
                </TextEquiv>
            </TextLine>
            <TextLine id="r2l34" custom="readingOrder {index:33;}">
                <Coords points="1693,2070 2801,2066 2858,2055 2858,2020 1692,2034"/>
                <Baseline points="1702,2066 1759,2065 1816,2065 1873,2064 1931,2064 1988,2064 2045,2063 2103,2063 2160,2062 2217,2062 2275,2061 2332,2061 2389,2060 2446,2060 2504,2059 2561,2058 2618,2058 2676,2057 2733,2056 2790,2055 2848,2054"/>
                <TextEquiv>
                    <Unicode>besuch. Nademacher bittet ihn noch flebentlich, ihm noch schrell einen</Unicode>
                </TextEquiv>
            </TextLine>
            <TextLine id="r2l35" custom="readingOrder {index:34;}">
                <Coords points="487,2117 1004,2077 1577,2096 1658,2087 1658,2054 792,2066 724,2030 486,2058"/>
                <Baseline points="497,2091 554,2092 612,2093 669,2093 727,2093 784,2093 842,2092 899,2091 957,2090 1014,2089 1072,2087 1130,2086 1187,2085 1245,2084 1302,2083 1360,2082 1417,2081 1475,2081 1532,2081 1590,2081 1648,2082"/>
                <TextEquiv>
                    <Unicode>#ehn Berlin, 5. Jan Schnitzlers Einakter=Cyklus.</Unicode>
                </TextEquiv>
            </TextLine>
            <TextLine id="r2l36" custom="readingOrder {index:35;}">
                <Coords points="1682,2105 2858,2093 2845,2057 2550,2051 1682,2071"/>
                <Baseline points="1693,2102 1750,2102 1808,2102 1866,2102 1923,2102 1981,2102 2039,2102 2096,2101 2154,2101 2212,2101 2270,2100 2327,2099 2385,2099 2443,2098 2500,2097 2558,2097 2616,2096 2673,2095 2731,2095 2789,2094 2847,2093"/>
                <TextEquiv>
                    <Unicode>heißen Wunsch zu erfüllen: er möchte seinen Jugendkreund, den</Unicode>
                </TextEquiv>
            </TextLine>
            <TextLine id="r2l37" custom="readingOrder {index:36;}">
                <Coords points="497,2142 1671,2131 1670,2082 497,2115"/>
                <Baseline points="508,2131 565,2132 623,2132 680,2132 738,2132 796,2131 853,2131 911,2130 968,2129 1026,2128 1084,2127 1141,2126 1199,2125 1256,2124 1314,2123 1372,2122 1429,2122 1487,2121 1544,2121 1602,2121 1660,2122"/>
                <TextEquiv>
                    <Unicode>Artbur Schnitzler, unstreitig das stärkste Talent der jüng ien</Unicode>
                </TextEquiv>
            </TextLine>
            <TextLine id="r2l38" custom="readingOrder {index:37;}">
                <Coords points="1686,2146 2837,2146 2861,2103 1685,2105"/>
                <Baseline points="1695,2139 1752,2140 1810,2140 1868,2141 1926,2141 1984,2141 2042,2140 2099,2140 2157,2139 2215,2139 2273,2138 2331,2137 2389,2136 2447,2135 2504,2134 2562,2133 2620,2132 2678,2132 2736,2131 2794,2130 2852,2129"/>
                <TextEquiv>
                    <Unicode>Schrif steller Weibgast noch diesen Abenb spechen, da er ihm etwas</Unicode>
                </TextEquiv>
            </TextLine>
            <TextLine id="r2l39" custom="readingOrder {index:38;}">
                <Coords points="493,2188 1671,2175 1670,2130 1613,2122 493,2125"/>
                <Baseline points="504,2171 561,2171 619,2171 677,2171 735,2170 793,2170 850,2169 908,2168 966,2167 1024,2166 1082,2165 1139,2164 1197,2163 1255,2162 1313,2162 1371,2161 1428,2160 1486,2159 1544,2159 1602,2159 1660,2159"/>
                <TextEquiv>
                    <Unicode>Wiener Schule, hät mit seinem nevesten Einakter Quartett „Lebendige</Unicode>
                </TextEquiv>
            </TextLine>
            <TextLine id="r2l40" custom="readingOrder {index:39;}">
                <Coords points="1685,2186 2745,2183 2869,2168 2869,2135 1685,2145"/>
                <Baseline points="1695,2183 1753,2182 1811,2181 1869,2180 1927,2180 1985,2179 2043,2178 2102,2178 2160,2177 2218,2177 2276,2176 2334,2176 2392,2175 2450,2174 2509,2173 2567,2173 2625,2172 2683,2171 2741,2170 2799,2168 2858,2166"/>
                <TextEquiv>
                    <Unicode>sehr Wichti, es mitzuteilen habe. Der Arzt, der mit Weihgast be¬</Unicode>
                </TextEquiv>
            </TextLine>
            <TextLine id="r2l41" custom="readingOrder {index:40;}">
                <Coords points="505,2218 1664,2209 1664,2164 505,2171"/>
                <Baseline points="515,2209 572,2209 629,2209 686,2209 743,2208 800,2208 857,2207 914,2207 971,2206 1028,2206 1085,2205 1142,2204 1199,2204 1256,2203 1313,2202 1370,2201 1427,2201 1484,2200 1541,2199 1598,2198 1655,2197"/>
                <TextEquiv>
                    <Unicode>Stunden“ im Deutschen Theater einen ziemlch gedämpft einsetzenden,</Unicode>
                </TextEquiv>
            </TextLine>
            <TextLine id="r2l42" custom="readingOrder {index:41;}">
                <Coords points="1685,2224 2871,2223 2870,2178 2785,2165 1685,2187"/>
                <Baseline points="1696,2220 1754,2219 1812,2219 1870,2219 1928,2218 1987,2218 2045,2217 2103,2216 2161,2216 2219,2215 2278,2214 2336,2213 2394,2212 2452,2211 2510,2210 2569,2210 2627,2209 2685,2208 2743,2207 2801,2207 2860,2206"/>
                <TextEquiv>
                    <Unicode>freundet ist, verspricht, ihn zu bringen. Der Schauspieler fragt</Unicode>
                </TextEquiv>
            </TextLine>
            <TextLine id="r2l43" custom="readingOrder {index:42;}">
                <Coords points="503,2257 1658,2248 1672,2201 502,2212"/>
                <Baseline points="513,2249 570,2249 628,2249 685,2249 743,2248 800,2248 858,2247 915,2246 973,2245 1030,2245 1088,2244 1145,2243 1203,2242 1260,2241 1318,2240 1375,2239 1433,2238 1490,2238 1548,2237 1605,2236 1663,2235"/>
                <TextEquiv>
                    <Unicode>dann aber stä die st igenben und zu'etzt mächtig anschwellenden Erfolg</Unicode>
                </TextEquiv>
            </TextLine>
            <TextLine id="r2l44" custom="readingOrder {index:43;}">
                <Coords points="1688,2267 2862,2254 2861,2207 1688,2237"/>
                <Baseline points="1699,2257 1756,2257 1814,2256 1871,2256 1929,2256 1987,2255 2044,2254 2102,2254 2160,2253 2217,2252 2275,2251 2333,2251 2390,2250 2448,2249 2506,2248 2563,2248 2621,2247 2679,2247 2736,2246 2794,2246 2852,2246"/>
                <TextEquiv>
                    <Unicode>neugierig, was Rademat#er denn noch so Eiliees zu beichten habe,</Unicode>
                </TextEquiv>
            </TextLine>
            <TextLine id="r2l45" custom="readingOrder {index:44;}">
                <Coords points="505,2301 1672,2276 1671,2244 1586,2237 504,2258"/>
                <Baseline points="515,2285 572,2286 629,2286 687,2286 744,2286 801,2286 859,2285 916,2284 973,2283 1031,2283 1088,2282 1145,2281 1203,2280 1260,2279 1317,2278 1375,2277 1432,2276 1489,2276 1547,2275 1604,2275 1662,2275"/>
                <TextEquiv>
                    <Unicode>erzielt. Die vier Stücke, die ungleich in jeder Hinsicht sind, haben</Unicode>
                </TextEquiv>
            </TextLine>
            <TextLine id="r2l46" custom="readingOrder {index:45;}">
                <Coords points="1691,2300 2871,2302 2840,2248 1691,2263"/>
                <Baseline points="1701,2293 1759,2294 1817,2294 1875,2294 1933,2294 1991,2294 2049,2293 2107,2292 2165,2292 2223,2290 2281,2290 2339,2289 2397,2288 2455,2287 2513,2286 2571,2285 2629,2284 2687,2284 2745,2284 2803,2284 2861,2284"/>
                <TextEquiv>
                    <Unicode>und dieser entgegnet: ir wolle sich vor seinem En##e die Hiennathnung</Unicode>
                </TextEquiv>
            </TextLine>
            <TextLine id="r2l47" custom="readingOrder {index:46;}">
                <Coords points="494,2333 1649,2325 1673,2282 493,2288"/>
                <Baseline points="503,2323 561,2323 619,2323 677,2323 735,2323 793,2323 851,2322 909,2322 967,2321 1025,2320 1083,2320 1141,2319 1199,2318 1257,2317 1315,2316 1373,2315 1431,2314 1489,2313 1547,2312 1605,2310 1663,2309"/>
                <TextEquiv>
                    <Unicode>nur das Eine gemeinsam, daß in sämtlichen Vertreter der Literatur</Unicode>
                </TextEquiv>
            </TextLine>
            <TextLine id="r2l48" custom="readingOrder {index:47;}">
                <Coords points="1688,2333 2798,2337 2867,2293 1687,2296"/>
                <Baseline points="1697,2333 1755,2333 1813,2333 1871,2333 1929,2332 1987,2332 2045,2331 2103,2330 2161,2329 2219,2328 2277,2328 2335,2327 2393,2326 2451,2325 2509,2324 2567,2323 2625,2323 2683,2322 2741,2322 2799,2321 2857,2321"/>
                <TextEquiv>
                    <Unicode>verschaffen, dem ehrmaligen Freunde, der unverdient so große äußerliche</Unicode>
                </TextEquiv>
            </TextLine>
            <TextLine id="r2l49" custom="readingOrder {index:48;}">
                <Coords points="503,2367 1679,2360 1678,2313 503,2339"/>
                <Baseline points="514,2364 571,2363 629,2363 687,2362 745,2361 802,2360 860,2360 918,2359 976,2358 1033,2358 1091,2357 1149,2356 1207,2355 1264,2354 1322,2354 1380,2353 1438,2352 1495,2351 1553,2351 1611,2350 1669,2349"/>
                <TextEquiv>
                    <Unicode>und Kunst die Hauptrollen spielen. Der Gesamttitel „Lebendige</Unicode>
                </TextEquiv>
            </TextLine>
            <TextLine id="r2l50" custom="readingOrder {index:49;}">
                <Coords points="1689,2371 2871,2359 2858,2320 1689,2332"/>
                <Baseline points="1699,2372 1757,2372 1815,2372 1873,2371 1931,2371 1989,2370 2047,2369 2105,2368 2163,2368 2221,2367 2280,2366 2338,2365 2396,2364 2454,2363 2512,2362 2570,2361 2628,2361 2686,2360 2744,2359 2802,2358 2861,2358"/>
                <TextEquiv>
                    <Unicode>Erfolge im Leben davon getragn habe, unverblümt zu sagen, daß er</Unicode>
                </TextEquiv>
            </TextLine>
            <TextLine id="r2l51" custom="readingOrder {index:50;}">
                <Coords points="502,2400 1641,2401 1667,2358 502,2380"/>
                <Baseline points="513,2403 570,2402 627,2401 684,2400 742,2400 799,2399 856,2398 913,2397 971,2397 1028,2396 1085,2395 1142,2395 1200,2394 1257,2394 1314,2393 1371,2392 1429,2391 1486,2391 1543,2390 1600,2389 1658,2388"/>
                <TextEquiv>
                    <Unicode>Stunden“ ist ziemlich willkürlich dem Tiel des ersten Stückbens</Unicode>
                </TextEquiv>
            </TextLine>
            <TextLine id="r2l52" custom="readingOrder {index:51;}">
                <Coords points="1683,2412 2861,2409 2860,2358 2713,2353 1683,2373"/>
                <Baseline points="1694,2412 1751,2411 1809,2410 1867,2409 1925,2409 1983,2408 2040,2407 2098,2407 2156,2406 2214,2405 2272,2405 2329,2404 2387,2403 2445,2402 2503,2401 2561,2400 2618,2398 2676,2397 2734,2395 2792,2393 2850,2391"/>
                <TextEquiv>
                    <Unicode>ihn stets in seiner ganzen Hehlbeit durchschaut habe, ja daß sich sogar</Unicode>
                </TextEquiv>
            </TextLine>
            <TextLine id="r2l53" custom="readingOrder {index:52;}">
                <Coords points="496,2438 1672,2430 1659,2392 496,2411"/>
                <Baseline points="507,2442 564,2441 622,2439 680,2438 738,2437 795,2436 853,2435 911,2434 969,2434 1026,2433 1084,2433 1142,2432 1200,2432 1257,2431 1315,2431 1373,2430 1431,2430 1488,2429 1546,2429 1604,2428 1662,2427"/>
                <TextEquiv>
                    <Unicode>#entlehnt, das diese Ehre umso weniger verdiene, als es das weitaus</Unicode>
                </TextEquiv>
            </TextLine>
            <TextLine id="r2l54" custom="readingOrder {index:53;}">
                <Coords points="1695,2463 2858,2442 2857,2402 2815,2400 1694,2414"/>
                <Baseline points="1704,2449 1761,2448 1818,2447 1875,2447 1932,2446 1990,2445 2047,2444 2104,2444 2161,2443 2218,2442 2276,2441 2333,2440 2390,2439 2447,2439 2504,2438 2562,2437 2619,2436 2676,2436 2733,2435 2790,2434 2848,2433"/>
                <TextEquiv>
                    <Unicode>die eigene Gattin des „großen“ Mannes anzerkelt von ihm ab#ewand.</Unicode>
                </TextEquiv>
            </TextLine>
            <TextLine id="r2l55" custom="readingOrder {index:54;}">
                <Coords points="508,2484 1639,2479 1664,2430 507,2454"/>
                <Baseline points="517,2479 573,2478 630,2478 687,2477 744,2476 801,2475 858,2474 914,2474 971,2473 1028,2472 1085,2471 1142,2471 1199,2470 1256,2469 1312,2469 1369,2468 1426,2468 1483,2467 1540,2467 1597,2467 1654,2467"/>
                <TextEquiv>
                    <Unicode>schwächste unter den vieren ist. Von des Gedankens Blässe ange¬</Unicode>
                </TextEquiv>
            </TextLine>
            <TextLine id="r2l56" custom="readingOrder {index:55;}">
                <Coords points="1686,2486 2860,2480 2841,2438 1686,2452"/>
                <Baseline points="1697,2488 1754,2487 1812,2486 1869,2485 1927,2485 1985,2484 2042,2483 2100,2482 2158,2482 2215,2481 2273,2481 2331,2480 2388,2480 2446,2479 2504,2478 2561,2477 2619,2477 2677,2476 2734,2475 2792,2474 2850,2473"/>
                <TextEquiv>
                    <Unicode>und ihre Liebe dem verkannten, vom Schicksal so alg mitgenommenen</Unicode>
                </TextEquiv>
            </TextLine>
            <TextLine id="r2l57" custom="readingOrder {index:56;}">
                <Coords points="506,2525 1663,2514 1669,2469 506,2490"/>
                <Baseline points="517,2518 574,2516 631,2516 688,2514 745,2513 802,2512 859,2512 916,2511 973,2510 1030,2510 1088,2509 1145,2509 1202,2508 1259,2507 1316,2507 1373,2506 1430,2506 1487,2505 1544,2505 1601,2504 1659,2503"/>
                <TextEquiv>
                    <Unicode>kronkelt, behandelt dieser Auftakt zu den sol, enden, lebensvollen und</Unicode>
                </TextEquiv>
            </TextLine>
            <TextLine id="r2l58" custom="readingOrder {index:57;}">
                <Coords points="1686,2524 2864,2529 2863,2489 2714,2476 1685,2496"/>
                <Baseline points="1697,2527 1754,2526 1812,2526 1870,2525 1928,2524 1986,2524 2043,2523 2101,2522 2159,2521 2217,2520 2275,2519 2332,2518 2390,2518 2448,2517 2506,2516 2564,2515 2621,2514 2679,2513 2737,2512 2795,2511 2853,2510"/>
                <TextEquiv>
                    <Unicode>Journalisten geschenkt habe. Als dann aber Weihgast wirklich kommtg</Unicode>
                </TextEquiv>
            </TextLine>
            <TextLine id="r2l59" custom="readingOrder {index:58;}">
                <Coords points="515,2567 1688,2553 1688,2514 514,2524"/>
                <Baseline points="525,2557 582,2555 640,2554 697,2552 755,2551 813,2550 870,2550 928,2549 986,2548 1043,2548 1101,2547 1159,2547 1216,2546 1274,2545 1332,2545 1389,2544 1447,2544 1505,2543 1562,2542 1620,2541 1678,2540"/>
                <TextEquiv>
                    <Unicode>geistsprühenden Dichtungen die eklügelte Frage, ob das ganze dieh terische</Unicode>
                </TextEquiv>
            </TextLine>
            <TextLine id="r2l60" custom="readingOrder {index:59;}">
                <Coords points="1695,2569 2863,2567 2823,2517 1695,2535"/>
                <Baseline points="1705,2564 1762,2564 1819,2563 1877,2563 1934,2563 1992,2562 2049,2561 2106,2561 2164,2560 2221,2559 2279,2558 2336,2557 2393,2556 2451,2555 2508,2554 2566,2553 2623,2552 2680,2550 2738,2549 2795,2548 2853,2546"/>
                <TextEquiv>
                    <Unicode>und mit seiner boblen Schönrednereiichtssagende Redensarteng</Unicode>
                </TextEquiv>
            </TextLine>
            <TextLine id="r2l61" custom="readingOrder {index:60;}">
                <Coords points="506,2591 1676,2588 1675,2543 506,2558"/>
                <Baseline points="517,2593 574,2593 631,2592 689,2592 746,2591 804,2590 861,2590 918,2589 976,2588 1033,2587 1091,2586 1148,2585 1205,2584 1263,2584 1320,2583 1378,2582 1435,2581 1492,2580 1550,2579 1607,2578 1665,2577"/>
                <TextEquiv>
                    <Unicode>Schaffen des Sohnes auch nur eine „lebendire Stunde“ der Mutter</Unicode>
                </TextEquiv>
            </TextLine>
            <TextLine id="r2l62" custom="readingOrder {index:61;}">
                <Coords points="1694,2606 2864,2598 2863,2543 1694,2565"/>
                <Baseline points="1705,2601 1762,2601 1819,2600 1877,2600 1934,2600 1992,2599 2049,2598 2107,2598 2164,2597 2222,2596 2279,2595 2336,2595 2394,2594 2451,2593 2509,2593 2566,2592 2624,2591 2681,2590 2739,2589 2796,2589 2854,2588"/>
                <TextEquiv>
                    <Unicode>berchselt und innige Freundschaft heuchelt, da bingt es der Sterbende</Unicode>
                </TextEquiv>
            </TextLine>
            <TextLine id="r2l63" custom="readingOrder {index:62;}">
                <Coords points="507,2624 1679,2623 1634,2581 507,2591"/>
                <Baseline points="517,2630 574,2630 632,2630 689,2630 747,2630 805,2629 862,2628 920,2627 977,2626 1035,2625 1093,2624 1150,2623 1208,2622 1265,2621 1323,2620 1381,2620 1438,2619 1496,2619 1553,2618 1611,2618 1669,2619"/>
                <TextEquiv>
                    <Unicode>auf uwieden vermag. Eine unheilbar erkrenkte Mutter hat sich nämlich</Unicode>
                </TextEquiv>
            </TextLine>
            <TextLine id="r2l64" custom="readingOrder {index:63;}">
                <Coords points="1694,2641 2735,2643 2855,2633 2855,2584 1694,2613"/>
                <Baseline points="1704,2639 1761,2639 1818,2639 1875,2639 1932,2638 1989,2638 2046,2637 2103,2636 2160,2635 2217,2634 2274,2633 2331,2632 2388,2631 2445,2630 2502,2629 2559,2628 2616,2628 2673,2627 2730,2626 2787,2626 2845,2626"/>
                <TextEquiv>
                    <Unicode>teils vor Ekel. teils aus Mitleid nicht ferti,, dem Lebenden die letzte</Unicode>
                </TextEquiv>
            </TextLine>
            <TextLine id="r2l65" custom="readingOrder {index:64;}">
                <Coords points="469,2669 1614,2670 1681,2661 1681,2620 468,2624"/>
                <Baseline points="479,2662 538,2664 598,2666 657,2667 717,2667 777,2667 836,2667 896,2667 955,2666 1015,2665 1075,2664 1134,2662 1194,2661 1253,2660 1313,2659 1373,2658 1432,2657 1492,2657 1551,2657 1611,2657 1671,2658"/>
                <TextEquiv>
                    <Unicode>Amik Morphium vergiftet, um ihren Sohn vom Anblick ihrer Leiten</Unicode>
                </TextEquiv>
            </TextLine>
            <TextLine id="r2l66" custom="readingOrder {index:65;}">
                <Coords points="1691,2685 2865,2671 2864,2616 1691,2644"/>
                <Baseline points="1701,2678 1758,2678 1816,2677 1874,2677 1931,2676 1989,2676 2047,2675 2104,2674 2162,2673 2220,2672 2278,2672 2335,2671 2393,2670 2451,2669 2508,2668 2566,2667 2624,2666 2681,2666 2739,2665 2797,2664 2855,2663"/>
                <TextEquiv>
                    <Unicode>Maske vom Gesicht zu reßen, und im Gesühl seinr ganzen Größer</Unicode>
                </TextEquiv>
            </TextLine>
            <TextLine id="r2l67" custom="readingOrder {index:66;}">
                <Coords points="466,2694 1683,2708 1682,2661 1554,2653 466,2666"/>
                <Baseline points="476,2703 535,2704 595,2705 655,2706 715,2706 775,2706 834,2705 894,2704 954,2703 1014,2702 1074,2701 1133,2700 1193,2698 1253,2697 1313,2696 1373,2695 1432,2695 1492,2694 1552,2694 1612,2695 1672,2696"/>
                <TextEquiv>
                    <Unicode>Alzu befreien und ihn seinem Dichterberuf wiederzugeben. Das zweite</Unicode>
                </TextEquiv>
            </TextLine>
            <TextLine id="r2l68" custom="readingOrder {index:67;}">
                <Coords points="1690,2719 2876,2717 2875,2666 2733,2662 1690,2685"/>
                <Baseline points="1700,2715 1758,2715 1816,2715 1874,2715 1933,2714 1991,2714 2049,2713 2108,2712 2166,2712 2224,2711 2283,2710 2341,2709 2399,2708 2457,2707 2516,2705 2574,2705 2632,2704 2691,2703 2749,2702 2807,2702 2866,2701"/>
                <TextEquiv>
                    <Unicode>und Ueberlegenheit nimmt der aufgeblasene Dichter von dem sterbendeng</Unicode>
                </TextEquiv>
            </TextLine>
            <TextLine id="r2l69" custom="readingOrder {index:68;}">
                <Coords points="488,2754 1680,2740 1679,2704 1565,2695 487,2714"/>
                <Baseline points="498,2746 556,2746 615,2745 673,2745 732,2744 791,2743 849,2742 908,2741 966,2740 1025,2739 1084,2738 1142,2737 1201,2736 1259,2735 1318,2734 1377,2734 1435,2733 1494,2733 1552,2733 1611,2733 1670,2733"/>
                <TextEquiv>
                    <Unicode>Schauspiel „Die Frau mit dem Dolche“ wirkt mehr durch virtuose</Unicode>
                </TextEquiv>
            </TextLine>
            <TextLine id="r2l70" custom="readingOrder {index:69;}">
                <Coords points="1688,2770 2870,2749 2869,2710 2802,2705 1687,2723"/>
                <Baseline points="1698,2752 1756,2752 1814,2752 1872,2752 1930,2751 1988,2751 2046,2750 2104,2749 2162,2748 2220,2748 2278,2747 2336,2746 2394,2745 2452,2744 2510,2743 2568,2742 2626,2742 2684,2741 2742,2740 2800,2740 2859,2739"/>
                <TextEquiv>
                    <Unicode>Jugendfreunde Abschied. Es ist eine ung wein seine ptychologischen</Unicode>
                </TextEquiv>
            </TextLine>
            <TextLine id="r2l71" custom="readingOrder {index:70;}">
                <Coords points="498,2790 1457,2789 1663,2778 1685,2739 497,2749"/>
                <Baseline points="507,2785 565,2784 623,2783 682,2783 740,2782 799,2781 857,2780 916,2779 974,2778 1033,2778 1091,2777 1149,2776 1208,2776 1266,2775 1325,2774 1383,2774 1442,2773 1500,2773 1559,2772 1617,2772 1676,2772"/>
                <TextEquiv>
                    <Unicode>Mate und äußerliche Eff kte, als durch innere Vorzüge und echt</Unicode>
                </TextEquiv>
            </TextLine>
            <TextLine id="r2l72" custom="readingOrder {index:71;}">
                <Coords points="1690,2790 2882,2774 2881,2743 2610,2739 1689,2761"/>
                <Baseline points="1699,2793 1757,2793 1816,2792 1874,2791 1933,2791 1992,2790 2050,2789 2109,2788 2167,2787 2226,2786 2285,2785 2343,2784 2402,2783 2460,2782 2519,2782 2578,2781 2636,2780 2695,2780 2753,2780 2812,2780 2871,2780"/>
                <TextEquiv>
                    <Unicode>Studie, die Schnitzler hier im engen Raumen aufrollt, tiefründig</Unicode>
                </TextEquiv>
            </TextLine>
            <TextLine id="r2l73" custom="readingOrder {index:72;}">
                <Coords points="472,2825 1566,2822 1678,2810 1678,2775 472,2794"/>
                <Baseline points="483,2825 542,2823 601,2821 660,2820 720,2819 779,2818 838,2817 897,2817 957,2816 1016,2816 1075,2815 1134,2815 1194,2815 1253,2814 1312,2814 1371,2813 1431,2812 1490,2811 1549,2809 1608,2808 1668,2806"/>
                <TextEquiv>
                    <Unicode>I die terische Eigenschaften. Eine junge, hysterische Frau gibt sich mit</Unicode>
                </TextEquiv>
            </TextLine>
            <TextLine id="r2l74" custom="readingOrder {index:73;}">
                <Coords points="1690,2829 2864,2819 2863,2780 1690,2788"/>
                <Baseline points="1701,2831 1758,2830 1816,2830 1873,2829 1931,2829 1989,2828 2046,2827 2104,2827 2161,2826 2219,2825 2277,2824 2334,2823 2392,2822 2449,2821 2507,2820 2565,2820 2622,2819 2680,2818 2737,2817 2795,2816 2853,2815"/>
                <TextEquiv>
                    <Unicode>un lebenswahr, voll bieterer Satire und nicht ohme weitere Ausblickes</Unicode>
                </TextEquiv>
            </TextLine>
            <TextLine id="r2l75" custom="readingOrder {index:74;}">
                <Coords points="463,2868 1657,2855 1677,2812 463,2833"/>
                <Baseline points="473,2862 532,2861 592,2859 652,2858 712,2857 771,2856 831,2855 891,2854 951,2853 1010,2853 1070,2852 1130,2852 1190,2852 1249,2851 1309,2851 1369,2850 1429,2850 1488,2849 1548,2849 1608,2848 1668,2847"/>
                <TextEquiv>
                    <Unicode>hibem Liebhaber ein Stelldichein in einem Bildermuseum vor</Unicode>
                </TextEquiv>
            </TextLine>
            <TextLine id="r2l76" custom="readingOrder {index:75;}">
                <Coords points="1691,2871 2781,2871 2866,2845 2866,2806 1691,2832"/>
                <Baseline points="1702,2871 1759,2870 1817,2869 1875,2867 1932,2867 1990,2866 2048,2865 2105,2864 2163,2863 2221,2862 2279,2862 2336,2861 2394,2860 2452,2859 2509,2858 2567,2858 2625,2857 2682,2856 2740,2855 2798,2854 2856,2853"/>
                <TextEquiv>
                    <Unicode>auf die Ni#tigkeit alls Indischen im Agsichte des Tudes</Unicode>
                </TextEquiv>
            </TextLine>
            <TextLine id="r2l77" custom="readingOrder {index:76;}">
                <Coords points="466,2916 1681,2887 1588,2849 466,2871"/>
                <Baseline points="477,2901 536,2899 596,2898 655,2897 715,2895 775,2894 834,2893 894,2892 954,2891 1013,2891 1073,2890 1133,2889 1192,2889 1252,2888 1312,2888 1371,2887 1431,2887 1491,2886 1550,2886 1610,2885 1670,2885"/>
                <TextEquiv>
                    <Unicode>weirem ital enischen Gemälde aus dem 15. Jahrhundert. Die hier mit</Unicode>
                </TextEquiv>
            </TextLine>
            <TextLine id="r2l78" custom="readingOrder {index:77;}">
                <Coords points="1684,2912 2860,2889 2845,2851 1684,2875"/>
                <Baseline points="1695,2911 1752,2908 1810,2907 1868,2905 1925,2904 1983,2903 2041,2903 2098,2902 2156,2902 2214,2902 2272,2901 2329,2901 2387,2901 2445,2900 2502,2899 2560,2898 2618,2897 2675,2895 2733,2893 2791,2890 2849,2887"/>
                <TextEquiv>
                    <Unicode>Pund der Ewigkeit. Den Vogel aber hat der Verfosser mit dem vierter</Unicode>
                </TextEquiv>
            </TextLine>
            <TextLine id="r2l79" custom="readingOrder {index:78;}">
                <Coords points="454,2947 1677,2937 1676,2894 1444,2879 454,2924"/>
                <Baseline points="464,2941 524,2939 584,2937 644,2935 704,2933 764,2932 824,2931 885,2930 945,2929 1005,2928 1065,2928 1125,2927 1185,2927 1245,2927 1306,2926 1366,2926 1426,2925 1486,2925 1546,2924 1606,2923 1667,2922"/>
                <TextEquiv>
                    <Unicode>d dem Dolche dargestellte Frau hat eine frappante Achnlichkeit mit ihr,</Unicode>
                </TextEquiv>
            </TextLine>
            <TextLine id="r2l80" custom="readingOrder {index:79;}">
                <Coords points="2528,2938 2563,2949 2733,2926 2756,2944 2787,2933 2836,2942 2856,2931 2855,2900 2779,2896 2743,2907 2578,2893 2527,2915"/>
                <Baseline points="2539,2937 2564,2936 2590,2935 2615,2935 2641,2934 2666,2933 2692,2932 2717,2932 2743,2931 2768,2931 2794,2930 2819,2929 2845,2928"/>
                <TextEquiv>
                    <Unicode>bescheiben einer</Unicode>
                </TextEquiv>
            </TextLine>
            <TextLine id="r2l81" custom="readingOrder {index:80;}">
                <Coords points="2336,2942 2351,2942 2355,2937 2365,2943 2395,2942 2399,2938 2416,2942 2426,2933 2446,2937 2445,2904 2435,2905 2429,2899 2421,2899 2405,2908 2382,2908 2368,2900 2362,2907 2335,2909"/>
                <Baseline points="2347,2937 2377,2934 2407,2933 2437,2935"/>
                <TextEquiv>
                    <Unicode>bas</Unicode>
                </TextEquiv>
            </TextLine>
            <TextLine id="r2l82" custom="readingOrder {index:81;}">
                <Coords points="1691,2949 2315,2947 2314,2910 2265,2905 2123,2906 2070,2926 2006,2904 1939,2927 1849,2906 1691,2916"/>
                <Baseline points="1701,2944 1731,2945 1761,2945 1791,2945 1821,2945 1852,2945 1882,2945 1912,2945 1942,2945 1972,2944 2003,2944 2033,2943 2063,2943 2093,2942 2123,2942 2154,2941 2184,2940 2214,2939 2244,2939 2274,2938 2305,2937"/>
                <TextEquiv>
                    <Unicode>und letzten Stück abg schossen,</Unicode>
                </TextEquiv>
            </TextLine>
            <TextLine id="r2l83" custom="readingOrder {index:82;}">
                <Coords points="477,2991 1679,2965 1678,2931 1609,2924 476,2946"/>
                <Baseline points="487,2977 546,2976 605,2975 664,2974 723,2973 782,2972 841,2971 900,2970 959,2970 1018,2969 1078,2968 1137,2967 1196,2967 1255,2966 1314,2965 1373,2964 1432,2964 1491,2963 1550,2963 1609,2962 1669,2962"/>
                <TextEquiv>
                    <Unicode>&amp; und je länger sie diese Frau betrachtet, desto bestemuter wird ihre</Unicode>
                </TextEquiv>
            </TextLine>
            <TextLine id="r2l84" custom="readingOrder {index:83;}">
                <Coords points="1693,2996 2740,2987 2860,2965 2860,2935 1692,2951"/>
                <Baseline points="1704,2985 1761,2984 1818,2983 1875,2981 1933,2980 1990,2980 2047,2979 2105,2978 2162,2978 2219,2977 2277,2976 2334,2975 2391,2975 2448,2974 2506,2973 2563,2972 2620,2971 2678,2970 2735,2968 2792,2966 2850,2965"/>
                <TextEquiv>
                    <Unicode>Schwank „Litteratur“ nennt und thatsächlich eine mit glänzenden!</Unicode>
                </TextEquiv>
            </TextLine>
            <TextLine id="r2l85" custom="readingOrder {index:84;}">
                <Coords points="513,3015 1685,3010 1666,2964 513,2980"/>
                <Baseline points="524,3015 581,3014 639,3013 696,3012 754,3011 811,3011 869,3010 926,3009 984,3007 1041,3007 1099,3006 1156,3005 1214,3004 1271,3003 1329,3002 1386,3002 1444,3001 1501,3001 1559,3000 1616,3000 1674,3000"/>
                <TextEquiv>
                    <Unicode>Ueberzeugung, daß sie die hier im Bilde dargestellte Seene vor langer,</Unicode>
                </TextEquiv>
            </TextLine>
            <TextLine id="r2l86" custom="readingOrder {index:85;}">
                <Coords points="1684,3025 2866,3007 2865,2967 1684,3005"/>
                <Baseline points="1695,3020 1753,3021 1811,3021 1869,3021 1927,3020 1985,3020 2043,3019 2101,3019 2159,3018 2217,3017 2275,3016 2333,3015 2391,3014 2449,3013 2507,3012 2565,3010 2623,3009 2681,3008 2739,3007 2797,3006 2855,3005"/>
                <TextEquiv>
                    <Unicode>Witz, überiegenem Geist und funkelnder Laune gestriebene</Unicode>
                </TextEquiv>
            </TextLine>
            <TextLine id="r2l87" custom="readingOrder {index:86;}">
                <Coords points="514,3055 1678,3053 1677,3006 1569,3002 514,3014"/>
                <Baseline points="524,3052 581,3051 638,3050 695,3049 752,3048 809,3047 866,3046 924,3045 981,3045 1038,3044 1095,3044 1152,3043 1209,3042 1266,3042 1324,3041 1381,3041 1438,3040 1495,3040 1552,3039 1609,3039 1667,3038"/>
                <TextEquiv>
                    <Unicode>langer Zeit selbst erlebt hat, und zwar mit demselben jungen Manne,</Unicode>
                </TextEquiv>
            </TextLine>
            <TextLine id="r2l88" custom="readingOrder {index:87;}">
                <Coords points="1690,3058 2866,3054 2865,3008 1690,3019"/>
                <Baseline points="1701,3058 1758,3059 1816,3059 1874,3060 1932,3059 1989,3059 2047,3058 2105,3057 2163,3056 2220,3055 2278,3053 2336,3051 2394,3050 2451,3049 2509,3048 2567,3047 2625,3046 2682,3046 2740,3046 2798,3047 2856,3048"/>
                <TextEquiv>
                    <Unicode>Satire auf jene Kaff ehausliteraten ist, die, an eigener</Unicode>
                </TextEquiv>
            </TextLine>
            <TextLine id="r2l89" custom="readingOrder {index:88;}">
                <Coords points="501,3092 1675,3089 1674,3050 1534,3035 501,3045"/>
                <Baseline points="511,3089 568,3089 626,3088 683,3087 741,3087 799,3086 856,3085 914,3084 972,3083 1029,3083 1087,3082 1145,3081 1202,3080 1260,3080 1318,3079 1375,3079 1433,3078 1491,3078 1548,3078 1606,3078 1664,3078"/>
                <TextEquiv>
                    <Unicode>der ihr jetzt zur Seite sitzt Die Bühne verdunkelt sich piötzlich, der</Unicode>
                </TextEquiv>
            </TextLine>
            <TextLine id="r2l90" custom="readingOrder {index:89;}">
                <Coords points="1992,3103 2558,3105 2599,3078 2862,3097 2861,3054 2586,3035 2472,3060 1991,3062"/>
                <Baseline points="2002,3096 2044,3096 2087,3095 2129,3094 2172,3093 2214,3093 2257,3092 2299,3091 2342,3090 2384,3089 2427,3089 2469,3088 2512,3087 2554,3086 2597,3085 2639,3084 2682,3084 2724,3083 2767,3082 2809,3082 2852,3081"/>
                <TextEquiv>
                    <Unicode>aim, ihre kleinen Erlebnisse zu langen</Unicode>
                </TextEquiv>
            </TextLine>
            <TextLine id="r2l91" custom="readingOrder {index:90;}">
                <Coords points="1696,3096 1741,3102 1749,3110 1785,3102 1847,3108 1861,3098 1930,3109 1930,3070 1902,3064 1875,3070 1853,3053 1843,3062 1816,3057 1802,3070 1696,3061"/>
                <Baseline points="1705,3098 1731,3098 1758,3097 1785,3097 1812,3097 1838,3097 1865,3097 1892,3098 1919,3099"/>
                <TextEquiv>
                    <Unicode>Gedanken z</Unicode>
                </TextEquiv>
            </TextLine>
            <TextLine id="r2l92" custom="readingOrder {index:91;}">
                <Coords points="501,3146 1679,3124 1611,3070 501,3091"/>
                <Baseline points="511,3130 568,3128 626,3126 684,3125 742,3124 800,3123 858,3122 916,3121 974,3121 1032,3120 1090,3120 1147,3119 1205,3119 1263,3118 1321,3118 1379,3117 1437,3116 1495,3115 1553,3114 1611,3113 1669,3111"/>
                <TextEquiv>
                    <Unicode>Vorhane fällt und als er sich nach einiden Augenblicken wieder hebt, sehen</Unicode>
                </TextEquiv>
            </TextLine>
            <TextLine id="r2l93" custom="readingOrder {index:92;}">
                <Coords points="1686,3141 2377,3114 2473,3143 2574,3111 2868,3144 2867,3077 1686,3096"/>
                <Baseline points="1697,3137 1755,3137 1813,3137 1871,3136 1929,3135 1987,3134 2045,3134 2103,3133 2161,3131 2219,3131 2277,3129 2335,3128 2393,3127 2451,3126 2509,3125 2567,3124 2625,3122 2683,3121 2741,3120 2799,3119 2858,3118"/>
                <TextEquiv>
                    <Unicode>Romanen auszumürzn such n. Sie entblößen sich und ihre</Unicode>
                </TextEquiv>
            </TextLine>
            <TextLine id="r2l94" custom="readingOrder {index:93;}">
                <Coords points="506,3156 1578,3166 1684,3128 506,3137"/>
                <Baseline points="517,3166 574,3165 632,3164 690,3163 748,3162 806,3161 864,3160 921,3159 979,3159 1037,3158 1095,3157 1153,3156 1211,3156 1269,3155 1326,3154 1384,3154 1442,3153 1500,3152 1558,3152 1616,3151 1674,3150"/>
                <TextEquiv>
                    <Unicode>wir duselbe Frau mit dem junden Manne in der Tracht der Renaissange¬</Unicode>
                </TextEquiv>
            </TextLine>
            <TextLine id="r2l95" custom="readingOrder {index:94;}">
                <Coords points="1694,3177 2875,3162 2874,3123 2669,3115 1693,3136"/>
                <Baseline points="1703,3179 1761,3178 1819,3177 1877,3176 1935,3174 1993,3173 2051,3172 2109,3171 2167,3170 2225,3169 2284,3168 2342,3167 2400,3166 2458,3165 2516,3164 2574,3163 2632,3162 2690,3161 2748,3160 2806,3159 2865,3158"/>
                <TextEquiv>
                    <Unicode>„stilisie#ten“ Leiden und Freud.n ohne Bedenken vor dei Welt, nur un ##</Unicode>
                </TextEquiv>
            </TextLine>
            <TextLine id="r2l96" custom="readingOrder {index:95;}">
                <Coords points="488,3231 601,3192 1688,3215 1668,3150 487,3157"/>
                <Baseline points="497,3211 556,3208 615,3205 674,3203 733,3202 792,3200 851,3199 910,3198 969,3198 1028,3197 1087,3197 1146,3196 1205,3196 1264,3195 1323,3195 1382,3194 1441,3193 1500,3193 1559,3191 1618,3189 1677,3188"/>
                <TextEquiv>
                    <Unicode>zeit vor uns. Auf einer Stafselei steht das halb vollendete Bild</Unicode>
                </TextEquiv>
            </TextLine>
            <TextLine id="r2l97" custom="readingOrder {index:96;}">
                <Coords points="1689,3230 2866,3200 2865,3161 1688,3179"/>
                <Baseline points="1699,3215 1756,3215 1814,3214 1872,3213 1930,3212 1988,3211 2046,3210 2103,3209 2161,3208 2219,3207 2277,3206 2335,3205 2393,3204 2451,3203 2508,3202 2566,3201 2624,3200 2682,3199 2740,3198 2798,3198 2856,3197"/>
                <TextEquiv>
                    <Unicode>sich einmal gebruckt zu sehen Sie eißelt Shnitzler in zieser über¬</Unicode>
                </TextEquiv>
            </TextLine>
            <TextLine id="r2l98" custom="readingOrder {index:97;}">
                <Coords points="510,3246 1678,3238 1677,3187 510,3217"/>
                <Baseline points="521,3245 578,3242 635,3241 692,3239 750,3238 807,3237 864,3236 922,3235 979,3234 1036,3234 1094,3233 1151,3233 1208,3233 1265,3232 1323,3232 1380,3231 1437,3231 1495,3230 1552,3230 1609,3228 1667,3227"/>
                <TextEquiv>
                    <Unicode>der Frau mit dem Dolche, von dem Gatten gemalt Dieser kihrt von</Unicode>
                </TextEquiv>
            </TextLine>
            <TextLine id="r2l99" custom="readingOrder {index:98;}">
                <Coords points="1689,3249 2867,3230 2866,3199 1689,3211"/>
                <Baseline points="1699,3250 1756,3251 1814,3251 1872,3251 1930,3251 1988,3250 2046,3250 2104,3249 2162,3248 2220,3246 2278,3245 2335,3244 2393,3243 2451,3241 2509,3240 2567,3239 2625,3238 2683,3238 2741,3238 2799,3238 2857,3238"/>
                <TextEquiv>
                    <Unicode>mütigen Komödie, die zu den Lustigsten und Unterhaltendstn geböt,</Unicode>
                </TextEquiv>
            </TextLine>
            <TextLine id="r2l100" custom="readingOrder {index:99;}">
                <Coords points="498,3291 1655,3275 1673,3234 497,3250"/>
                <Baseline points="508,3282 565,3280 623,3278 681,3277 738,3276 796,3275 854,3274 911,3273 969,3273 1027,3272 1085,3272 1142,3272 1200,3271 1258,3271 1315,3270 1373,3270 1431,3269 1488,3268 1546,3267 1604,3266 1662,3264"/>
                <TextEquiv>
                    <Unicode>einer Reise nach Florenz heim, die Frau gesteht ihm, daß sie ion während</Unicode>
                </TextEquiv>
            </TextLine>
            <TextLine id="r2l101" custom="readingOrder {index:100;}">
                <Coords points="1690,3299 2876,3262 2875,3227 1690,3254"/>
                <Baseline points="1701,3292 1759,3291 1817,3291 1875,3290 1933,3289 1992,3288 2050,3287 2108,3286 2166,3285 2224,3284 2283,3283 2341,3282 2399,3281 2457,3281 2515,3280 2574,3279 2632,3278 2690,3277 2748,3276 2806,3275 2865,3273"/>
                <TextEquiv>
                    <Unicode>was man seit lange auf der deutschen Bühne gesehen hat. Der</Unicode>
                </TextEquiv>
            </TextLine>
            <TextLine id="r2l102" custom="readingOrder {index:101;}">
                <Coords points="500,3319 1678,3319 1677,3270 1476,3262 500,3291"/>
                <Baseline points="510,3318 567,3317 625,3316 683,3315 741,3315 799,3314 857,3313 915,3313 973,3312 1031,3312 1089,3311 1146,3311 1204,3310 1262,3309 1320,3309 1378,3308 1436,3307 1494,3305 1552,3304 1610,3303 1668,3301"/>
                <TextEquiv>
                    <Unicode>Kiner Abwesenheit betrogen habe, und ersticht vor seinen Auxen ih en</Unicode>
                </TextEquiv>
            </TextLine>
            <TextLine id="r2l103" custom="readingOrder {index:102;}">
                <Coords points="1698,3339 2880,3303 2865,3275 1697,3294"/>
                <Baseline points="1708,3330 1766,3329 1824,3329 1882,3328 1940,3327 1998,3327 2056,3326 2114,3325 2172,3324 2230,3323 2288,3322 2346,3321 2404,3319 2462,3318 2520,3317 2578,3316 2636,3314 2694,3313 2752,3312 2810,3310 2869,3309"/>
                <TextEquiv>
                    <Unicode>linterarische Feinschmecker kommt hier auf seine Rechnung wie der naive</Unicode>
                </TextEquiv>
            </TextLine>
            <TextLine id="r2l104" custom="readingOrder {index:103;}">
                <Coords points="503,3363 1666,3358 1684,3306 502,3319"/>
                <Baseline points="513,3359 571,3357 629,3356 687,3354 745,3353 803,3353 861,3352 919,3351 977,3350 1035,3349 1093,3349 1151,3348 1209,3348 1267,3347 1325,3346 1383,3345 1441,3345 1499,3344 1557,3343 1615,3342 1674,3340"/>
                <TextEquiv>
                    <Unicode>Verführer mit dem Delche. Der Gatte, der nur Künnler ist, er reift</Unicode>
                </TextEquiv>
            </TextLine>
            <TextLine id="r2l105" custom="readingOrder {index:104;}">
                <Coords points="1687,3381 2876,3367 2875,3306 1685,3326"/>
                <Baseline points="1697,3369 1755,3369 1813,3368 1872,3367 1930,3366 1989,3366 2047,3365 2105,3363 2164,3362 2222,3361 2281,3360 2339,3359 2397,3357 2456,3356 2514,3355 2573,3354 2631,3352 2689,3351 2748,3350 2806,3350 2865,3349"/>
                <TextEquiv>
                    <Unicode>Zuschauer, der nur lachen will. Die Handlung ist hier Nebensoche, die</Unicode>
                </TextEquiv>
            </TextLine>
            <TextLine id="r2l106" custom="readingOrder {index:105;}">
                <Coords points="513,3396 1681,3381 1680,3352 1566,3346 513,3366"/>
                <Baseline points="523,3396 580,3395 637,3393 695,3392 752,3391 809,3390 867,3389 924,3389 981,3388 1039,3388 1096,3387 1153,3386 1211,3386 1268,3385 1325,3385 1383,3384 1440,3383 1497,3382 1555,3381 1612,3380 1670,3378"/>
                <TextEquiv>
                    <Unicode>söfort den Peu##t und die Palette, um sein We k nach den eben ge¬</Unicode>
                </TextEquiv>
            </TextLine>
            <TextLine id="r2l107" custom="readingOrder {index:106;}">
                <Coords points="1693,3407 2867,3399 2866,3356 2813,3353 1693,3373"/>
                <Baseline points="1703,3403 1760,3404 1818,3404 1875,3404 1933,3404 1991,3404 2048,3403 2106,3402 2164,3401 2221,3400 2279,3399 2337,3397 2394,3396 2452,3394 2510,3393 2567,3392 2625,3390 2683,3389 2740,3388 2798,3387 2856,3386"/>
                <TextEquiv>
                    <Unicode>Bebandlung alles: die prächtige Zeich ung der drei Personen, des</Unicode>
                </TextEquiv>
            </TextLine>
            <TextLine id="r2l108" custom="readingOrder {index:107;}">
                <Coords points="517,3440 1673,3433 1658,3380 517,3403"/>
                <Baseline points="527,3431 583,3431 640,3431 697,3430 754,3430 810,3429 867,3429 924,3428 981,3428 1037,3427 1094,3426 1151,3425 1208,3425 1264,3424 1321,3423 1378,3422 1435,3422 1491,3421 1548,3421 1605,3420 1662,3420"/>
                <TextEquiv>
                    <Unicode>wonnenen bntigen Eindrücken zu vollenden. Die Frau wendet sich</Unicode>
                </TextEquiv>
            </TextLine>
            <TextLine id="r2l109" custom="readingOrder {index:108;}">
                <Coords points="1687,3437 2873,3430 2872,3381 1687,3407"/>
                <Baseline points="1697,3443 1755,3443 1813,3443 1872,3442 1930,3442 1988,3441 2047,3440 2105,3439 2163,3438 2222,3437 2280,3436 2338,3435 2397,3434 2455,3433 2513,3431 2572,3430 2630,3430 2688,3429 2747,3428 2805,3427 2864,3427"/>
                <TextEquiv>
                    <Unicode>kurstfremden, am liebsten Stollluft atmenden Barons, der schrift¬</Unicode>
                </TextEquiv>
            </TextLine>
            <TextLine id="r2l110" custom="readingOrder {index:109;}">
                <Coords points="503,3470 1644,3469 1670,3428 503,3447"/>
                <Baseline points="513,3471 570,3470 627,3470 685,3469 742,3468 800,3468 857,3467 914,3467 972,3466 1029,3465 1087,3464 1144,3464 1201,3463 1259,3462 1316,3461 1374,3461 1431,3460 1488,3459 1546,3458 1603,3457 1661,3455"/>
                <TextEquiv>
                    <Unicode>mit Brrachtung von im, die Bühne verbunkeli sich abermals und</Unicode>
                </TextEquiv>
            </TextLine>
            <TextLine id="r2l111" custom="readingOrder {index:110;}">
                <Coords points="1697,3488 2869,3484 2886,3428 1696,3449"/>
                <Baseline points="1707,3477 1765,3479 1824,3479 1882,3480 1941,3479 1999,3479 2058,3478 2116,3477 2175,3476 2233,3474 2292,3472 2350,3471 2409,3469 2467,3468 2526,3466 2584,3465 2643,3464 2701,3464 2760,3464 2818,3464 2877,3465"/>
                <TextEquiv>
                    <Unicode>st llernden Frau mit der Vergangenheit, die sich eine ehrbare Zukunft #</Unicode>
                </TextEquiv>
            </TextLine>
            <TextLine id="r2l112" custom="readingOrder {index:111;}">
                <Coords points="512,3507 1588,3512 1677,3498 1677,3458 511,3473"/>
                <Baseline points="521,3508 578,3507 635,3506 692,3506 750,3505 807,3505 864,3504 922,3504 979,3504 1036,3503 1094,3503 1151,3503 1208,3502 1265,3501 1323,3501 1380,3500 1437,3499 1495,3497 1552,3496 1609,3494 1667,3492"/>
                <TextEquiv>
                    <Unicode>wir werden in das Museum zurückversetze, wo die aus ihrem Traume</Unicode>
                </TextEquiv>
            </TextLine>
            <TextLine id="r2l113" custom="readingOrder {index:112;}">
                <Coords points="1687,3534 2889,3495 2866,3451 1687,3495"/>
                <Baseline points="1697,3521 1756,3519 1815,3517 1874,3516 1933,3514 1992,3513 2051,3512 2110,3510 2169,3509 2228,3507 2287,3506 2346,3505 2405,3504 2464,3503 2523,3503 2582,3502 2641,3502 2700,3502 2759,3502 2818,3502 2878,3502"/>
                <TextEquiv>
                    <Unicode>schaffen will und des litterarischen Zigenners, der das Leben in vollen?</Unicode>
                </TextEquiv>
            </TextLine>
            <TextLine id="r2l114" custom="readingOrder {index:113;}">
                <Coords points="505,3548 1677,3548 1676,3497 505,3505"/>
                <Baseline points="515,3545 572,3545 630,3544 687,3543 745,3542 803,3542 860,3541 918,3541 975,3540 1033,3540 1091,3540 1148,3539 1206,3538 1263,3538 1321,3537 1379,3536 1436,3536 1494,3535 1551,3533 1609,3533 1667,3531"/>
                <TextEquiv>
                    <Unicode>erwachende Frau dem Liebhaber das lan#e verweigerte Versprechen gibi,</Unicode>
                </TextEquiv>
            </TextLine>
            <TextLine id="r2l115" custom="readingOrder {index:114;}">
                <Coords points="1688,3564 2866,3537 2865,3497 1688,3533"/>
                <Baseline points="1699,3557 1756,3555 1814,3554 1872,3553 1930,3552 1988,3551 2045,3550 2103,3549 2161,3548 2219,3547 2277,3546 2334,3545 2392,3544 2450,3543 2508,3543 2566,3542 2623,3541 2681,3540 2739,3540 2797,3539 2855,3538"/>
                <TextEquiv>
                    <Unicode>Zügen genießen will, dazu der vollgefüllt= Sack geistreicher Literatur¬</Unicode>
                </TextEquiv>
            </TextLine>
            <TextLine id="r2l116" custom="readingOrder {index:115;}">
                <Coords points="510,3600 1616,3585 1675,3574 1675,3539 509,3553"/>
                <Baseline points="520,3582 577,3582 634,3581 691,3581 748,3580 806,3580 863,3579 920,3579 977,3578 1034,3578 1092,3577 1149,3577 1206,3576 1263,3575 1320,3575 1378,3574 1435,3574 1492,3573 1549,3572 1606,3572 1664,3571"/>
                <TextEquiv>
                    <Unicode>ihn abends beluchen zu woll n. Man weiß nicht recht, was man aus dies m</Unicode>
                </TextEquiv>
            </TextLine>
            <TextLine id="r2l117" custom="readingOrder {index:116;}">
                <Coords points="1689,3593 2887,3580 2886,3535 1689,3565"/>
                <Baseline points="1699,3592 1757,3593 1816,3594 1875,3595 1934,3594 1993,3594 2052,3593 2111,3592 2170,3590 2229,3589 2288,3587 2346,3585 2405,3584 2464,3582 2523,3581 2582,3580 2641,3579 2700,3579 2759,3580 2818,3580 2877,3582"/>
                <TextEquiv>
                    <Unicode>bosheiten. Alles in allem; ein sehr glücklicher Abend, der für viele</Unicode>
                </TextEquiv>
            </TextLine>
            <TextLine id="r2l118" custom="readingOrder {index:117;}">
                <Coords points="512,3621 1677,3621 1677,3574 511,3588"/>
                <Baseline points="522,3620 579,3620 636,3619 693,3618 751,3618 808,3617 865,3616 922,3616 980,3615 1037,3614 1094,3614 1151,3613 1209,3612 1266,3612 1323,3611 1380,3610 1438,3610 1495,3609 1552,3608 1609,3607 1667,3607"/>
                <TextEquiv>
                    <Unicode>merkwürdigen Capriecio machen soll. Ist es eine neue Variation auf</Unicode>
                </TextEquiv>
            </TextLine>
            <TextLine id="r2l119" custom="readingOrder {index:118;}">
                <Coords points="1698,3646 1776,3659 1887,3629 1951,3653 2138,3632 2185,3654 2334,3633 2446,3650 2487,3642 2486,3591 1697,3601"/>
                <Baseline points="1707,3630 1745,3630 1783,3630 1822,3630 1860,3630 1899,3630 1937,3630 1976,3630 2014,3629 2053,3629 2091,3629 2129,3628 2168,3627 2206,3627 2245,3626 2283,3625 2322,3624 2360,3623 2399,3622 2437,3621 2476,3620"/>
                <TextEquiv>
                    <Unicode>Fehlschläge dieses Winters entschädigen konnte!</Unicode>
                </TextEquiv>
            </TextLine>
            <TextLine id="r2l120" custom="readingOrder {index:119;}">
                <Coords points="505,3660 1684,3662 1688,3617 504,3634"/>
                <Baseline points="515,3658 573,3657 631,3656 689,3655 747,3654 806,3653 864,3653 922,3652 980,3651 1038,3651 1097,3650 1155,3649 1213,3649 1271,3648 1329,3648 1388,3647 1446,3647 1504,3646 1562,3646 1620,3645 1679,3645"/>
                <TextEquiv>
                    <Unicode>das Thema den der S#elenwanserung? Oder von der sich durch die</Unicode>
                </TextEquiv>
            </TextLine>
            <TextLine id="r2l121" custom="readingOrder {index:120;}">
                <Coords points="510,3689 1563,3703 1659,3694 1685,3653 510,3663"/>
                <Baseline points="521,3699 578,3697 636,3696 694,3695 752,3694 809,3693 867,3692 925,3691 983,3691 1040,3690 1098,3690 1156,3689 1214,3689 1271,3688 1329,3688 1387,3688 1445,3687 1502,3687 1560,3687 1618,3686 1676,3686"/>
                <TextEquiv>
                    <Unicode>Jahrhunderte gescinangen Lust am Betrügen des Ewig=Weiblichen?</Unicode>
                </TextEquiv>
            </TextLine>
            <TextLine id="r2l122" custom="readingOrder {index:121;}">
                <Coords points="506,3753 1683,3746 1726,3697 505,3692"/>
                <Baseline points="515,3741 575,3740 635,3739 695,3738 755,3736 815,3736 875,3734 935,3733 995,3732 1055,3731 1115,3730 1175,3730 1235,3729 1295,3728 1355,3728 1415,3727 1475,3727 1535,3727 1595,3727 1655,3727 1715,3727"/>
                <TextEquiv>
                    <Unicode>Jedenfalls#st ons Stuck effeklvoll und fesselnd. Ungleich höher, 1</Unicode>
                </TextEquiv>
            </TextLine>
            <TextEquiv>
                <Unicode>box 21/2
16.1. Lebendige Stunden Zuklus
Telefon 12801.
Alex. Weigl's Unternehmen für Zeitungs-Ausschnitte
Ausschnitt
„OBSERVER“ Nr. 47
I. österr. behördl. conc. Burean für Zeitungsberichte u. Personalnachrichten
Wien. IX, Türkenstrasse 17.
 Filiale in Budapest: „Figyelö“-
Vertretungen in Berlin, Chicago, Genf, London, Newyork, Paris, Rom, Stockholm.
Ausschnitt aus:
Gtnse amnc Ace
vom
0
—
bichterisch wertvoller ist das orirte Schauspiel „Die letzten Masken“ zu
Im Wiener Allgemeinen Krankenhause liegt der
veranschlagen.
Der erenfalls dem Tode
Journalist Rademacher im Sterven.
* verfallene Schauspieler Jackwerth ist sein Zimm rnachbar. Während
der eine weiß, daß sein Eue bevorsteht und mit dem Leben, #
ihm so viele Enttänschungen brachte, abrechnen möchte“
das
simi det
und
genesen
 andere für
der
sich
hält
die schönsten Pläne für die Zukunft. Dei Arzt macht seinen Abend¬
 ug berchurd (Geiger).
besuch. Nademacher bittet ihn noch flebentlich, ihm noch schrell einen
#ehn Berlin, 5. Jan Schnitzlers Einakter=Cyklus.
heißen Wunsch zu erfüllen: er möchte seinen Jugendkreund, den
Artbur Schnitzler, unstreitig das stärkste Talent der jüng ien
Schrif steller Weibgast noch diesen Abenb spechen, da er ihm etwas
Wiener Schule, hät mit seinem nevesten Einakter Quartett „Lebendige
sehr Wichti, es mitzuteilen habe. Der Arzt, der mit Weihgast be¬
Stunden“ im Deutschen Theater einen ziemlch gedämpft einsetzenden,
freundet ist, verspricht, ihn zu bringen. Der Schauspieler fragt
dann aber stä die st igenben und zu'etzt mächtig anschwellenden Erfolg
neugierig, was Rademat#er denn noch so Eiliees zu beichten habe,
erzielt. Die vier Stücke, die ungleich in jeder Hinsicht sind, haben
und dieser entgegnet: ir wolle sich vor seinem En##e die Hiennathnung
nur das Eine gemeinsam, daß in sämtlichen Vertreter der Literatur
verschaffen, dem ehrmaligen Freunde, der unverdient so große äußerliche
und Kunst die Hauptrollen spielen. Der Gesamttitel „Lebendige
Erfolge im Leben davon getragn habe, unverblümt zu sagen, daß er
Stunden“ ist ziemlich willkürlich dem Tiel des ersten Stückbens
ihn stets in seiner ganzen Hehlbeit durchschaut habe, ja daß sich sogar
#entlehnt, das diese Ehre umso weniger verdiene, als es das weitaus
die eigene Gattin des „großen“ Mannes anzerkelt von ihm ab#ewand.
schwächste unter den vieren ist. Von des Gedankens Blässe ange¬
und ihre Liebe dem verkannten, vom Schicksal so alg mitgenommenen
kronkelt, behandelt dieser Auftakt zu den sol, enden, lebensvollen und
Journalisten geschenkt habe. Als dann aber Weihgast wirklich kommtg
geistsprühenden Dichtungen die eklügelte Frage, ob das ganze dieh terische
und mit seiner boblen Schönrednereiichtssagende Redensarteng
Schaffen des Sohnes auch nur eine „lebendire Stunde“ der Mutter
berchselt und innige Freundschaft heuchelt, da bingt es der Sterbende
auf uwieden vermag. Eine unheilbar erkrenkte Mutter hat sich nämlich
teils vor Ekel. teils aus Mitleid nicht ferti,, dem Lebenden die letzte
Amik Morphium vergiftet, um ihren Sohn vom Anblick ihrer Leiten
Maske vom Gesicht zu reßen, und im Gesühl seinr ganzen Größer
Alzu befreien und ihn seinem Dichterberuf wiederzugeben. Das zweite
und Ueberlegenheit nimmt der aufgeblasene Dichter von dem sterbendeng
Schauspiel „Die Frau mit dem Dolche“ wirkt mehr durch virtuose
Jugendfreunde Abschied. Es ist eine ung wein seine ptychologischen
Mate und äußerliche Eff kte, als durch innere Vorzüge und echt
Studie, die Schnitzler hier im engen Raumen aufrollt, tiefründig
I die terische Eigenschaften. Eine junge, hysterische Frau gibt sich mit
un lebenswahr, voll bieterer Satire und nicht ohme weitere Ausblickes
hibem Liebhaber ein Stelldichein in einem Bildermuseum vor
auf die Ni#tigkeit alls Indischen im Agsichte des Tudes
weirem ital enischen Gemälde aus dem 15. Jahrhundert. Die hier mit
Pund der Ewigkeit. Den Vogel aber hat der Verfosser mit dem vierter
d dem Dolche dargestellte Frau hat eine frappante Achnlichkeit mit ihr,
bescheiben einer
bas
und letzten Stück abg schossen,
&amp; und je länger sie diese Frau betrachtet, desto bestemuter wird ihre
Schwank „Litteratur“ nennt und thatsächlich eine mit glänzenden!
Ueberzeugung, daß sie die hier im Bilde dargestellte Seene vor langer,
Witz, überiegenem Geist und funkelnder Laune gestriebene
langer Zeit selbst erlebt hat, und zwar mit demselben jungen Manne,
Satire auf jene Kaff ehausliteraten ist, die, an eigener
der ihr jetzt zur Seite sitzt Die Bühne verdunkelt sich piötzlich, der
aim, ihre kleinen Erlebnisse zu langen
Gedanken z
Vorhane fällt und als er sich nach einiden Augenblicken wieder hebt, sehen
Romanen auszumürzn such n. Sie entblößen sich und ihre
wir duselbe Frau mit dem junden Manne in der Tracht der Renaissange¬
„stilisie#ten“ Leiden und Freud.n ohne Bedenken vor dei Welt, nur un ##
zeit vor uns. Auf einer Stafselei steht das halb vollendete Bild
sich einmal gebruckt zu sehen Sie eißelt Shnitzler in zieser über¬
der Frau mit dem Dolche, von dem Gatten gemalt Dieser kihrt von
mütigen Komödie, die zu den Lustigsten und Unterhaltendstn geböt,
einer Reise nach Florenz heim, die Frau gesteht ihm, daß sie ion während
was man seit lange auf der deutschen Bühne gesehen hat. Der
Kiner Abwesenheit betrogen habe, und ersticht vor seinen Auxen ih en
linterarische Feinschmecker kommt hier auf seine Rechnung wie der naive
Verführer mit dem Delche. Der Gatte, der nur Künnler ist, er reift
Zuschauer, der nur lachen will. Die Handlung ist hier Nebensoche, die
söfort den Peu##t und die Palette, um sein We k nach den eben ge¬
Bebandlung alles: die prächtige Zeich ung der drei Personen, des
wonnenen bntigen Eindrücken zu vollenden. Die Frau wendet sich
kurstfremden, am liebsten Stollluft atmenden Barons, der schrift¬
mit Brrachtung von im, die Bühne verbunkeli sich abermals und
st llernden Frau mit der Vergangenheit, die sich eine ehrbare Zukunft #
wir werden in das Museum zurückversetze, wo die aus ihrem Traume
schaffen will und des litterarischen Zigenners, der das Leben in vollen?
erwachende Frau dem Liebhaber das lan#e verweigerte Versprechen gibi,
Zügen genießen will, dazu der vollgefüllt= Sack geistreicher Literatur¬
ihn abends beluchen zu woll n. Man weiß nicht recht, was man aus dies m
bosheiten. Alles in allem; ein sehr glücklicher Abend, der für viele
merkwürdigen Capriecio machen soll. Ist es eine neue Variation auf
Fehlschläge dieses Winters entschädigen konnte!
das Thema den der S#elenwanserung? Oder von der sich durch die
Jahrhunderte gescinangen Lust am Betrügen des Ewig=Weiblichen?
Jedenfalls#st ons Stuck effeklvoll und fesselnd. Ungleich höher, 1</Unicode>
            </TextEquiv>
        </TextRegion>
    </Page>
</PcGts>
