3484 4320
2066 170 2585 271 box 21/2
341 172 1988 290 16.1. Lebendige Stunden Zuklus
1360 1148 2628 1233 Einen kleinen Provinztalma finden wir in dem dritten Stück: „Die
1234 1198 2619 1304 letzten Masken“ Florian Jackwerth, ein schwindsüchtiger Schmierenmime,
1243 1281 2618 1371 liegt im wiener Krankenhaus, ahnt nicht, daß er knapp noch eine Woche zu
1243 1335 2626 1424 leben hat, und „studirt“ (Lieblingsausdruck aller Schauspieler). Alles; Aerzte,
1231 1388 2621 1482 Kranke und Wärterpersonal. Alles kann für den Beruf zu brauchen sein.
1241 1442 2609 1515 Besonders interessirt ihn der Journalist Rademacher, der in einem „Extrakammerl“
1237 1518 2608 1594 neben ihm liegt. Auch ein Opfer der Berufspflicht. Mit großen Hoffnungen
1227 1566 2617 1644 und Entwürfen hat er angefangen; aber das Glück lachte ihm nicht und er
1239 1616 2618 1714 mußte noch froh sein, da er als Zeilenschinder irgendwo unterkriechen konnte.
1228 1674 2608 1761 Immer gegen seine Ueberzeugung schreiben, Tag vor Tag, um nicht zu ver¬
1226 1741 2606 1820 hungern, den erbärmlichsten Ausbeutern dienen, sich als ein Verachteter auf offe¬
1231 1793 2609 1877 nem Markt prostituiren... Der Ekel würgt ihn. Und Andere, die weniger
1233 1836 2605 1933 Talent und gar keinen Charakter hatten, sonnten sich während der selben Zeit in
1240 1892 2610 1986 Fortunens Gunst. Da ist sein Jugendfreund Weihgast. Ein Hohlkopf. Eine
1232 1959 2608 2046 leere Attrape. Die eigene Frau hielt es nicht bei ihm aus und suchte in Rade¬
1227 2012 2608 2101 machers schmalem Bett ein Bischen Lust. Das ist nun lange her. Alexander
1232 2061 2594 2157 Weihgast aber ist ein berühmter Dichter geworden. Zwar ist sein Ruhm er¬
1229 2130 2599 2214 schwindelt. Hinter seinem Rücken lachen die Leute ihn aus. Doch er hat
1229 2179 2600 2253 eine rührige Clique, ist schlau und fast die ganze Presse schmeichelt dem Mode¬
1227 2234 2606 2303 theatraliker. Ach, — nur einmal diesem Jämmerling die ganze Wahrheit sagen,
1222 2295 2596 2370 Alles ihm ins Gesicht speien, was an Grimm und Galle so lange aufge¬
1227 2338 2605 2425 speichert ward! Dann würde der Journalist, der sich über seinen Zustand nicht
1225 2399 2591 2498 täuscht, ruhig Zerben. Er überredet den Arzt, den berühmten Mann abends noch
1220 2456 2602 2543 ins städtische Krankenhaus zu holen. Das wird eine Szene für Florian. Doch
1216 2526 2602 2612 ohne Probe, sagt der olmützer Roscius, geht so was im entscheidenden Augenblick
1215 2579 2596 2661 nachher nicht. Stellen Sie sich vor, ich sei Ihr Jugendfreund; die Stichwörter
1205 2640 2582 2718 werde ich bringen: los! Und der Fiebernde kreischt seinen Haß, seine Ver¬
1209 2688 2585 2787 achtung, den heimlichen Erfolg seiner Sexualkraft einem Komoedianten ins Antlitz.
1220 2742 2592 2842 Als dann der richtige Weihgast kommt, ist der Totkranke erschöpft, der Worte
1213 2805 2591 2895 Köcher geleert. Der Freund aber enthüllt sich als Gemüthsmenschen. Ganz
1213 2849 2598 2934 Kameradschaft und hochmuthloses Mitleid. Viel durchgemacht. Man wird eben
1209 2927 2588 3006 eit; und die Jungen trampeln auf Einem herum, als ob man schon unter dem
1213 2982 2581 3056 Hügel läge. Wüste Gesellen. Dazu eine kranke Frau, einen leichtsinnigen Sohn;
1207 3033 2590 3107 ja, wenn man sein Leben noch einmal beginnen könnte! Unterkriegen aber
1211 3088 2592 3180 lassen wir uns nicht, mein Lieber; in der nächsten Saison, bei meinem neuen
1198 3150 2574 3224 Stück, sollen die frechen Bengel Augen machen. Beinahe stumm lauscht Rade¬
1199 3207 2588 3272 macher der glatten Rede. Was soll er sagen? Er hat sich vorhin ja, bei der
1203 3263 2589 3326 Probe, Luft geschafft und starrt jetzt, als sähe ers zum ersten Mal, das übertünchte
1197 3306 2583 3379 Menschengehäuse an, das da morsch und brüchig vor ihm steht. Mag der Arm¬
1194 3375 2623 3490 fälige den berühmten Dichter und glücklichen Ehemann weitermimen. Der)
