3436 4256
311 93 2077 221 16. 1. Lebendige StundenZyklus
1265 325 1684 433 Das Literarische
638 404 852 475 vom:
882 470 1221 557 —1007.
1020 931 1961 1019 Berlin. In den vier Wochen, die seit meiner letzten
935 986 1969 1061 Uebersicht verflossen sind, ist nur ein Ereignis von
941 1038 1975 1096 einiger Bedeutung vorgefallen: die Aufführung von vier
944 1060 1958 1128 Einaktern Arthur Schnitzlers, denen er den zusammen¬
945 1091 1968 1182 fassenden Titel „Lebendige Stunden"“) gegeben
943 1147 1971 1218 hat. Das Deutsche Theater hatte mit diesem Abend
642 1145 950 1226 für 50 Zeitun
952 1189 1955 1249 einen wider Erwarten starken Erfolg, und es scheint,
743 1195 854 1250 100
946 1225 1972 1290 als wollten sich die vier Stücke auf dem Spielplan
748 1243 861 1294 200
962 1265 1966 1338 alten. Schnitzler ist eine eigentümlich zusammengesetzte
749 1283 861 1329 500
932 1281 1969 1380 Natur. Er ist in mancher Hinsicht der Gegensatz zu
662 1304 875 1388 „ 1000
935 1334 1960 1411 Gerhart Hauptmann: ihm ist immer das Heraus¬
763 1377 1956 1450 Im Gegelarbeiten einer Idee, eines Problems, einer These der
654 1396 1955 1484 lbonnement auf stärkste Antrieb zum Schaffen; die anschauliche Wieder¬
657 1439 946 1512 lbonnenten frei
951 1467 1963 1537 gabe der Wirklichkeit hat für ihn nur als Mittel zum
944 1492 1967 1559 Zweck Bedeutung. Er will womöglich irgend eine
754 1520 933 1586 Der „0
938 1535 1952 1609 3 „Frage lösen“ worauf Hauptmann niemals ausgeht.
648 1560 1959 1651 nhaltsangabe Schnitzler würde sich nie mit der peinlich genauen
658 1629 1952 1682 lätter (Taz Wiedergabe der Wirklichkeit begnügen, er wird aber
655 1657 1960 1728 vodurch eine 1 auch nie den Fehler begehen, jede zufällige Eigenschaft
668 1708 1948 1770 jeben des In- des Wirklichkeitsbildes mit in sein Werk hinüber¬
663 1725 947 1799 heilungen wer
945 1739 1944 1806 zunehmen. Er hat seinen letzten Zweck stets fest im
936 1774 1959 1846 Auge, und sein Stil ist nie breit, sondern im Gegen¬
941 1820 1942 1879 teil oft ein wenig zu knapp: der Dialog wird nicht
930 1849 1951 1929 selten zur Disputation. In den „Lebendigen Stunden“
931 1903 1952 1958 tritt dies alles sehr scharf hervor. Die vier Stücke
928 1936 1956 2000 stehen nicht zufällig bei einander, sondern werden in
926 1976 1958 2048 der That durch eine gemeinschaftliche Idee zusammen¬
920 2018 1950 2084 gehalten, und man könnte sie sehr wohl als eine
931 2054 1946 2124 Trilogie mit nachfolgendem Satyrspiel auffassen.
929 2101 1954 2165 Schnitzler stellt zwei Weltanschauungen einander gegen¬
925 2130 1948 2186 über, die wir kurz als die realistische und die artistische
923 2163 1955 2241 bezeichnen können: für die realistische bedeutet das Ge¬
927 2215 1955 2280 nießen des Augenblicks — das Wort in seinem weitesten
920 2246 1947 2323 Sinne genommen — Leben, für die artistische hat alles
918 2284 1950 2358 Erlebte keinen Eigenwert, sondern wird Stoff zur Ob¬
928 2331 1941 2404 jektivierung im künstlerischen Schaffen, und diese
930 2375 1942 2443 Stunden des Schaffens sind die in Wahrheit lebendigen
928 2409 1944 2476 Stunden. Es ist nicht auf den ersten Blick ersichtlich,
913 2449 1931 2510 welche Anschauung und welchen Typ des Menschen —
917 2491 1942 2555 denn wir haben hier in der That zwei Typen, vielleicht
923 2525 1946 2597 sogar die zwei menschlichen Typen — Schnitzler höher
914 2585 1942 2640 wertet, aber durch die Art der Gegenüberstellung ge¬
915 2608 1930 2672 winnt man den Eindruck, daß er auf Seiten des
917 2643 1932 2716 Künstlers steht. Der Ausdruck „lebendige Stunden“
905 2698 1932 2756 klingt etwas gesucht. Mir scheint der Gedanke nicht
915 2737 1936 2794 glücklich, diesen Stoff in dramatischer Form zu ver¬
917 2778 1932 2831 arbeiten, denn es ist mit den Mitteln der Bühne kaum
916 2810 1930 2877 möglich, die beiden Charaktertypen mit genügender
917 2837 1935 2912 Deutlichkeit zu entwickeln, zumal im Rahmen eines
909 2876 1929 2949 Einakters. Das erste Stück der Gruppe heißt „Lebendige
911 2908 1936 2992 Stunden“ und giebt mit diesem Titel zugleich das
914 2963 1934 3017 Thema an, das in den anderen beiden durchgeführt und
906 3001 1936 3057 im letzten persisliert wird. Im ersten stehen sich die
903 3046 1930 3093 Vertreter der beiden Weltanschauungen ganz schroff und
903 3084 1923 3158 ohne daß versucht wird, ihnen individuelle Züge zu geben,
904 3120 1933 3195 gegenüber. Ein Alter und ein Junger. Der Alte hat die
908 3157 1929 3225 Mutter des Jungen ein ganzes Leben lang geliebt.
901 3204 1926 3274 Sie haben in innigster Gemeinschaft gelebt. Nun ist
901 3235 1922 3301 sie tot, und beide sind aufs tiefste erschüttert, aber
900 3278 1927 3349 doch auf verschiedene Art: dem Alten ist der eigent¬
901 3322 1915 3372 liche Sinn des Lebens geraubt, der Junge ist nur für
907 3365 1918 3426 jetzt zu Boden geworfen. Er ist Künstler, und in ge¬
903 3403 1929 3465 wissem Sinne ist der Tod der Mutter eine Befreiung
899 3444 1922 3504 für ihn. Jahrelang ist sie von schmerzhaftem, unheil¬
901 3477 1915 3535 barem Leiden geplagt gewesen, und der Anblick dieser
900 3515 1914 3582 täglichen Qual hat dem Sohne alle Schaffenskraft
887 3570 1912 3626 gelähmt: er hat nichts Rechtes mehr zu Stande ge¬
897 3586 1909 3660 bracht. Das hat die Mutter gefühlt, und, um ihn
895 3639 1915 3698 wieder sich selbst zurückzugeben, hat sie ihre Leiden
896 3671 1919 3724 selbst geendet. Der Sohn ahnt nichts davon, dem Freunde
899 3715 1901 3790 jedoch hat sie es in einem letzten Schreiben mit¬
966 3786 1780 3862 * Buchausgabe bei S. Fischer, Berlin. 160 S.
2141 114 2593 223 box 21/2
2005 816 3022 898 geteilt, mit der Bitte, es den Sohn nie erfahren zu
2016 869 3033 936 lassen. Aber dem Alten ist das drängende Bestreben
2016 911 3013 984 des Jungen, möglichst bald über die schmerzlichen Ein¬
2020 945 3027 1011 drücke hinweg wieder zum großen Schaffen zu kommen,
2012 984 3033 1063 in innerster Seele verhaßt, ihm, der diesen Schmerz
2016 1034 3013 1092 als ein heiliges Gut ansieht, von dem ihm niemand und
2003 1077 3026 1137 nichts etwas nehmen darf. Und in eifersüchtigem Grimme
2000 1101 3016 1162 verrät er das Geheimnis der Toten. Die erste Wirkung ist
2010 1146 3016 1220 niederschmetternd; dann aber rafft sich der Sohn wieder auf:
2003 1178 3018 1267 er versteht den Sinn dieses mütterlichen Opfers, und er
2002 1217 2851 1296 beschließt, im Sinne der Mutter zu handeln .
2074 1260 2996 1347 Das zweite Stück heißt „Die Frau mit der
2007 1297 3008 1381 Dolche“. Hier vereitelt die Bühnen=Form fast die
2008 1353 3023 1417 Absicht des Dichters, die vielen bei der Premiere nicht
1999 1374 3010 1459 klar geworden ist. Schnitzler hat sein Problem hier durch
2001 1438 2995 1482 ein zweites eingeengt, das eigentlich nur dem „Falle“
2003 1459 3016 1521 speziellere Färbung geben sollte, ihn aber schließlich so
1998 1517 3015 1580 gefesselt hat, daß er es mit aller Breite behandelte.
2024 1550 3017 1618 Dieses Problem gehört dem Gebiete der okkulten Wissen¬
2003 1591 3020 1658 schaften an, dem er sich schon einmal in seinem
2003 1642 3022 1694 „Paracelsus“ genähert hatte. Er rührt diesmal an den
1999 1670 3019 1723 Gedanken der Seelenwanderung: es giebt Persönlich¬
2001 1709 3020 1778 keiten, die nach mehreren Jahrhunderten wieder zum
1992 1743 3019 1803 Leben kommen und deren Schicksal dann wieder in den
1997 1786 3010 1859 gleichen Bahnen verläuft. Wir sehen hier das Schicksal
1991 1829 3014 1898 von drei Personen, dessen Anfang wir in einer Art
1984 1850 3003 1930 Traumvision, die uns um drei Jahrhunderte zurück¬
1999 1900 3014 1974 versetzt, miterleben, vollendet vor uns und müssen schließen,
1988 1951 3013 2016 daß sich die Fäden in der Gegenwart in derselben Weise
1993 1982 3014 2053 abspinnen werden wie in der Vergangenheit. Neben
1997 2023 2998 2090 dieses Problem der parallelen Schicksale tritt dann die
1997 2061 3001 2138 Gegenüberstellung der beiden Lebensanschauungen.
1995 2106 3003 2173 Leonhard und Paula treffen in der Bildergalerie vor
1995 2144 2998 2197 einem Renaissance=Bilde „Die Frau mit dem Dolche“
1985 2194 2992 2242 zusammen. Die Gestalt dieser Frau gleicht Paula, und
1996 2211 3001 2280 diese fühlt beim ersten Blick auf dieses Bild, daß hier
1988 2259 3005 2329 mehr als eine Aehnlichkeit, daß eine Identität der Per¬
1990 2302 3000 2370 sonen vorliegt. Kraft dieser geheimnisvollen Er¬
1982 2336 2999 2405 kenntnis sieht sie plötzlich visionär die ganze innere
1991 2378 2999 2441 Geschichte dieses Bildes vor sich, und diese Geschichte
1981 2432 2993 2489 gleicht in ihren Anfängen der ihren: Donna Paola,
2003 2458 2997 2527 die Heldin des Bildes, hatte einen Künstler — Remigio —
1984 2510 2998 2565 zum Gatten, für den, wie für Paulas Gatten, das
1987 2537 2991 2597 Leben nur als Stoff für seine Kunst Wert hat. In
1972 2569 2993 2628 der unbefriedigten Seele Paolas, die an dem Gatten
1985 2614 2987 2674 mit bewundernder Lieve hängt wie Paula an dem
1984 2646 2994 2706 ihren, blüht plötzlich ein wilder Liebesrausch zu einem
1980 2696 2988 2758 schönen Jüngling Lionardo auf, wie in Paula eine
1978 2728 2985 2797 Leidenschaft für ihren jungen Freund Leonhard. Bis
1974 2769 3002 2855 hierher gleichen sich die Schicksale. Was nun aber
1975 2803 2995 2870 Paulas Blick in der Vergangenheit sieht und wir im
1968 2865 2993 2924 Bühnenbilde traumhaft mit erleben, ist für sie noch
1968 2894 2991 2960 Zukunft: wie Paola das heiße Flehen Lionardos er¬
1972 2938 2991 3007 hört hat, wie sie dann aber sofort aus dem Taumel
1977 2967 2983 3033 erwacht ist, wie Lionardo, der jetzt Verschmähte,
1969 2999 2994 3077 grimmig dem heimkehrenden Remigio alles verrät, wie
1974 3047 2985 3119 dieser ihn mit seiner überlegenen Verachtung zu wilden
1968 3084 2988 3158 Todesdrohungen reizt, wie darauf Paola in furcht¬
1961 3133 2985 3201 barer Angst Lionardo den Dolch in die Brust stößt,
1968 3162 2984 3221 und wie dieser grause Vorfall dem Künstler Remigio
1961 3204 2986 3266 nur zur Inspiration für sein Bild wird. Als Paula
1967 3253 2982 3309 aus ihrer Vision erwacht und dem immer mehr drän¬
1967 3288 2984 3355 genden Leonhard ein Stelldichein für die nächste Nacht
1962 3326 2981 3391 verspricht, da sind wir gewiß, wie dieses Schicksal enden
1962 3366 2977 3433 wird ... Wenn also auch die Absicht des Dichters bei
1967 3407 2983 3468 näherem Hinsehen erkennbar ist, so wird doch aus dieser
1959 3440 2982 3512 Skizze bereits das Gekünstelte der Situation klar. Die
1974 3478 2905 3538 Charakteristik der Gestalten ist nur ganz skizzenhaft.
2034 3525 2963 3598 Das dritte Stück, „Die letzten Masken“ ist das
1949 3563 2974 3622 bedeutendste und wirkt künstlerisch verhältnismäßig rein.
1953 3613 2962 3681 Die beiden Weltanschauungen sind hier vertreten durch
1957 3649 2973 3708 zwei Männer, die einst Freunde waren, dann aber, durch
1962 3692 2959 3756 das Leben getrennt, jeder seinen verschiedenen Weg ge¬
1950 3731 2964 3795 gangen sind: beide waren sie Dichter, aber während den
1947 3771 2963 3836 einen der Erfolg gekrönt und zum Epikuräer gemacht
1948 3805 2967 3873 hat, ist der andere arm und unbekannt geblieben und
1954 3863 2966 3917 erwartet jetzt im Spital seine letzte Stunde. Wieder
1940 3895 2960 3954 drängt sich ein zweites Thema vor das eigentliche
1941 3932 2955 3992 Thema. Der Sterbende haßt den berühmten Freund,
1950 3974 2965 4040 und sein einziger Wunsch ist, ihm seinen Haß noch ein¬
1948 4014 2949 4079 mal frei ins Gesicht zu schleudern, ihm zu zeigen, wie
1952 4048 2955 4123 leer in Wahrheit sein Leben gewesen ist und wie
1953 4094 2953 4143 nichtig sein Ruhm. Als der verühmte Mann aber
2466 4136 2533 4178 n
