3484 4256
2196 241 2640 354 box 21/2
371 251 2030 347 16.1. Lebendige Stunden Zyklug
410 1258 1504 1360 Menschen näher bringen könnte. Des winzige Stück
1525 1281 2627 1388 eine Aeit##pnn alle in derselben ehebrecherischen
399 1314 1510 1421 ist weiter nichts als ine Schwätzeret üner das Problem,
1518 1347 2620 1421 Situation bewundert haben möglicherweise bis in die
406 1365 1502 1451 aber keine Gestaltung des Themas ein dürftiges
1509 1400 1753 1464 Affen=Vo#
2099 1420 2627 1489 der Wichler das erspark
389 1405 1014 1497 Feuilleton, aber kein Drama.
1523 1444 2618 1541 hat, zengt von einem gewissen Sdelmut. Gern erkenn'
440 1473 1393 1557 Ebenso oberflächlich ebenso spirlerisch ist der
1634 1515 2349 1593 n, was iuendtete ausherkaynett ist.
407 1528 1489 1610 ter „Die Frau mit dem Dolche“ gehaten. Schnitzler
392 1573 1494 1664 kokettiert hier mit dem Thema der Seelenwanderung.
392 1623 1496 1699 Was er aber bringt, kommt über ein paar lebende
1551 1622 2501 1735 Erst im deitten Einatter in den „Lenten Mas
396 1667 1506 1754 Bilder nicht hinaus. Frau Pauline giebt sich mit
1502 1697 2615 1783 zeigt Schnitzler, daß er in all seiner Enge doch dins
398 1724 1494 1816 ihrem Liebhaber in einer Gemäldegalerie ein Stell¬
1518 1757 2618 1845 echter Künstler ist, daß er hier und da etwas Eigenes
394 1758 1493 1861 richein. Ein Bild „Die Frau mit dem Dolche“ erregt
1513 1805 2605 1889 zu sagen hat. Freilich in der Theaterei bleibt auch
394 1813 1491 1908 ihr Interesse, sie findet eine Aehnlichkeit zwischen den
1506 1843 2616 1940 diese Miniaturdichtung stecken; nur die Künstlergattung
392 1875 1490 1942 eigenen und den Zügen der Frau, die ein florentinischer
1507 1899 2619 1965 à la Schnitzler bringt eine derartige Scene auf die
381 1906 1497 2013 Künstler vor vierhunder Jahren gemalt hat. Und
1503 1938 2604 2014 Bühne. Ein Journalist liegt sterbend im Spital. Ver¬
389 1961 1492 2048 plötzlich durchschauert sie die Gewißheit, daß sie
1506 2001 2605 2072 pfuscht scheint ihm das Leben, das er gelebt. Mit
379 2016 1487 2106 selbst in einem ihre: Vorleben jene Frau gewesen
1493 2052 2598 2137 Neid gedenkt er des Freundes, der einst mit ihm zu¬
385 2059 1492 2139 ist. Alsbald wandelt sich die Scene und mit ihr
1507 2113 2597 2176 gleich in den Kampf um den Erfolg eingetreten,
377 2097 1493 2209 Frau Pauline in die Florentinerin Paula. Auch
1500 2155 2593 2220 aber siegreich geblieben und „Liebling des Publikums“
374 2147 1483 2243 Paula findet das Leben ohne ein bißchen Ehebrecheln
1501 2189 2596 2275 geworden ist. Eine wilde Lust packt den Sterbenden,
378 2214 1491 2292 nicht lebenswert. Aber als sie sich zwischen Mann
1505 2246 2593 2331 in letzter Stunde an dem glücklichen Mitkämpfer das
365 2246 1487 2343 und Liebhaber entscheiden soll, zieht sie den Gatten
1500 2277 2593 2364 verpfuschte Dafein zu rächen. Er weiß ein Geheimnis,
363 2293 1475 2379 vor. Und da ihn der Liebhaber mit dem Tode be¬
1493 2319 2589 2420 bessen Enthüllung den „Freund“ tötlich treffen muß.
372 2346 1474 2446 droht, erdolcht sie den unbequem Leidenschaftlichen.
1493 2390 2592 2480 Und in der That, er läßt den „großen Dichter“ zu
373 2402 1486 2496 Wieder wandelt sich die Scene und mit ihr Paula
1493 2445 2589 2527 sich bitten, um ihm mit hämischer Lust den Schlag
371 2462 1469 2532 zurück in Pauline. In den vier Jahrhunderten
1794 2486 1840 2520 fr
1491 2482 2594 2559 zu versetzen. Als aber der Herbeigerufene vor ihm
367 2504 1483 2590 zwischen 1500 und 1900 hat die edle Dame nicht
1496 2544 2581 2626 steht, erkennt der Sterbende, wie sehr auch dieser
359 2553 1469 2642 viel, aber doch das eine gelernt, daß ein lebender
1508 2586 2585 2677 Erfolgsmenn von Lebensängsten gequält wird, wie
363 2594 1475 2668 Liebhaber besser ist als ein toter. Infolgedessen er¬
1486 2632 2585 2723 sehr auch dieser Sieger zu ringen und zu tragen
367 2645 1476 2745 mordet sie den Liebhaber von 1900 nicht, sondern gewährt
1490 2677 2585 2761 hat. Es lohnt sich nicht, ihm den Stoß zu versetzen,
357 2700 1478 2790 ihm alles, was er verlangt. An der ganzen Geschichte
1485 2736 2581 2803 für den das Schicksal selbst schon sorgen wird. Lohnt
350 2751 1484 2841 ist mir das eine tröstlich, daß Schnitzler die Nichtigkei
1491 2780 2582 2861 sich am wenigsten für den, der morgen im Lande des
351 2794 1473 2894 nicht noch weiter in die Vergangenheit fortsvinnt. Ein
1481 2818 2590 2905 Todes sein wird und all den Lebenden bereits wie
348 2841 1458 2933 gelindes Entsetzen erfüllte mich bei dem Gedanken,
1470 2875 2088 2950 ein Fremder gegenübersteht.
2111 2893 2575 2957 .Die ethische Welt¬
356 2892 1466 2983 möglicherweise werde sich nun auch die Florentinerin
1477 2930 2583 3011 anschaunig, die hier zum Ausdruck kommt, ist sicherlich
359 2935 1458 3032 Paula erinnern, daß sie schon einmal im alten Rom
1471 2976 2584 3063 nicht die höchste, aber an der Oberfläche liegen ihre
342 2990 1458 3094 gelebt und „geehebrucht“ habe. Schließlich würden wir
1474 3012 2575 3121 Wurzeln nicht. Und jedenfalls hat sie Schnitzler in
352 3046 2588 3190 dann noch eine Hebräerin Saula, eine Indierin Pala,lebendig packender Weise, stimmungsmächtig und in
2638 1296 3401 1420 den Einzelheilen mie psychologischer
2645 1366 3026 1453 zum Ausdwck al
2661 1454 3410 1540 Mit dom Titel „Litteratur“; den
2638 1526 3417 1602 ganze Quarteti führen sollte noradie
2636 1583 3422 1642 pier Gamnen Schnitzter wollte den¬
2629 1635 3424 1701 duß er bei all seiner Milde, Weichheit
2630 1669 3414 1747 boshaft, giftig boshaft sein kann Bosk¬
2635 1717 3417 1796 den beschränktesten Grenzen — gegen d
2626 1775 3416 1854 rischen Kolsegen, gegen die Knetpengenies
2620 1829 3427 1915 Shakespeares. Daß Arthur Schnitzl
2620 1874 3420 1956 verwandter dieser Leute ist, das we
2622 1940 3415 2014 nicht, nichts davon, daß er ein we
2629 1976 3417 2062 porträtierung macht. Jeder von di
2623 2026 3418 2114 sieht immer nur im andern den
2619 2070 3379 2145 er selbst steht über der Masse.
2613 2119 3395 2200 ein Gefühl dafür, wie kläglich
2636 2175 3413 2245 ist, in dieser Weise vor dem verehrten
2612 2221 3425 2305 ganze litterarische Jämsmerlichkeit blos
2618 2271 3427 2344 die Jämmerlichkeit dieser Kunstmännlen
2622 2324 3417 2393 weiblein, die als Uebermenschen stolzie
2618 2371 3421 2432 Philister um sein bißchen Steifnack
2619 2409 3409 2488 sollten, die baudweise auf Ewigkeit poch
2620 2472 3410 2549 eines Honorars von zehn Pfenni
2611 2508 3376 2591 weniger, um ein Glas Kognak
2614 2566 3409 2639 eine halbe Ewigkeit hingeben usw.
2611 2606 3415 2693 heiten dieser Art in Hülle und Fülle
2609 2667 3399 2740 zusammengehäuft. Ob allerdings d
2612 2710 3413 2785 große Publikum, das nicht, wie bei ##
2593 2762 3414 2835 aus lauter Litteraten und „Litteraturtig
2599 2818 3400 2882 gesetzt ist, für all diese Spitzen, Nadel
2605 2862 3409 2925 Verständnis und Interesse haben wird
2599 2904 3403 2976 Frage, die das liebe Publikum selbst 1
2605 2950 3381 3031 der bestrickenden Echtheit, mit der
2589 3005 3409 3092 Bassermann, Rittner die „Typen“ verkö
2593 3049 3315 3136 in jedem Fall seine Freude haben.
