3484 4320
2139 210 2592 308 box 21/2
329 214 2073 326 16.1. Lebendige Stunden—Zyklus
1770 885 1896 960 546
1047 991 2640 1056 Vater trieben einst Derartiges. Die Technik des heißen Atems läßt sich auch
1044 1057 2639 1110 so darstellen: Sudermann zündet vor den Zuschauern Briketts an und thut zu
1041 1125 2645 1189 wissen, daß er eine Knallerbse dazwischengesteckt; daß also eine Explosion erfolgen
1032 1178 2074 1239 müsse: aber die Explosion erfolgt immer noch nicht.
1170 1219 2629 1296 Der Ehebruch droht enthüllt zu werden. Verschärfungen, dauernder Art:
1036 1274 2625 1327 der Gatte ist eine brutale Natur. Zweitens: er ist der beste Freund des Ehe¬
1045 1330 2640 1379 brechers. Drittens: die Ehebrecherin ist schwer herzkrank. Wenn es jetzt zum
1041 1379 1436 1464 Klappen kommt —.
1170 1417 2633 1489 Es kommt nicht. Alles wird verteilt, die Spannung longsam ausgekitzelt.
1036 1486 2635 1557 Im ersten Akt nur eine Andeutung: Vielleicht ... eines Tages! Im zweiten
1037 1547 2621 1608 Akt erwähnt eine Zeitung den Fall; jetzt kommt es zum Kl—. Nein, es kommt
1043 1591 2627 1657 nicht zum Klappen. Der zweite Akt schließt mit der Frage der Gräsin: „Mir
1047 1666 2638 1722 scheint, unsre Stunde hat geschlagen.“ Worauf Baron Richard Völkerlingk ihr
1047 1704 1534 1774 zuflüstert: „Noch nicht.“
1158 1769 2631 1829 Im zweiten Akt geschieht die Explosion noch nicht. Aber sehr wird um
1037 1810 2627 1872 die Erbse herumgekramt. Mit dem Ehebrecher Völkerlingk spricht man über das
1040 1864 2624 1945 Zeitungsblatt. Verschärfung: im Reichstag ist just eine Ehedebatte, — nun, Völker¬
1041 1925 2625 1994 lingk soll Sprecher sein. Weiter. Alle haben das Blatt geleseu, nur die schuldige
1042 1971 2618 2051 Gräfin nicht, nur ihr Mann nicht. Jetzt wird tropfenweis auf die Briketts
1037 2035 2626 2103 Petroleum gegossen, nahe bei der Erbse. Das verhängnisvolle Blatt liegt sichtbar
1038 2088 2623 2148 auf ihrem Schreibtisch, — doch unter Kreuzband. Kleine Erbse: sie erfährt es;
1038 2148 2622 2209 durch die betrogene Gattin selbst, ihre Todfeindin. Verschärfung der Herzschlags¬
1030 2198 2623 2267 gefahr. Ein Petrolspritzer in die Nähe der Haupterbse: Der betrogne Eheman
1037 2249 2441 2309 ist in fröhlicher Kneipstimmung, spricht von zugesandten Zeitungen, —
1032 2297 2616 2357 die er ungelesen ins Feuer warf. Noch nicht! Er fragt den Freund, ob ein
1037 2352 2625 2414 gewisser Meixner (das ist der Enthüller des Ehebruchs) nicht vor Jahren sein
1043 2413 2370 2477 Sekretär war, — — da wird das Gespräch abgelenkt. Noch nicht!
1162 2453 2626 2528 Stärkerer Spritzer. Der eigene Sohn des Ehebrechers giebt dem Ehemann
1027 2509 2614 2591 Kenntnis von . . . nun bloß von einem Angriff in einem Zeitungsblatt. Zufällig,
1026 2581 2619 2644 um seine Duellbroschüre befragt, äußert er ahnungslos (in Gegenwart des eigenen
1027 2623 2624 2697 Vaters): ein Schuldiger müsse sein eigener Richter werden. Kommt es nun zum
1029 2687 2627 2750 Klappen? Beate ist nicht zugegen, war unwohl geworden. Als der Gatte jetzt seinen
1032 2729 2623 2787 Freund in Erregung fragt, was für ein Angriff das ist; als der Freund just zu
1026 2789 2626 2847 antworten im Begriff steht, tritt sie zufällig ein, — „Beate erscheint links.“ Kommt
1034 2847 2005 2910 es jetzt zum Klappen? Kurz vor dem Aktschluß?
1144 2905 2634 2976 Der Freund murmelt jenes: „Noch nicht.“ Die Pause dauert fünfzehn
1022 2929 1251 3036 Minuten.
1776 3086 1866 3178 II.
1142 3185 2600 3253 Aber nach der Pause, im dritten Akt. Nein! Der Ehemann weiß noch immer
1018 3247 2609 3298 nichts. Er spricht ganz ruhig von seinem Freunde. Nur einmal äußert er: „Uebrigens
1030 3302 2615 3362 merkwürdig, daß er noch nicht da ist.“ Es sei merkwürdig, meint er, daß er noch
1016 3353 2609 3418 nicht da sei. (Aber der Freund arbeitet just an der Rede, die er morgen über den
1020 3410 2616 3487 Ehebruch im Allgemeinen halten soll!!!) Ein zweitesmal äußert der Graf, es falle
1009 3464 2604 3528 ihm auf, daß seine Frau so blaß sei. Daß sie so blaß sei; auf falle es ihm.
1008 3517 2616 3601 Doch, Leser, er ahnt nichts. Verschärfung: der Graf betont just in diesem Augen¬
