3436 4320
2051 183 2493 288 box 21/2
1793 196 1857 267 1
1213 200 1331 272 nd
242 199 1915 316 16.1. Lebendige Stungen ZVKI#2
436 1156 3296 1247 Die 60. Fortsetzung des Romaues: „Das Leben ein dürfte der Autor wol kaum gedacht haben, als er Heinrich, dem Sohne
536 1227 3296 1298 kurzer Traum“ von Riearda Huch befindet sich auf auch diesen Schwank, der den ersten drei Stücken O, der Heinrich ist
2793 1263 3278 1356 zu erholen. Er muß
1624 1280 2794 1348 so fern als möglich steht, unter den Gesammttitel
441 1270 527 1352 58
532 1268 806 1350 Seite 16.
2800 1313 3303 1390 Heinrich ist nämlich ein
1614 1329 2802 1394 ordnete. Der Gesammttitel also ist ungerechtfertigt,
2809 1362 3286 1423 Schein um seinen Kopf
1618 1361 2813 1440 weil er eine Verbindung zwischen den vier Stücken
699 1376 1400 1478 Feuilleton.
2796 1401 3312 1483 mäus hat keinen Schein
1620 1422 2805 1491 behauptet, welche nicht besteht. Ueberhaupt ist diese neue
2795 1473 3326 1540 sei wol nur figürlich, w#
1628 1467 2817 1533 Mode merkwürdig, Einacter mit einer gemeinsamen Idee
771 1478 1305 1570 Berliner Theater.
2801 1509 3275 1580 in der Zeitung steht.
1627 1515 2809 1584 zu schreiben (um so merkwürdiger, wenn es sich, wie im
2806 1559 3258 1627 Gitter. Er hat sich
513 1554 1570 1634 („Lebendige Stunden“ von Arthur Schnitzler.)
1616 1564 2805 1624 vorliegenden Falle, bei näherer Betrachtung herausstellt,
2806 1602 3311 1673 scheint, auch getröstet. E
1632 1613 2802 1670 daß die Einacter mit der gemeinsamen Idee in Wirklich¬
522 1599 1642 1677 Arthur Schnitzler hat seinem Einacter=Cyklus, der
2806 1657 3297 1723 Salzburg beruhigt ihn
1622 1655 2804 1715 keit keine Idee gemeinsam haben). Der Autor möchte die
443 1671 1631 1736 gegenwärtig im Deutschen Theater gespielt wird, den
2801 1698 3310 1766 daß eine Stadt schon g#
1632 1701 2810 1765 vier kleinen Stücke, die er verfaßt hat, zu einem größeren
444 1704 1629 1779 Gesammttitel „Lebendige Stunden“ gegeben. Die Berliner
2798 1742 3311 1816 Jemandem darüber hinn
1622 1753 2814 1816 Werke vereinigen, indem er sie „Cyklus“ nennt und ihnen
435 1762 1627 1813 Kritik hat sich über diesen Titel den Kopf zerbrochen: Was
2802 1783 3311 1871 storben ist. In der Th
1624 1794 2812 1861 einen Obertitel gibt. Aber der Titel stellt die Einheit
443 1808 1632 1865 bedeutet „Lebendige Stunden“? Und warum heißen alle
2799 1836 3311 1911 gewirkt, und selbst d
1620 1847 2812 1923 nicht her, die beim Schaffen gefehlt hat, und vier kleine
434 1854 1630 1916 vier Stücke so? Man hat das Gemeinsame in den vier
2796 1882 3316 1955 Hellbrunn“ hat dem jun
1628 1895 2813 1961 Stücke bilden kein großes, mag man sie nennen, wie man
435 1899 1628 1966 Einactern — es sind drei Schauspiele und ein Schwank —
1622 1941 3323 2016 will. Ein Zusammenhang zwischen Einactern ist nicht gewährt. Da ist er nach
443 1941 1635 2006 gesucht. Die Erklärungen, welche die Kritiker gegeben
2798 1990 3321 2058 daß Salzburg nur geg
1625 1985 2811 2047 möglich, da jeder Einacter ein selbstständiges Drama ist;
441 1994 1626 2056 haben, sind sehr tiefsinnig und haben nur den Einen Fehler,
2801 2028 3314 2102 München jedoch gegen d
1629 2033 2822 2104 und um den Zusammenhang herzustellen, um in vier
438 2045 1641 2099 daß in den Stücken nicht immer das steht, was die Kritiker
2801 2078 3314 2147 Mutter muß man nach
1628 2078 2820 2158 Acten eine gemeinsame Idee auszudrücken, gibt es auch
439 2094 1639 2169 darin gesunden haben. Es ist deßhalb so schwer, zu sagen,
2801 2123 3313 2192 Bildern in der Pinako
1622 2137 2811 2198 heute nur das eine Mittel, das in einem solchen Falle
450 2146 1631 2210 warum der Gesammttitel auf alle vier Stücke paßt, weil
2807 2168 3323 2247 wieder aufgeathmet. N#
1630 2190 2808 2258 bisher allein üblich war: ein Drama in vier Acten zu
437 2185 1636 2264 er auf alle vier eben nicht paßt. Das Temeinsame an den
2807 2219 3313 2294 die Abende, an denen
1627 2232 1845 2313 schreiben.
446 2237 1635 2301 vier Stücken ist lediglich, daß in allen Literaten oder
2801 2267 3324 2345 konnte. Statt nun noch
1726 2256 2812 2339 „Lebendige Stunden“ heißt das erste der vier Stücke.
449 2284 1616 2349 Künstler auftreten; und diese Gemeinsamkeit ist so äußer
1628 2309 3315 2377 Es spielt in einer Vorstadt Wiens, im Garten vor dem eine neue Stadt für #
442 2327 1637 2391 lich, daß sie keinen Zusammenhang bilden und noch weniger
1619 2366 3317 2437 Hause des alten Hausdorfer. Der alte Hausdorfer ist zurückgekehrt. Er möchte
441 2378 1630 2435 als Erklärung dafür dienen kann, warum die vier kleinen
2810 2415 3323 2482 das wird so bald nicht
1625 2424 2824 2487 traurig, denn die Frau Hofräthin ist gestorben seine
455 2406 1637 2494 Dramen „Lebendige Stunden“ heißen. Die beiden ersten
2801 2457 3317 2528 arbeiten, hat er während
1625 2450 2811 2531 einzige Freundin und früher wahrscheinlich seine Geliebte.
700 2475 1632 2549 — „Lebendige Stunden“ und „Die Frau mit
461 2484 721 2546 Schauspiele
2815 2503 3328 2576 da er es immer anh#
1628 2514 2806 2579 Hausdorfer ist in den Jahren, wo die Verluste sich nicht
447 2528 1628 2592 dem Dolch“ — haben eine gewisse Verwandtschaft, und
2805 2548 3313 2623 die nebenan im Zimm
1627 2552 2820 2636 mehr ersetzen; und nun hat er das Liebste verloren, das
448 2571 1632 2644 man kann aus beiden die Idee heranslesen, daß dem
446 2588 3321 2690 Schriftsteller und Künstler jedes, auch das tiefste Er= er besaß. Trost gibt es auch nicht mehr, wenn Einer so Es ist, als wollte er sic
2805 2635 3329 2726 dorfer das erzählt, über
1630 2652 2819 2720 in den Sechzig ist. Trösten mag sich die Jugend, welche in
444 2664 1633 2728 lebniß vor Allem nur ein „Stoff“ ist, und daß
1618 2715 3319 2768 jenen Jahren auf die treibenden Kräfte des Daseins rechnen beklagen, die es nicht
438 2711 1641 2788 dies eine bedauerliche Ueberschätzung der Kunst und
2803 2741 3323 2815 während der Sohn im 2
1628 2751 2814 2807 kann, die immer Neues und Neues hervorbringen an
447 2750 1639 2824 Unterschätzung des Lebens bedeutet, obwol auch diese Idee
2802 2789 3315 2861 er hätte es verstanden,
1635 2792 2820 2866 Stelle des Alten, das verloren geht. Aber zwischen Sechzig
439 2810 1635 2868 mit Klarheit nur in dem ersten Schauspiel ausgesprochen
2804 2838 3324 2905 seine Mutter ihren Leid
1626 2832 2818 2903 und Siebzig ist es nur mehr ein langsames Absterben.
450 2857 1627 2914 ist, das darum allein seinen Namen „Lebendige Stunden“
2813 2882 3330 2960 hätte. Wenn die Mutter
1628 2890 2816 2954 Mau braucht sein Kapital auf. Der Tod eines theuren
450 2877 1646 2959 mit Recht führt. Das dritte Schauspiel, „Die letzten Masken“,
2798 2928 3322 3007 sie recht gethan. Der a
1641 2943 2815 3001 Wesens reißt ein Stück, das beste Stück ans dem Leben
441 2947 1633 3031 handelt vom Sterben, welches man, bei aller Sympathie
1631 2985 3325 3049 heraus, und es bleibt eine Leere zurück, eine unausfüll= ergießungen angehört
452 2993 1644 3067 für Arthur Schnitzler, doch nicht als eine lebendige Stunde
1631 3035 3328 3103 bare Leere. Darum ist der alte Hausdorfer so ganz in geworfene Bemerkungen
454 3043 1646 3108 auffassen kann. Der Schwank „Literatur“ endlich, der den
2807 3069 3323 3145 Klang andeutet, was in
1626 3082 2818 3147 seinen Schmerz versunken und hört kaum, was ihm sein
446 3089 1645 3137 Cyklus beschließt, wurde in der Première allerdings zur
2802 3117 3315 3197 kann er nicht mehr al
454 3131 2823 3199 lebendigen Stunde, indem das Publicum ihn ganz be= Gärtner Borromäus erzählt von den Pflanzen, die er im
449 3168 3331 3277 sonders lebhaft belachte und beklatschte; aber daran Frühjahre einsetzen wird. Borromäns fragt auch nach heraus, daß die Mut
727 3246 1051 3433 24
