3484 4256
793 118 1638 241 Feuilleton.
906 256 1504 359 Berliner Theaterbrief.
490 326 1444 406 „Lebendige Stunden“. („Lebendige Stunden“
1518 350 1886 419 „Die Frau mit dem
489 364 668 421 Hölise“.
733 382 1888 462 „Die letzten Misen“ — Literatur") Vier Einakter von Arthur
488 405 1130 473 Schnitzher (Deutsches Tueater.)
1158 431 1902 508 — Ernst v. Wolzogen's „Buntes
485 453 1886 533 Theater“ in der Kövenickerstraße — Des lustigen Eheminns Glück und Ende.
509 489 1893 560 — Otto Julius Bierbaum und der Krach des Trianon=Tbeaters.
496 527 1893 620 — „Die Wohlthäter", Lustsoiel in fum Alten von Adolf L'Arronge.
1032 575 1357 638 (Lessing=Theater)
590 599 1896 708 Den „Schleier der Beatrice" bekommen auch wir Berliner nicht
476 652 1842 741 zu sehen. An solcher Aufgabe erlahmt wie Schlenther's Wagemuth,
471 709 1886 801 der seines früheren Schlachtgenossen Brahm, und man begnügt sich,
467 747 1881 844 weil Schnitzler doch immerhn eine der letzten Säulen der allen
455 802 1888 890 gralistischen Pracht ist mit der Aufführung seiner „Lebendigen
448 856 1885 942 (Stunden“ die er Handvoll erklügelter und mühselig ausgefeilter
472 905 1877 991 Einakter. Aus dem Tode sprießt junges Leben auf. Gerade der Tod
464 939 1868 1032 weckt das Leven. Und Tod ist häufig lebendiger als das Leben,
469 993 1876 1080 zumal wenn es sich äffisch spreizt und in theatralischer Aktionspose
465 1026 1875 1121 seine Kraft verpulvert Das erste von den vier Stücken, in denen
461 1070 1871 1180 Schnitzter sein neues Stück gibi, varurt das Thema von der Dame
457 1119 1874 1224 Stieglitz, die sich erschoß, um ihrem Gatten eine Nervenerregung
459 1169 1866 1270 und damit schöpferisches Vermogen zu bescheeren. Bei Schnitzer
456 1231 1867 1322 begeht Mütterchen Selbstmord, weil sie weiß, daß ihre langwierige
452 1267 1864 1364 Krankheit alle Arbeitsfreude des Sohnes gelähmt hat. Aber ich fürchte,
447 1303 1866 1408 ihr Opfer war umsonst. Dieser molluskenreiche Schwätzer von Sohn
461 1370 1873 1464 würde selbst durch eine Hekatombe nicht zum Adler werden. Weiter
460 1431 1860 1506 als in den „Lebendigen Stunden“, die dem Cyklus seinen Namen
454 1459 1858 1556 gegeben haben, spannt Schnitzler die Shwingen in der „Frau
448 1515 1855 1604 mit dem Dolche". Aber auch hier bleibt das Erlebniß todt;
439 1555 1862 1649 statt des packenden Wirklichkeitsbildes sehen wir eine er¬
446 1602 1860 1690 zwungene, kalte Künstelei. Wir vermögen nichts gegen unser
448 1666 1855 1731 Schicksal, so lehrt der Poet. Im dunklen Drange folgen wir unserm
440 1704 1856 1798 Stern; ob er uns in Sumpfe oder auf godene Auen führt, wir wissen
440 1752 1861 1841 es nicht und können wenig dazuthun. Eine Dame hat sich in der
438 1805 1848 1894 Gemäldegalerie das entscheidende Stelldichein mit dem Jüngling
442 1860 1848 1930 gegeben, an den sie nur neugieriges, flüchtiges Inieresse, keine Liebe
436 1893 1853 1987 bindet. Gemeinhin benützt man ja Budermuseen nicht zu zärtlichen
433 1947 1855 2020 Verabredungen, da es dort keine Sicherheit vor Besuchern und Dienern
445 1996 1859 2086 mbt Schnitzler braucht inden das Gemälde der Frau mit dem Dolche,
443 2045 1841 2115 um seine Theie zu entwickeln. Die Ehebrecher'n siebt träumend in
432 2077 1848 2172 diesem Bude ihr Schicksal Des berühmten Malers Remigio Frau
442 2123 1841 2212 schenkie während der Abwesenheit des Gatten einem Fant ihre Gunst,
440 2185 1840 2257 um ihn am nächsten Morgen zu erdolchen und dem Betrogenen Alles
452 2225 1846 2315 zu gestehen. Remigio sagte kein Wort, sondern malte nur — malte
427 2268 1618 2341 die später hochberühmt gewordene Fran mit dem Dolche.
1717 2295 1837 2358 „Ich
437 2309 1834 2406 komme heut Abend,“ flüsert Madame dem überglücklichen Knaben zu,
436 2359 1832 2448 als sie aus langem Traum erwacht. So klar die Symbolik dieser
436 2417 1840 2498 Siene ist, so wenig reißt ihre Pantasiefülle hin. Sie fügt sich
427 2461 1834 2540 zu einem übersinnlich poetischen Spiele, das sich doch nur an
428 2512 1843 2594 unsern Intellekt wendet, die stillen Gefilde des Gemüthes da¬
424 2549 1836 2634 gegen nicht berührt Plastischer ringt sich der Grundgedanke
436 2601 1831 2678 des Dichters in den „Letzten Masken“ durch. Ein armes
426 2652 1821 2729 Talent will im Allgemeinen Krankenhause zugrunde gehen. Da erfaßt
425 2694 1827 2788 ihn kurz am Verlöschen das dämonische Begehren, der aufgeblasenen
417 2742 1848 2838 Tazesgröße soundso, dem ehemaligen Freunde, seine wilde Verachtung
417 2792 1838 2861 ins Gesicht zu schleudern. Den Hohlkopf im Innersten zu treffen da¬
417 2842 1838 2920 durch daß er ihm von einer verbotenen Liebe erzählte, der seine Frau
414 2879 1824 2973 sich jan hzend in die Arme geworfen hat. Als der kleine große Mann
418 2938 1818 3029 dann aber am Krankenbeite sitzt, da vergeht dem Sterbenden die Lust,
421 2970 1826 3071 sich an diesem Armseligen zu rächen, und er scheidet lächelnd Gegen
418 3022 1830 3117 die Technik dieses auch sehr sauber und elegant gearbeiteten Aktes ließe
416 3079 1834 3185 sich vielleicht Manches einwenden, immerhin macht es einen starken
416 3118 1826 3189 Eindruck und fesselt trotz des verschrobenen Vorwurses Die be¬
405 3172 1822 3257 freiende Lustigkeit ist dann der Schlußakt „Literatur“, der Kampf um
405 3224 1826 3304 einen erlebten Roman, den die Verlobte geschrieben hat, der Verlobte
402 3264 1823 3357 einstampfen lassen will. Der Schreibzigeuner, Frau Margareihens
402 3315 1818 3402 Geliebter von anno dazumal, bringt sie zum Verzicht auf ihre ehr¬
408 3364 1821 3453 geizigen Pläne, und feine Weiberlist lullt das Mißtrauen des
407 3404 1824 3495 Bräutigams wieder ein Es ist viel ergötzlicher Literaturulk in dem
405 3438 1809 3523 Werke, und wer den Kaffeehausklatsch genau kennt, die boshaften An¬
409 3502 1818 3586 spelungen allesammt versteht, der wird sich trefflich bei der lustigen
402 3553 1803 3638 Plauderei amüsiren. Für das große Publikum jedoch wird „Literaiur“
390 3602 1547 3662 zwar nicht zu literarisch, aber eben zu sehr literarisch sein.
514 3643 1810 3731 Schnitzler's Schöpfung wur der Höhepunkt unserer letzten vier
400 3668 1813 3775 Theaterwochen, trotz alledem. Die dramatische Muse leidet heuer
398 3744 1808 3806 offenbar an Entkräftung; die Ueberbrettelei und das Cabarets-Gründungs¬
389 3785 1802 3855 fieber nehmen ihr die Nahrung vom Munde fort Dabei haben diese
385 3839 1809 3904 Neidharte selber bitter mit der Noth des Daseins zu kämpfen. Ernst
389 3897 1803 3959 v. Wolzogen's reizendes Kausperhäuschen im fernen Osten der
383 3924 1806 3984 Kopenickerstraße will sich nicht füllen, trotz der Hexen= und Hexenmeister¬
394 3976 1822 4064 künste, die er erprobt. Lole Fuller und die Tokioer Schauspielertruppe
1922 143 3331 225 mit der „japanischen Duse“ an ihrer Spitze — sie vermochten die ins
1913 176 3330 279 Wanken gerathene Schlochtlinie nicht wieder herzustellen Noch immer
1915 230 3334 306 fehlen die pomphaft angekündigten Ueberraschungen, der Ersatz für den
1921 298 3313 363 „Lustigen Ehemann“ der vor Jahresfrist die öde Sezessionsscheune am
1920 331 3322 420 Alexinderplatze bis auf den letzten Sitz füllte. Und auch der Verfasser
1906 372 3318 460 des „Lustigen Ehemannes“ der übrigens Gottfried August Bürger
1912 409 3316 512 gar nicht sehr frei benutzt hat. ist mit seinem Trianon=Theater bröhnend
1905 485 3325 559 abgefallen. Otto Julius Bierbaum nahm einen abscheulichen Saal,
1909 521 3315 610 dessen Fortsetzungen sich unter Stadibahnoögen verkriechen, und machte
1917 561 3316 652 aus dem Ganzen einen unheimichen Horst des Pienegeiers.
1908 612 3324 704 Wer zärtlich Trianons gedenkt, der galanten, von alten Bäumen
1903 656 3321 750 umrauschten, weihergeschmückten Stätte, der vermeide ängstlich, den
1908 712 3320 794 Jammerakt zu schauen, welchem Bierbaum einen so lockenden Namen
1895 753 3315 841 gab Die Dardietungen machten leider dem Saal alle Ehre. Feine
1898 794 3313 883 Lyrik, Sommungszaubereien und Menuetie passen schlech“ zum
1903 846 3313 940 Knattein und Rollen von Stadtbahnzügen — und doch hätte beblicher
1897 894 3313 985 Musensang das drutale Geräusch der Großstadt vergessen machen.
1888 941 3308 1033 Otto Julius Bierbaum fand jedoch keinen Teesser Mit Ausnahme
1904 986 3314 1085 des hübschen, nur allzuviel versprechenden Prologes den Sie neulich
1893 1040 3304 1117 hier abdruckten, erwies sich jede Nummer als Riete. Ein ganz undra¬
1904 1090 3307 1172 matisches, geziertes „Singspielchen“ in drei Aufzügen besiegelte die
1883 1138 3297 1231 Niederlage Man schrie und lachte in das Veregeklingel hinein und
1895 1180 3320 1271 der Backpflaumenmann, der in dem Singspielchen die ausgiebige
1891 1233 3301 1320 Hauptrolle mimte, dürfte Gott dafär danken, daß der weihnachtliche
1891 1271 3301 1363 Massenverbrauch an Aepfeln die Zuhörer daran hinderte, ihn ver¬
1890 1311 3305 1429 schwenderisch mit dieser auf der Bühne sehr unbeliebten Frucht zu
1891 1364 2123 1431 beschenken.
1995 1414 3297 1507 Von wirklichen Novitäten ist, wie gesagt, in Folge des Ueber¬
1881 1459 3299 1550 brettitaumels diesmal kaum etwas zu sehen gewesen. Sogar das
1874 1514 3294 1591 königliche Schauspielhaus, das sonst am Syloesterabend regelmäßig eine
1884 1556 3302 1648 lustige Neuheit herausbringt, griff heuer auf Shakespeare zurück. Blos
1885 1606 3294 1692 im Lessing=Theater gab man sich den Anschein, als lasse man alle
1873 1645 3293 1737 Puppen tanzen. Adolf L'Arronge erschien mit einem Drama „Die
1870 1709 3300 1791 Wohlthäter“, welches uns für neu verkauft wurde, sich jedoch schon im
1868 1745 3310 1838 ersten Akte als ein dünner Aufguß früherer Thee=Ernte des beliebten
1875 1791 3319 1885 Unfors erwies (Nissel's „Wohlthater“, sein Erstling, behandelt
1872 1849 3285 1924 hieselbe Idee.) Die Wohlthäter, das sind Menschen, deren bebauerns¬
1867 1889 3288 1984 werthe Opfer Tag für Tag vorgerechnet bekommen, was sie dem gütigen
1867 1940 3279 2027 Geber Alles verbanken Selbst die Poulards mit Spargel, die der
1866 1986 3281 2073 junge Held frözlich zu Mittag verspeist, sind eine Wohlthat und aus
1859 2031 3286 2129 Der Tasche des S dwiegervaters bezahlt Emtsetzlich seuszt und stöhne
1869 2081 3316 2160 der Heid unterm Johe. Und keine Aussicht, es abzuschülteln! Glück¬
1869 2120 3293 2199 licherweise hält L’Arronge für so verzweifeite Fälle immer eine Erb¬
1867 2176 3285 2264 schaft, eine Transojalm ne oder ein mit Banknoten bis an den Rand
1856 2224 3275 2318 gefülltes Portefeulle bereit. In den „Wohlthätern“ war er sogar
1858 2264 3288 2368 ariginell; hier erwischt der Gequälie zwischen dem vierten und fünften
1862 2309 3313 2400 Akte eine unglaublich gut bezahlte Stellung, die es ihm ermöglicht,
1855 2359 3279 2454 seine Drangialirer aus dem Hause zu werfen und sich auf eigene
1858 2411 3277 2498 Kosten in Poulards mi Spargel zu vertiefen Es war ein genußreicher
1857 2454 3270 2539 Abend, aber nur für den, der noch nie etwas von L'Arronge genossen
1856 2492 3265 2584 hat. Zum achtenmale aufgewärmie Ponlards mit Bruchspargel. Die
1855 2552 3268 2642 Poularos: biedermeierisch langwierige Szenenführung mit grausam all¬
1847 2588 3270 2687 löglichem Dialog; der Bruchspargel: L'Arronge'scher gemüthooller
1849 2646 3262 2763 Humor ... Es war kein genußreicher Abend, Sie dürfen es mit
1840 2691 2054 2768 glauben.
2588 2721 3238 2815 Richard Nordhaufen.
