3436 4256
245 109 1920 227 16.1. Lebendige stunden - zyklus
2076 123 2535 217 box 21/2
110 683 661 772 Eeitungs-Ausschnitte
333 751 517 810 Ausschnitt
186 772 653 904 R“ Nr. 62
125 889 703 983 ichte u. Personalnachrichten
132 966 521 1061 strasse 17.
216 1118 689 1204 rk, Paris, Rom, Stockholm.
2769 1905 2981 1970 SS
586 1932 3072 2014 wonach er so heiß begehrt. Das alte Bild einer „Frau mit dem das frühere Verhältnis an den Tag zu kommen und einen vo
1854 1985 3128 2044 Strich durch die beabsichtigte Heirat der Federheldin mit einem Baron
596 1993 1860 2054 Dolche“ zieht sie mächtig an, und in einer Vision sieht sie das Schick¬
3083 2029 3143 2079 9
1855 2029 3067 2083 zu machen, aber durch einen schlau ersonnenen Tric wird im letzt
590 2040 1858 2100 sal jenes Bildes. Remiaio, ein Maler der farbenfrohen Renaissance¬
1857 2068 3094 2119 Augenblick noch alles zum Guten gekehrt, und die Heirat kann statt
324 2063 568 2149 ck verboten.)
588 2088 1856 2132 epoche, überrascht sein Weib mit einem seiner Schüler. Die Un¬
136 2066 303 2141 (Nachdr
1861 2110 3033 2157 finden. Schnitzler hat in seinen „Lebendigen Stunden“ wieder
596 2117 1854 2175 getreue hat den Mut, die Schuld zu gestehen, und als Remigio zögert,
334 2119 409 2176 die
424 2110 580 2178 meisten
162 2117 304 2186 schritten,
1854 2141 3051 2209 dem Vollen geschöpst und in dem Publikum eine willige Geleitick
593 2157 1858 2207 an dem Räuber seiner Ehre Vergelung zu üben, stößt sie selbst dem
150 2149 592 2233 das Theaterpublikum,
1856 2193 3050 2251 gefunden, die ihm dankbar durch dick und dünn, durch alle St
586 2199 1857 2255 Geliebten den Dolch in die Brust. Der Anblick des rächenden Weibes
260 2208 595 2264 e haben in diesem
102 2197 230 2258 sen.
1860 2226 3143 2300 mungen folgte und allen das rechte Verständnis entgegentrug. Er
600 2245 1858 2295 weckt den großen Künstler in Remigios Brust — er malt die „Frau
102 2249 584 2301 bracht und aufs neue be¬
1850 2265 2722 2342 darf zufrieden sein, und wir dürfen es auch.
594 2281 1852 2329 mit dem Dolche“, sein Meisterstück. Die Vision verschwindet, die
112 2277 597 2336 en eigentlich nur noch von
588 2309 1865 2372 Gegenwart tritt wieder in ihre Rechte. Wie aus einer Erstarrung
126 2327 590 2396 rschwer frische Lorberen
587 2358 1858 2416 erwacht Pauline und verspricht Leonhard, dessen Züge der eben Er¬
588 2396 1862 2457 dolchte trug, ihn am Abend zu besuchen. Aus dem Traumbild wird
140 2391 604 2463 rote Hahn“ wurde
597 2448 981 2502 Wahrheit werden.
139 2446 584 2502 auch die enragiertesten
1295 2460 1861 2532 Krankenhaus=Milien. Im
689 2459 1282 2540 „Die letzten Masken“.
105 2484 590 2549 ßten zugeben, daß „ihr“
596 2514 1867 2566 Hospital liegt sterbend der Jeurnalist Rademacher. Er war ein
98 2513 596 2585 froffen. Aber, wie Reuter
114 2560 1863 2614 ern sin Nachtigal“ — der starkes, tiefes, feines Talent, dem zum Vollbringen nur jenes kleine
582 2576 1874 2649 Etwas fehlte, das man Glück nennt. Glück aber hat sein Freund
111 2600 596 2655 Schnitzlers „Leben¬
587 2623 1873 2703 Weihgast, das Prototyp schwachköpfiger Halbheit, in unverdientem
115 2645 595 2707 Weise schneller, als beab¬
586 2675 1863 2734 Maße. Während Rademacher hungrig beiseite stehen mußte, durfte
104 2688 602 2746 konnten. Und Schnitzler
587 2706 1872 2768 jener an den reichen Tischen des Lebens schwelgen und in satter
89 2716 601 2784 der da kam, um die leere
591 2761 1874 2813 Selbstgefälligkeit sich in der Gunst der Menge spiegeln. Und doch
102 2769 593 2827 logie lachte die Sonne des
583 2798 1866 2864 hat die ausgleichende Gerechtigkeit gewaltet — Rademachers Leben
84 2792 587 2862 mungen, die er anklingen
597 2832 1880 2887 ist nicht ganz arm gewesen, denn des Freundes Weib, das des
91 2835 600 2903 er kleinen Stücke entstanden
593 2877 1876 2936 Gatten innere Leere erkannte und ihn verachtete, hat den Sonnen¬
94 2883 594 2939 st, des Leben der Künstler
600 2905 1868 2976 schein hineingetragen, ist des armen Teufels Geliebte gewesen. Rade¬
101 2915 599 2986 in jene Sphäre, psycho¬
588 2959 1865 3015 macher liegt im Sterben, und nun, da dieses elende Dasein sich dem
85 2961 594 3017 us dem Gegensatz zwischen
593 2983 1882 3052 Ende neigt, will er Abrechnung halten, will er dem einstigen Ge¬
88 3014 598 3065 nnen, aus dem Zusammen¬
592 3036 1872 3095 nossen einmal, nur ein einziges Mal die ganze nackte Wahrheit
91 3032 600 3098 Enteressen heraus, geboren.
86 3079 1882 3142 Lebendige Stunden“ ins Gesicht schleudern. Wie er ihm alles vorhalten, was er sagen
88 3110 1877 3179 r der einzige, der nicht so wird, das zeigt er in einer bewegten Szene einem Spitalgenossen.
97 3153 1877 3209 weniger um ein Erlebnis, Aber dann kommt Weihgast, und vor seiner banalen Freundlichkeit
85 3186 1874 3254 absvielte, als um eine Er= und mitleidsvollen Milde hält Rademachers Ingrimm nicht stand:
96 3231 1870 3290 war mehr theoretisch ge¬ aus der Verachtung, die er für des anderen Wesen empfindet, er¬
93 3274 1883 3338 Wirkung auszuüben. Der wächst ihm ein höherer Gesichtsvunkt der ihn über kleinliche Rache¬
77 3314 1879 3381 ie Mutter eines Künstlers, gelüste, über menschliche Schwäche hinaushebt. Das Wort bleibt
80 3357 1879 3422 kenlager gefesselt ist, giebt ungesprochen, aber auch ungesprochen hat es Rademacher die innere
598 3391 1792 3446 Befreiung gebracht, und friedlich lehnt er sich zurück und stirbt.
86 3403 614 3464 hn von dem seelischen Druck
719 3429 1886 3500 „Die letzten Masken“ sind vielleicht das wertvollste der
94 3446 612 3501 hn ausübt, um ihn wieder
594 3471 1877 3522 vier Stücke, sie wirken am unmittelbarsten und fanden auch den
83 3490 599 3545 denmütige Opferthat mußte
87 3510 1880 3568 aber erfahren wir sie durch stärksten Erfolg Und mit einer tollen Satire klang dann der Abend
94 3553 1883 3613 der sie dem Sohne erzählt harmonisch aus, mit dem Schwank „Litteratur“ der mit köst¬
594 3581 1878 3655 licher Laune die Münchener Schriftsteller=Bohême schildert. Das
87 3603 602 3674 nen erlösenden Folgen illu¬
602 3617 1873 3688 übermütige Werkchen gipfelt in einer originellen Enthüllung: ein
595 3656 1881 3729 Schriftsteller und eine Schriftstellerin, die einst ein verschwiegenes
89 3663 599 3731 8 „Die Frau mit dem
595 3709 1879 3771 illegitimes Glück genossen, habe ihre Erfahrungen von damals in
77 3729 589 3777 Frau eines Künstlers, mit
596 3758 1882 3813 Romanen verwertet und haben beide in diesen Romanen auch ihren
90 3758 609 3819 ochte; noch schwankt sie in
90 3795 1892 3866 ob sie ihm gewähren solle Brieswechsel von damals wörtlich zum Abdruck gebracht. So broht
