3392 4224
173 180 2359 293 16.1. Lebendige Stunden zyklus box 21/5
1927 442 2381 530 Leonhards, erklärt sie:
2381 461 3039 549 „Ich komme heute Abend.“ Der
1918 496 3031 576 Dichter macht dazu in seinem Buche für die Darstellerin die
1917 532 3039 618 Bemerkung: „Pauline faßt sich. In ihren Zügen drückt sich
1921 591 3035 657 allmählich die Ueberzeugung aus, daß ein Schicksal über ihr
1921 619 3031 707 ist, dem sie nicht entrinnen kann. Sie reicht Leonhard die
1916 668 3021 755 Hand, sieht ihm ernst und fest ins Auge und sagt, nicht mit
1917 699 3023 783 dem Ausdruck der Liebe, sondern der Entschlossenheit: „Ich
1925 741 3020 814 komme.“ — Wir dürfen also annehmen, daß sich an Beiden ein
1918 779 3013 849 ähnliches Schicksal vollziehen wird, wie die Phantasie Paulinens
1912 818 3021 890 es uns eben in den Gestalten der Paola, Lionardos und
1924 856 3013 946 Remigios schauen ließ, und Paulinens Gatte wird daraus zwar
1910 895 2867 981 kein Bild machen, aber wahrscheinlich ein Theaterstück.
2020 936 3023 1019 Im dritten Stück „Die letzten Masken“ tritt die
1904 957 3018 1055 bisher aufgezeigte Stoffverwandtschaft weniger deutlich zu Tage,
1907 1009 3010 1089 wenn man sie überhaupt anerkennen will. Wir sind im Wiener
1903 1059 3017 1129 allgemeinen Krankenhause; ein Journalist mit Namen Rade¬
1906 1086 3010 1165 macher und ein Schauspieler gehen dort ihrer Auflösung ent¬
1911 1141 3019 1209 gegen. Der Kommödiant, selber im höchsten Stadium der
1910 1175 3013 1238 Schwindsucht, treibt an seiner Umgebung mimische Studien
1914 1210 3008 1287 und der Journalist läßt sein Leben an sich vorbeiziehen, das
1903 1257 3009 1321 Mühe und Arbeit war; die losen Blätter seines Schaffens ver¬
1904 1294 3017 1350 wehte der Wind. Dagegen bläht sich sein einstiger Freund
1908 1330 3020 1414 Weihgast als der große Bühnenschriftsteller und ist doch das bei
1909 1366 1995 1407 90=1
1914 1384 3006 1423 Weitem kärglichere Talent von Beiden, ein geschickter In¬
1912 1414 3031 1489 dustrieller der Feder, während die tiefere Beaabung Rade¬
1912 1459 3007 1519 machers sich in der Zeitungstretmühle aufrieb und kaum ge¬
1902 1493 3010 1559 bührend gewürdigt wurde. Nur die Frau Weihgasts fühlte
1906 1535 3005 1584 den Unterschied und sie ward die Geliebte des Journa¬
1904 1577 3012 1642 listen zwei Jahre hindurch. Es packt Rademacher der un¬
1912 1607 3021 1676 widerstehliche Drang, noch vor seinem Scheiden die auf¬
1913 1657 3013 1725 geblähte Größe Weihgasts zu vernichten, indem er ihm
2339 1678 2399 1730 ent
1904 1687 3009 1760 dieses Geheimniß entgegenschleudert. Er läßt ihn zu sich
1907 1732 3007 1799 rufen; inzwischen aber hält er mit dem Schauspieler eine Art
1904 1765 2002 1803 9
1913 1789 3002 1843 Prode ab. Alles, was er Weihgast ins Gesicht werfen will,
1911 1814 2997 1880 spricht er vor dem Schauspieler aus, und er spricht es sich
1908 1850 3005 1910 damit wirklich vom Herzen herunter. Denn als Weihgast dann
1903 1892 3000 1951 kommt, sagt er ihm nichts von Allem; was geht ihn, den
1907 1934 2998 1974 Sterbenden, noch die Welt da draußen an! Das Stück in seiner
1905 1970 3000 2032 schlichten Schilderung menschlichen Elends und menschlichen
1912 2012 2996 2058 Ringens ist von ergreifender Wirkung, aber die Beziehung zu
1902 2053 2999 2114 dem Thema, wenn man so sagen darf ist äußerst locker. Man
1901 2082 3025 2145 könnte höchstens sagen, daß in dem Aussprechen und damit in ##
1906 2129 3003 2189 der Gestaltung seiner Empfindungen gegen Weihgast diese Em¬
1899 2168 2999 2236 pfindungen selbst für Rademacher ihre Beutung verloren haben.
2011 2213 2997 2271 Im vierten Stück, „Literatur“ betitelt, wird der
1901 2231 3000 2306 Zusammenhang zwischen Mensch und Künstlerschaft ins Heitere
1901 2299 2995 2351 gewendet; es ist ein keckes, lustiges Capriccio. Man kann nicht
1901 2340 2995 2390 sagen, daß die Beiden, die da wesentlich in Betracht kommen,
1894 2364 3007 2432 künstlerische Vollnaturen wären; sie führten ihren Liebeshandel
838 2385 932 2452 SORE
1892 2403 3000 2462 als Literaten, um ihn literarisch zu verwerthen; es ist nicht!
924 2419 1891 2493 * Bellevne=Theater. Man gab gestern zum ersten
1903 2450 3011 2507 das Erleben das sich bei ihnen fast zwangsmäßig in ein künsi¬
795 2463 1887 2531 Male „Lebendige Stunden“ von Arthur Schnitzler, dem
1910 2490 3004 2560 lerisches Gebilde umsetzt, sondern sie empfinden oder heucheln
810 2517 1898 2569 feinsinnigen Wiener Poeten. Es händelt sich um vier Ein¬
1899 2521 2991 2596 Empfindungen, um daraus ein Buch zu machen. Die Satire
806 2563 1889 2612 akter, von denen der erste den Titel trägt der dann vom
1914 2567 2832 2616 ritt unabsichtlich auf und wirkt damit um so sicherer.
798 2595 1895 2644 Dichter sämmtlichen vier als Obertitel vorgesetz wurde. Damit
2009 2598 3000 2660 Und nun die Aufführung, das Publikum? Es
809 2640 1890 2691 ist natürlich noch =nicht gesagt, daß dieser Titel auch allen
1900 2653 2997 2702 gab lebhaften Beifall nach jedem Stück und die Darsteller
803 2676 1884 2733 vieren gemeinsam zßkommen gewissermaßen die Idee andeuten
1906 2676 3033 2757 thaten ihr Bestes wenn man auch mitunter die feste, sichere
806 2715 1895 2772 solle, von der alle Fettagen werden, die sie bald in dieser, bald
1894 2727 3018 2792 Hand des Herrn Direktors Resemanns vermißte. Ob aber der ##
798 2751 1892 2814 in jener Gestält beleuchten, vexanschaulichen; ja es ist sogar
1900 2762 3048 2811 Eindruck auf die Zuschauer ein tieferer war, ob sie mit den ##
800 2784 1886 2843 schwer, winn nicht unmäglicheaus den vier Stücken eine solche
1899 2802 3061 2848 mancherlei Räthseln, die Schnitzler aufgiebt fertig wurden, ist b##
810 2844 1894 2887 gemeinsahme Grundidee überhaupt herauszulesen, und so wird
1904 2841 3009 2896 eine schwer zu beantwortende Frage. Sicher thaten in den
799 2874 1885 2925 man sich denn wohl mitsder Annahme begnügen müssen, daß
1902 2874 2999 2945 Lebendigen Stunden“ Herr Platen als Dichter und
809 2915 1895 2971 Schnitzter bei der gemeinsamen Benennung seiner vier Einakter
1906 2905 2989 2981 Herr Gehlen als der alte Hausdorfer das Mögliche, den
806 2955 1884 3009 verfahren ist, wie häufig die Verfasser eines Novellenbandes,
1899 2966 2996 3004 Widerstreit zwischen Durchschnittsmenschen und schaffendem
800 2979 1889 3044 die auf den Titel ihres Buches den der ersten und zumeist auch
1900 3000 2997 3059 Künstler, zwischen Alter und Jugend und ihrer verschiedenen
785 3040 1882 3085 j bedeutendsten der darin enthaltenen Erzählungen setzen, nach dem
1904 3034 2998 3082 Beurtheilung menschlichen Lebens zu verdeutlichen, aber doch
792 3060 1911 3122 alten Grundsatze: a potiori fit denominatio. — Freilich ein gewisses
1895 3081 2989 3126 dürfte Mancher gefragt haben: Wozu? Auch enthüllt sich
804 3114 1888 3170 Gemeinsames haben alle diese Einakter, indem sie zeigen, wie der
1906 3117 2990 3176 manche psychologische Feinheit, die das Stück birgt, nicht auf
812 3151 1892 3200 Künstler, sei er nun Dichter, Maler oder künlerisch schaffender
1902 3146 2996 3223 den ersten Blick. — Noch räthselvoller giebt sich die „Dame
801 3180 1884 3243 Tagesschriftsteller, sich mit den eigenen Seelenregungen abfindet,
1907 3201 2985 3258 mit dem Dolche". Sieht man's an sich vorüberziehen,
811 3228 1892 3277 wie ihm jedes eigene Gefühl, jedes seelische Erlebniß zum Stoffe
1894 3233 3005 3291 kommt man wohl auf den Einfall, Schnitzler habe etwa ein
810 3258 1888 3320 künstlerischer Bethätigung wird. Ein großer Mime hat von
1897 3275 2994 3329 Paradigma schreiben wollen zur Lehre Nietzsches von der
801 3301 1887 3362 sich berichtet, wie er unmittelbar nach dem Tode seiner innig
1902 3314 2993 3365 „ewigen Widerkunft". Und doch interessiren die Vorgänge,
799 3340 1890 3400 geliebten Frau, wo sein ganzes Innere von bitterstem Schmerze
1903 3343 2990 3405 zumal in der ausgezeichneten Darstellung der Pauline Paola
806 3380 1894 3429 durchwühlt war, sich plötzlich vor dem Spiegel fand, im eigenen
1904 3384 3001 3456 durch Frl. Falk. Herr Mühlhofer traf den Leonhardt
809 3423 1895 3478 Antlitz das Mienenspiel studirend, das Trauer und Schmerz
1901 3436 3001 3490 besser als den Lionardo; den Remigio stellen wir uns ein wenig
806 3462 1892 3517 darauf prägten. Sich selber unbewußt hatte er sich auf diesen
1902 3472 2990 3531 anders vor, als ihn Herr Filiszczanko zu geben vermochte;
807 3506 1882 3556 Beobachtungsposten begeben und als er es wahrnahm, erfüllte
1899 3493 3009 3568 Renaissance war das nicht, während man bei Frl. Falks Paola
797 3536 1891 3599 es ihn in Anbetracht der begleitenden Umstände mit tiefem
1891 3548 2996 3592 in der That die Luft des Cinquecento verspürte. (Die Verwank¬
801 3571 1895 3633 Ekel. Und doch hatte ein Etwas in ihm, das stärker
2842 3591 2892 3641 —
1896 3587 2812 3631 lung muß sich bei völlig dunkler Scene vollziehen.)
2879 3589 2996 3649 Am
805 3618 1889 3683 als er war, der Künstlerdrang, selbstthätig gewaltet.
1907 3624 2996 3684 menschlich rührendsten und einfach ergreifend sind „Die
866 3647 1893 3717 Wollte Schnitzler, als er Aehnliches in seinen Ein¬
1895 3668 2995 3727 letzten Masken“. Herr Braatz zeichnete den sterbenden
794 3689 1886 3747 aktern verwerthete, über diese Erscheinungen, diesen egoistischen
1896 3694 2990 3748 Journalisten in schlichten, packenden Zügen und Herrn
802 3741 1894 3787 Ausbeutungstrieb der Künstlerseele, dieses Fertigwerden mit
1898 3745 2995 3800 Willhains schwindsüchtiger Schauspieler war von guter
813 3775 1882 3842 Allem, sobald es irgendwie Form erhalten, zu Gericht sitzen?
1904 3781 2993 3837 Wirkung; ob man ihm freilich glauben konnte, daß er in acht
811 3814 1891 3865 Wie ein Zug von Ironie, hier kräftiger, dort leiser, geht es
1890 3814 2930 3861 Tagen bereits „versterben“ werde, ist eine andere Frage. —
806 3855 1171 3910 durch alle vier.
1156 3855 1885 3907 Gleich der Dichter, den er uns
1901 3860 2990 3912 „Literatur", das flotte Satyrspiel nach soviel Tragödien,
798 3889 1868 3951 im ersten Stück, den „Lebendigen Stunden“
1900 3898 2991 3951 stieß beim Publikum auf volles Verständniß. Philistermoral
811 3930 1886 3992 vorführt, spielt als trauernder Sohn eine nicht grade
1904 3946 2998 4000 und Literatenwesen werden hier gleich lustig verspottet und
802 3974 1886 4024 rühmliche Rolle. Seine Mutter ist von hinnen gegangen,
1909 3981 3001 4019 fanden in dem adligen Sportsman des Herrn Henry und Frl.
796 4007 1882 4060 hat selbst Hand an sich gelegt, weil sie merkte, daß sie
1907 4011 3007 4057 Wiuckler und Herrn Rohde als den „Dichtern“ ihres
801 4050 1893 4100 dem Sohne lästig war, da ihr Stöhnen und Klagen in schwerem
1891 4060 3015 4124 Liebesromans gelungene typische Vertreter, die miteinander leb¬
808 4088 1883 4134 körperlichen Leid ihn an der Arbeit hinderte. Als er es er¬
1890 4093 2320 4154 hafte Heiterkeit weckten.
805 4111 862 4155 40
2837 4084 3189 4151 iu
2372 4109 2521 4155 r u
1780 4132 1880 4177 Mnn
1656 4128 1754 4176 Ailen
1475 4134 1562 4174 Wege
815 4129 877 4188 S
