<?xml version="1.0" encoding="UTF-8" standalone="yes"?>
<PcGts xmlns="http://schema.primaresearch.org/PAGE/gts/pagecontent/2013-07-15" xmlns:xsi="http://www.w3.org/2001/XMLSchema-instance" xsi:schemaLocation="http://schema.primaresearch.org/PAGE/gts/pagecontent/2013-07-15 http://schema.primaresearch.org/PAGE/gts/pagecontent/2013-07-15/pagecontent.xsd">
    <Metadata>
        <Creator>prov=University of Rostock/Institute of Mathematics/CITlab/Gundram Leifert/gundram.leifert@uni-rostock.de:name=ONB_Newseye_GT_M1+(htr_id=10810)::::v=2.4.2
prov=University of Rostock/Institute of Mathematics/CITlab/Tobias Gruening/tobias.gruening@uni-rostock.de:name=de.uros.citlab.module.baseline2polygon.B2PSeamMultiOriented:v=2.4.2
prov=University of Rostock/Institute of Mathematics/CITlab/Tobias Gruening/tobias.gruening@uni-rostock.de:name=/mnt/transkribus/LA/DEA/URO/LA_news_onb_att.pb:de.uros.citlab.segmentation.CITlab_LA_ML:v=2.4.2
Transkribus</Creator>
        <Created>2019-10-07T11:36:07.454+02:00</Created>
        <LastChange>2019-10-08T19:20:50.690+02:00</LastChange>
        <TranskribusMetadata docId="223975" pageId="9502434" pageNr="538" tsid="16607581" status="IN_PROGRESS" userId="40391" imgUrl="https://files.transkribus.eu/Get?id=KHJOPIQYNBGUOPCPZWKTSQND&amp;fileType=view" xmlUrl="https://files.transkribus.eu/Get?id=SOIGUQHZWZCHEYQMHWAGGXUE" imageId="6192652"/>
    </Metadata>
    <Page imageFilename="223975_0538.jpeg" imageWidth="3392" imageHeight="4224">
        <ReadingOrder>
            <OrderedGroup id="ro_1711449959436" caption="Regions reading order">
                <RegionRefIndexed index="0" regionRef="r1"/>
                <RegionRefIndexed index="1" regionRef="r2"/>
            </OrderedGroup>
        </ReadingOrder>
        <TextRegion orientation="0.0" id="r1" custom="readingOrder {index:0;}">
            <Coords points="238,250 238,3834 1861,3834 1861,250"/>
            <TextLine id="r1l1" custom="readingOrder {index:0;}">
                <Coords points="228,290 1872,304 1872,235 1718,214 1452,279 1284,215 228,227"/>
                <Baseline points="238,275 319,280 400,284 481,287 562,290 643,292 724,294 806,295 887,295 968,295 1049,295 1130,295 1211,294 1292,294 1374,293 1455,293 1536,293 1617,293 1698,293 1779,293 1861,294"/>
                <TextEquiv>
                    <Unicode>16.1. Lebendige Stunden— Zuklus</Unicode>
                </TextEquiv>
            </TextLine>
            <TextLine id="r1l2" custom="readingOrder {index:1;}">
                <Coords points="828,857 1280,875 1282,818 1185,795 1078,800 1048,785 1033,796 1011,781 966,802 944,789 830,788"/>
                <Baseline points="840,827 865,828 890,829 916,830 941,830 967,831 992,832 1017,832 1043,833 1068,833 1094,834 1119,835 1144,835 1170,837 1195,838 1221,839 1246,841 1272,843"/>
                <TextEquiv>
                    <Unicode>Telephon 12801.</Unicode>
                </TextEquiv>
            </TextLine>
            <TextLine id="r1l3" custom="readingOrder {index:2;}">
                <Coords points="456,922 1527,967 1688,953 1690,898 458,877"/>
                <Baseline points="467,915 527,917 588,920 648,922 709,923 769,925 830,927 890,928 951,929 1011,931 1072,932 1133,933 1193,935 1254,936 1314,938 1375,940 1435,942 1496,944 1556,946 1617,948 1678,951"/>
                <TextEquiv>
                    <Unicode>Alex. Weigl's Unternehmen für Zeitungs-Ausschnitte</Unicode>
                </TextEquiv>
            </TextLine>
            <TextLine id="r1l4" custom="readingOrder {index:3;}">
                <Coords points="1443,1028 1502,1014 1524,1020 1536,1012 1595,1032 1613,1028 1638,1005 1666,1005 1666,946 1633,948 1617,963 1575,955 1528,967 1500,965 1485,953 1443,959"/>
                <Baseline points="1452,1005 1477,1004 1503,1004 1528,1003 1554,1003 1579,1003 1605,1003 1630,1004 1656,1004"/>
                <TextEquiv>
                    <Unicode>Ausschnitt</Unicode>
                </TextEquiv>
            </TextLine>
            <TextLine id="r1l5" custom="readingOrder {index:4;}">
                <Coords points="370,1031 391,1035 403,1023 419,1019 445,1034 464,1021 488,1030 506,1018 523,1018 523,932 474,932 466,940 444,932 428,948 407,952 383,970 371,970"/>
                <Baseline points="380,1008 406,1007 432,1006 459,1005 485,1006 512,1011"/>
                <TextEquiv>
                    <Unicode>70</Unicode>
                </TextEquiv>
            </TextLine>
            <TextLine id="r1l6" custom="readingOrder {index:5;}">
                <Coords points="1234,1039 1248,1039 1258,1031 1285,1043 1307,1029 1321,1037 1335,1035 1348,1045 1413,1028 1412,1006 1392,1002 1366,980 1339,972 1319,953 1293,966 1270,954 1250,968 1234,966"/>
                <Baseline points="1244,1031 1270,1029 1296,1027 1323,1027 1349,1027 1375,1028 1402,1031"/>
                <TextEquiv>
                    <Unicode>Dt</Unicode>
                </TextEquiv>
            </TextLine>
            <TextLine id="r1l7" custom="readingOrder {index:6;}">
                <Coords points="681,1064 746,1081 818,1054 892,1076 992,1057 1065,1085 1144,1064 1331,1094 1332,1029 1210,1043 1115,978 1026,1003 930,991 894,1015 847,986 798,1005 758,972 682,1017"/>
                <Baseline points="692,1050 723,1049 755,1049 786,1049 818,1049 849,1049 881,1049 912,1050 944,1050 975,1050 1007,1051 1038,1052 1070,1052 1101,1053 1133,1054 1164,1055 1196,1056 1227,1057 1259,1058 1290,1059 1322,1060"/>
                <TextEquiv>
                    <Unicode>„OBSERVEIT</Unicode>
                </TextEquiv>
            </TextLine>
            <TextLine id="r1l8" custom="readingOrder {index:7;}">
                <Coords points="1485,1079 1509,1075 1542,1103 1609,1092 1627,1107 1658,1112 1690,1100 1727,1065 1753,1075 1753,1017 1722,1013 1660,1037 1645,1023 1595,1032 1534,1014 1497,1040 1485,1038"/>
                <Baseline points="1495,1081 1522,1081 1550,1081 1577,1082 1605,1083 1632,1084 1660,1084 1687,1083 1715,1080 1743,1075"/>
                <TextEquiv>
                    <Unicode>Nr. 407</Unicode>
                </TextEquiv>
            </TextLine>
            <TextLine id="r1l9" custom="readingOrder {index:8;}">
                <Coords points="326,1114 1732,1174 1752,1119 327,1077"/>
                <Baseline points="337,1105 407,1107 477,1109 547,1112 617,1113 688,1115 758,1117 828,1119 898,1121 968,1123 1039,1125 1109,1126 1179,1129 1249,1130 1319,1132 1390,1134 1460,1136 1530,1139 1600,1141 1670,1143 1741,1146"/>
                <TextEquiv>
                    <Unicode>L. österr. behördl. conc. Bureau für Zeitungsberichte u. Personalnachrichte</Unicode>
                </TextEquiv>
            </TextLine>
            <TextLine id="r1l10" custom="readingOrder {index:9;}">
                <Coords points="541,1181 936,1224 1000,1200 1340,1233 1562,1213 1563,1175 1511,1159 543,1124"/>
                <Baseline points="551,1177 601,1178 651,1181 701,1182 751,1184 801,1185 851,1187 901,1188 951,1189 1001,1190 1051,1192 1101,1193 1151,1195 1201,1196 1251,1197 1301,1200 1351,1201 1401,1203 1451,1207 1501,1209 1551,1212"/>
                <TextEquiv>
                    <Unicode>Wien, IX/1, Türkenstrasse 17.</Unicode>
                </TextEquiv>
            </TextLine>
            <TextLine id="r1l11" custom="readingOrder {index:10;}">
                <Coords points="729,1261 1097,1266 1228,1290 1367,1270 1368,1231 1310,1211 1204,1206 1151,1229 991,1205 942,1226 731,1210"/>
                <Baseline points="740,1252 770,1251 801,1250 832,1250 863,1250 894,1251 925,1251 955,1253 986,1254 1017,1255 1048,1257 1079,1257 1110,1259 1141,1260 1171,1261 1202,1262 1233,1263 1264,1263 1295,1263 1326,1263 1357,1262"/>
                <TextEquiv>
                    <Unicode> Fillale in Budapest: „Figyelö“ —</Unicode>
                </TextEquiv>
            </TextLine>
            <TextLine id="r1l12" custom="readingOrder {index:11;}">
                <Coords points="327,1303 1738,1376 1741,1274 328,1271"/>
                <Baseline points="337,1299 406,1300 476,1302 545,1303 615,1305 685,1306 754,1308 824,1310 893,1312 963,1314 1033,1316 1102,1318 1172,1320 1241,1323 1311,1325 1381,1327 1450,1330 1520,1332 1589,1335 1659,1337 1729,1340"/>
                <TextEquiv>
                    <Unicode>Vertretungen in Berlin, Chicago, Genf, London, Newyork, Paris, Rom, Stockholn</Unicode>
                </TextEquiv>
            </TextLine>
            <TextLine id="r1l13" custom="readingOrder {index:12;}">
                <Coords points="319,1443 762,1472 937,1430 1036,1482 1643,1541 1669,1431 1023,1382 828,1422 456,1373 320,1409"/>
                <Baseline points="328,1440 394,1442 460,1445 527,1447 593,1450 659,1453 726,1457 792,1459 858,1463 925,1466 991,1470 1057,1473 1124,1476 1190,1480 1256,1484 1323,1488 1389,1491 1455,1495 1522,1499 1588,1502 1655,1507"/>
                <TextEquiv>
                    <Unicode>Ausschnitt aus: Framdenblatt, Wien</Unicode>
                </TextEquiv>
            </TextLine>
            <TextLine id="r1l14" custom="readingOrder {index:13;}">
                <Coords points="322,1591 404,1612 451,1598 547,1632 599,1606 661,1632 793,1603 943,1653 962,1549 324,1545"/>
                <Baseline points="332,1582 362,1585 393,1587 424,1588 455,1590 486,1591 517,1592 547,1593 578,1594 609,1595 640,1596 671,1597 702,1599 733,1600 763,1602 794,1604 825,1606 856,1610 887,1615 918,1619 949,1624"/>
                <TextEquiv>
                    <Unicode>vom: /#71 70 7.</Unicode>
                </TextEquiv>
            </TextLine>
            <TextLine id="r1l15" custom="readingOrder {index:14;}">
                <Coords points="1057,1752 1176,1735 1240,1761 1296,1734 1392,1755 1432,1729 1485,1743 1655,1716 1652,1647 1253,1675 1210,1658 1164,1683 1133,1661 1055,1691"/>
                <Baseline points="1067,1737 1095,1736 1124,1735 1153,1734 1182,1732 1211,1732 1240,1730 1269,1728 1298,1727 1327,1726 1356,1724 1384,1723 1413,1722 1442,1721 1471,1720 1500,1719 1529,1718 1558,1717 1587,1717 1616,1716 1645,1716"/>
                <TextEquiv>
                    <Unicode>RRSATZ</Unicode>
                </TextEquiv>
            </TextLine>
            <TextLine id="r1l16" custom="readingOrder {index:15;}">
                <Coords points="366,2118 1590,2120 1651,2107 1650,2038 365,2069"/>
                <Baseline points="376,2112 439,2112 502,2112 565,2112 628,2112 692,2111 755,2111 818,2111 881,2110 944,2110 1008,2109 1071,2109 1134,2108 1197,2107 1260,2107 1324,2106 1387,2105 1450,2104 1513,2103 1576,2102 1640,2101"/>
                <TextEquiv>
                    <Unicode>(Vortragsabend Schläger=Demuth=Heine.) Drei Hof¬</Unicode>
                </TextEquiv>
            </TextLine>
            <TextLine id="r1l17" custom="readingOrder {index:16;}">
                <Coords points="229,2184 1613,2160 1663,2115 533,2134 228,2089"/>
                <Baseline points="239,2160 309,2161 380,2162 451,2162 522,2162 592,2162 663,2161 734,2160 805,2159 875,2158 946,2157 1017,2156 1088,2155 1158,2154 1229,2153 1300,2152 1371,2152 1441,2151 1512,2151 1583,2151 1654,2152"/>
                <TextEquiv>
                    <Unicode>würdenträger aus dem Reiche der Kunst haben gestern ihre Stimmen</Unicode>
                </TextEquiv>
            </TextLine>
            <TextLine id="r1l18" custom="readingOrder {index:17;}">
                <Coords points="267,2222 1595,2210 1634,2151 266,2173"/>
                <Baseline points="277,2209 344,2210 411,2211 479,2211 546,2211 614,2210 681,2210 748,2209 816,2208 883,2207 951,2206 1018,2205 1085,2204 1153,2202 1220,2201 1288,2200 1355,2199 1422,2198 1490,2197 1557,2195 1625,2195"/>
                <TextEquiv>
                    <Unicode>zu. Gunsten des „Ersten offentlichen Kinder=Krankeninstitutes“ ver¬</Unicode>
                </TextEquiv>
            </TextLine>
            <TextLine id="r1l19" custom="readingOrder {index:18;}">
                <Coords points="266,2264 1645,2260 1615,2203 1516,2186 1406,2224 265,2221"/>
                <Baseline points="276,2255 343,2256 411,2257 479,2258 547,2258 615,2257 683,2257 751,2256 819,2255 887,2254 955,2253 1022,2251 1090,2250 1158,2249 1226,2247 1294,2246 1362,2245 1430,2244 1498,2243 1566,2242 1634,2241"/>
                <TextEquiv>
                    <Unicode>einigt und mit einem äußerst genußreichen Vokalabend, mit Wort</Unicode>
                </TextEquiv>
            </TextLine>
            <TextLine id="r1l20" custom="readingOrder {index:19;}">
                <Coords points="266,2304 1545,2307 1656,2298 1656,2255 266,2265"/>
                <Baseline points="276,2301 344,2301 413,2301 481,2301 550,2300 618,2300 687,2299 755,2299 824,2298 892,2298 961,2297 1029,2296 1098,2296 1166,2295 1235,2294 1303,2293 1372,2293 1440,2292 1509,2291 1577,2291 1646,2290"/>
                <TextEquiv>
                    <Unicode>und Ton, den kranken Kleinen wie den gesunden Großen wohlgethan.</Unicode>
                </TextEquiv>
            </TextLine>
            <TextLine id="r1l21" custom="readingOrder {index:20;}">
                <Coords points="268,2360 1449,2355 1628,2347 1646,2300 267,2305"/>
                <Baseline points="278,2351 345,2350 413,2348 481,2347 549,2346 617,2346 685,2345 753,2344 821,2343 889,2343 957,2342 1024,2342 1092,2341 1160,2340 1228,2340 1296,2339 1364,2338 1432,2337 1500,2336 1568,2335 1636,2334"/>
                <TextEquiv>
                    <Unicode>Kammersängerin Antonie Schläger begab sich, nachdem sie Mendels¬</Unicode>
                </TextEquiv>
            </TextLine>
            <TextLine id="r1l22" custom="readingOrder {index:21;}">
                <Coords points="259,2400 1593,2399 1676,2335 259,2360"/>
                <Baseline points="269,2399 338,2399 408,2398 478,2397 548,2396 618,2395 688,2395 758,2393 828,2392 898,2391 968,2390 1037,2389 1107,2388 1177,2387 1247,2386 1317,2385 1387,2384 1457,2384 1527,2383 1597,2383 1667,2382"/>
                <TextEquiv>
                    <Unicode>sohn's „Frage“ vorgebracht, gleich ins Dramatische und verkündete</Unicode>
                </TextEquiv>
            </TextLine>
            <TextLine id="r1l23" custom="readingOrder {index:22;}">
                <Coords points="272,2449 1589,2446 1654,2380 271,2403"/>
                <Baseline points="282,2446 350,2444 418,2443 486,2442 554,2441 622,2440 690,2439 758,2439 826,2438 894,2437 963,2436 1031,2436 1099,2435 1167,2434 1235,2434 1303,2433 1371,2433 1439,2432 1507,2431 1575,2431 1644,2430"/>
                <TextEquiv>
                    <Unicode>den „Doppelgänger“, sowie die „Allmacht“. Nach diesen Emanationen</Unicode>
                </TextEquiv>
            </TextLine>
            <TextLine id="r1l24" custom="readingOrder {index:23;}">
                <Coords points="261,2500 1538,2501 1653,2477 1653,2420 260,2454"/>
                <Baseline points="270,2492 338,2491 407,2489 476,2488 544,2487 613,2486 682,2485 750,2485 819,2484 888,2483 957,2483 1025,2482 1094,2481 1163,2481 1231,2480 1300,2480 1369,2479 1437,2478 1506,2477 1575,2476 1644,2475"/>
                <TextEquiv>
                    <Unicode>ihres kraftstrotzenden, doch sorgsam bezähmten, bewachten Organes</Unicode>
                </TextEquiv>
            </TextLine>
            <TextLine id="r1l25" custom="readingOrder {index:24;}">
                <Coords points="271,2553 1696,2507 270,2498"/>
                <Baseline points="282,2542 352,2539 422,2536 492,2534 562,2533 633,2532 703,2531 773,2530 843,2530 913,2529 984,2529 1054,2529 1124,2529 1194,2528 1264,2527 1335,2527 1405,2525 1475,2524 1545,2522 1615,2520 1686,2516"/>
                <TextEquiv>
                    <Unicode>erzielte die stets zur prächtigen Disposition gestellte Primadonna die s.</Unicode>
                </TextEquiv>
            </TextLine>
            <TextLine id="r1l26" custom="readingOrder {index:25;}">
                <Coords points="258,2606 1718,2585 1717,2532 1555,2526 257,2543"/>
                <Baseline points="269,2587 340,2585 412,2585 484,2584 556,2583 628,2581 700,2581 772,2580 844,2579 916,2578 988,2577 1059,2576 1131,2575 1203,2575 1275,2574 1347,2574 1419,2574 1491,2573 1563,2573 1635,2573 1707,2573"/>
                <TextEquiv>
                    <Unicode>zartesten Wirkungen in lyrischen Dingen, worunter sich ein allerliebster ias</Unicode>
                </TextEquiv>
            </TextLine>
            <TextLine id="r1l27" custom="readingOrder {index:26;}">
                <Coords points="266,2648 1726,2612 1725,2574 266,2607"/>
                <Baseline points="277,2632 348,2632 420,2631 492,2631 564,2630 636,2629 708,2629 780,2628 852,2627 924,2626 996,2625 1067,2624 1139,2623 1211,2622 1283,2621 1355,2620 1427,2619 1499,2617 1571,2616 1643,2615 1715,2613"/>
                <TextEquiv>
                    <Unicode>„Mondschein“ von J. Fischer befand. Wer mit Donnerstimme ien</Unicode>
                </TextEquiv>
            </TextLine>
            <TextLine id="r1l28" custom="readingOrder {index:27;}">
                <Coords points="261,2687 1648,2673 1647,2620 261,2638"/>
                <Baseline points="272,2679 340,2679 408,2678 476,2678 545,2677 613,2676 681,2676 750,2675 818,2674 886,2674 955,2673 1023,2672 1091,2671 1159,2671 1228,2670 1296,2669 1364,2668 1433,2668 1501,2667 1569,2666 1638,2666"/>
                <TextEquiv>
                    <Unicode>flüstern, hauchen kann, dem ist große Kunst zu eigen. Mit drei</Unicode>
                </TextEquiv>
            </TextLine>
            <TextLine id="r1l29" custom="readingOrder {index:28;}">
                <Coords points="271,2733 1544,2728 1647,2672 271,2687"/>
                <Baseline points="282,2727 349,2727 417,2726 485,2726 553,2725 621,2725 688,2724 756,2723 824,2723 892,2722 960,2721 1027,2720 1095,2719 1163,2718 1231,2717 1299,2716 1366,2715 1434,2714 1502,2713 1570,2712 1638,2711"/>
                <TextEquiv>
                    <Unicode>Balladen von Löwe bewies Kammersänger Demuth seine</Unicode>
                </TextEquiv>
            </TextLine>
            <TextLine id="r1l30" custom="readingOrder {index:29;}">
                <Coords points="1651,2748 1665,2748 1667,2750 1673,2748 1675,2750 1684,2747 1696,2751 1702,2745 1714,2746 1715,2707 1705,2707 1695,2711 1691,2706 1685,2710 1667,2695 1653,2695"/>
                <Baseline points="1661,2740 1704,2741"/>
                <TextEquiv>
                    <Unicode>1e</Unicode>
                </TextEquiv>
            </TextLine>
            <TextLine id="r1l31" custom="readingOrder {index:30;}">
                <Coords points="267,2790 1710,2776 1524,2711 266,2732"/>
                <Baseline points="277,2774 348,2775 419,2775 490,2775 561,2774 632,2773 703,2772 775,2771 846,2770 917,2768 988,2767 1059,2766 1130,2764 1201,2763 1273,2762 1344,2762 1415,2762 1486,2762 1557,2763 1628,2764 1700,2766"/>
                <TextEquiv>
                    <Unicode>deklamatorische, in verschiedenen Liedern seine gesangliche Meisterschaft n.</Unicode>
                </TextEquiv>
            </TextLine>
            <TextLine id="r1l32" custom="readingOrder {index:31;}">
                <Coords points="264,2829 1706,2827 1705,2788 1520,2764 264,2791"/>
                <Baseline points="274,2821 345,2821 416,2820 487,2819 558,2819 629,2818 700,2817 771,2816 842,2816 913,2815 985,2814 1056,2813 1127,2813 1198,2812 1269,2811 1340,2811 1411,2810 1482,2809 1553,2808 1624,2808 1696,2807"/>
                <TextEquiv>
                    <Unicode>und ließ hier wie dort seiner Mittel Pracht erglänzen. g#</Unicode>
                </TextEquiv>
            </TextLine>
            <TextLine id="r1l33" custom="readingOrder {index:32;}">
                <Coords points="259,2870 1721,2864 1623,2812 259,2832"/>
                <Baseline points="269,2866 341,2866 413,2866 485,2865 557,2865 629,2864 701,2863 773,2862 845,2861 917,2860 989,2859 1061,2858 1133,2857 1205,2857 1277,2856 1349,2855 1421,2855 1493,2855 1565,2855 1637,2855 1710,2856"/>
                <TextEquiv>
                    <Unicode>Die Mitte des Programms hatte Herr Heine vom Burgtheater he</Unicode>
                </TextEquiv>
            </TextLine>
            <TextLine id="r1l34" custom="readingOrder {index:33;}">
                <Coords points="260,2924 1716,2924 1697,2855 260,2875"/>
                <Baseline points="270,2917 341,2916 413,2915 485,2914 557,2913 629,2912 700,2912 772,2911 844,2910 916,2909 988,2908 1059,2907 1131,2906 1203,2905 1275,2904 1347,2903 1418,2902 1490,2900 1562,2899 1634,2897 1706,2895"/>
                <TextEquiv>
                    <Unicode>inne; der Künstler las „Die letzten Masken“ aus dem Einakter= it¬</Unicode>
                </TextEquiv>
            </TextLine>
            <TextLine id="r1l35" custom="readingOrder {index:34;}">
                <Coords points="265,2969 1600,2965 1657,2906 264,2928"/>
                <Baseline points="274,2962 342,2961 411,2961 479,2961 548,2960 617,2960 685,2959 754,2958 822,2957 891,2956 960,2956 1028,2955 1097,2954 1165,2953 1234,2952 1303,2951 1371,2950 1440,2949 1508,2948 1577,2947 1646,2947"/>
                <TextEquiv>
                    <Unicode>Cyklus „Lebendige Stunden“ von Arthur Schnitzler. Schärfe der</Unicode>
                </TextEquiv>
            </TextLine>
            <TextLine id="r1l36" custom="readingOrder {index:35;}">
                <Coords points="264,3019 1651,3005 1650,2956 1563,2951 264,2971"/>
                <Baseline points="274,3012 342,3011 410,3010 478,3009 547,3008 615,3007 683,3006 752,3005 820,3004 888,3003 957,3003 1025,3002 1093,3001 1161,3000 1230,2999 1298,2998 1366,2997 1435,2996 1503,2995 1571,2994 1640,2993"/>
                <TextEquiv>
                    <Unicode>Beobachtung paart sich mit Schärfe in der Wiedergabe; auf dem</Unicode>
                </TextEquiv>
            </TextLine>
            <TextLine id="r1l37" custom="readingOrder {index:36;}">
                <Coords points="256,3069 1598,3059 1658,3052 1658,3001 255,3024"/>
                <Baseline points="266,3059 335,3057 404,3056 473,3055 542,3053 611,3053 680,3052 750,3051 819,3051 888,3050 957,3049 1026,3049 1095,3048 1164,3048 1234,3047 1303,3047 1372,3046 1441,3045 1510,3044 1579,3043 1649,3041"/>
                <TextEquiv>
                    <Unicode>Wege von der Observation zur Demonstration hat die dichterische</Unicode>
                </TextEquiv>
            </TextLine>
            <TextLine id="r1l38" custom="readingOrder {index:37;}">
                <Coords points="267,3111 1666,3096 1617,3046 267,3069"/>
                <Baseline points="278,3104 346,3103 415,3102 484,3101 553,3100 622,3099 691,3098 760,3098 829,3097 898,3096 967,3096 1035,3095 1104,3094 1173,3094 1242,3093 1311,3092 1380,3091 1449,3091 1518,3090 1587,3089 1656,3088"/>
                <TextEquiv>
                    <Unicode>Produktion einem alten Motiv ein neues Gewand geschaffen. Daß</Unicode>
                </TextEquiv>
            </TextLine>
            <TextLine id="r1l39" custom="readingOrder {index:38;}">
                <Coords points="255,3152 1564,3155 1653,3099 254,3111"/>
                <Baseline points="265,3151 337,3150 410,3149 482,3149 555,3148 627,3147 700,3147 773,3146 845,3145 918,3144 990,3143 1063,3142 1135,3141 1208,3140 1281,3139 1353,3138 1426,3136 1498,3135 1571,3134 1644,3132"/>
                <TextEquiv>
                    <Unicode>der Dichter angesichts des Ortes der Handlung (Spital) die Menschen¬</Unicode>
                </TextEquiv>
            </TextLine>
            <TextLine id="r1l40" custom="readingOrder {index:39;}">
                <Coords points="269,3206 1585,3196 1649,3179 1649,3124 268,3157"/>
                <Baseline points="279,3198 347,3198 415,3198 483,3197 551,3197 619,3196 687,3195 755,3194 823,3193 891,3193 959,3192 1027,3190 1095,3190 1163,3188 1231,3187 1299,3186 1367,3185 1435,3184 1503,3183 1571,3182 1640,3181"/>
                <TextEquiv>
                    <Unicode>freundlichkeit gewisser Aerzte etwas bissig streift, ist mit Rücksicht auf</Unicode>
                </TextEquiv>
            </TextLine>
            <TextLine id="r1l41" custom="readingOrder {index:40;}">
                <Coords points="266,3252 1659,3236 1611,3188 266,3208"/>
                <Baseline points="276,3246 344,3246 413,3246 481,3245 550,3245 619,3244 687,3243 756,3242 825,3241 893,3240 962,3239 1031,3238 1099,3237 1168,3236 1237,3234 1305,3233 1374,3232 1443,3231 1511,3229 1580,3228 1649,3226"/>
                <TextEquiv>
                    <Unicode>das früher Gesagte begreiflich. Herr Heine hat das feine Stück mit</Unicode>
                </TextEquiv>
            </TextLine>
            <TextLine id="r1l42" custom="readingOrder {index:41;}">
                <Coords points="253,3310 1658,3290 1657,3237 1552,3231 253,3273"/>
                <Baseline points="263,3295 332,3294 401,3292 470,3291 539,3290 609,3289 678,3288 747,3287 816,3286 885,3285 955,3284 1024,3284 1093,3283 1162,3282 1231,3282 1301,3281 1370,3280 1439,3279 1508,3278 1577,3277 1647,3276"/>
                <TextEquiv>
                    <Unicode>nicht zu überbietender Meisterschaft vorgetragen. Unter Festhaltung</Unicode>
                </TextEquiv>
            </TextLine>
            <TextLine id="r1l43" custom="readingOrder {index:42;}">
                <Coords points="269,3347 1662,3340 1661,3287 1564,3282 269,3298"/>
                <Baseline points="280,3340 348,3339 417,3338 485,3337 554,3336 622,3336 691,3335 759,3335 828,3334 896,3333 965,3333 1034,3332 1102,3331 1171,3331 1239,3330 1308,3329 1376,3327 1445,3326 1513,3325 1582,3323 1651,3321"/>
                <TextEquiv>
                    <Unicode>der für dramatische Saalvorträge ebenso rathsamen, wie schwierigen</Unicode>
                </TextEquiv>
            </TextLine>
            <TextLine id="r1l44" custom="readingOrder {index:43;}">
                <Coords points="267,3391 1664,3357 1663,3316 267,3348"/>
                <Baseline points="277,3388 345,3387 414,3386 483,3385 552,3384 621,3384 690,3383 758,3382 827,3381 896,3381 965,3380 1034,3379 1103,3378 1172,3377 1240,3376 1309,3375 1378,3374 1447,3373 1516,3372 1585,3370 1654,3369"/>
                <TextEquiv>
                    <Unicode>Mittelstraße, welche zwischen einfachem Lesen und vielfachem Agiren</Unicode>
                </TextEquiv>
            </TextLine>
            <TextLine id="r1l45" custom="readingOrder {index:44;}">
                <Coords points="264,3454 1664,3425 1663,3384 1489,3368 263,3385"/>
                <Baseline points="273,3436 342,3435 411,3434 480,3433 549,3432 618,3431 687,3430 756,3430 825,3429 894,3428 963,3427 1032,3426 1101,3425 1170,3425 1239,3424 1308,3423 1377,3422 1446,3421 1515,3420 1584,3420 1654,3419"/>
                <TextEquiv>
                    <Unicode>hindurchführt, wußte der Künstler die Vielstimmigkeit der Personen</Unicode>
                </TextEquiv>
            </TextLine>
            <TextLine id="r1l46" custom="readingOrder {index:45;}">
                <Coords points="267,3493 1347,3495 1641,3479 1659,3435 266,3448"/>
                <Baseline points="277,3478 345,3478 414,3478 482,3478 551,3478 620,3477 688,3477 757,3476 826,3475 894,3474 963,3472 1032,3471 1100,3470 1169,3469 1238,3468 1306,3467 1375,3466 1444,3465 1512,3465 1581,3465 1650,3464"/>
                <TextEquiv>
                    <Unicode>und Verschiedenartigkeit der Charaktere scharf herauszuarbeiten und</Unicode>
                </TextEquiv>
            </TextLine>
            <TextLine id="r1l47" custom="readingOrder {index:46;}">
                <Coords points="1405,3513 1430,3523 1462,3517 1499,3526 1553,3514 1584,3527 1660,3504 1659,3474 1637,3466 1627,3477 1527,3472 1519,3481 1471,3483 1452,3473 1403,3475"/>
                <Baseline points="1415,3513 1441,3514 1467,3514 1493,3513 1519,3512 1546,3511 1572,3509 1598,3508 1624,3507 1651,3507"/>
                <TextEquiv>
                    <Unicode>Dem ver¬</Unicode>
                </TextEquiv>
            </TextLine>
            <TextLine id="r1l48" custom="readingOrder {index:47;}">
                <Coords points="267,3538 1261,3531 1310,3514 1310,3476 266,3493"/>
                <Baseline points="277,3526 328,3525 379,3525 430,3524 481,3523 532,3523 583,3523 634,3522 685,3522 736,3522 788,3521 839,3521 890,3521 941,3520 992,3520 1043,3519 1094,3518 1145,3517 1196,3516 1247,3514 1299,3512"/>
                <TextEquiv>
                    <Unicode>eine seltene Befähigung zum Vorleser darzuthun.</Unicode>
                </TextEquiv>
            </TextLine>
            <TextLine id="r1l49" custom="readingOrder {index:48;}">
                <Coords points="268,3592 1687,3589 1686,3550 1536,3510 267,3538"/>
                <Baseline points="277,3578 350,3578 424,3578 497,3577 571,3576 645,3575 718,3573 792,3572 866,3571 939,3570 1013,3569 1086,3568 1160,3568 1234,3568 1307,3569 1381,3570 1455,3572 1528,3575 1602,3579 1676,3583"/>
                <TextEquiv>
                    <Unicode>anstaltenden Comite sei besonderer Dank für die Erkenntniß gesagt.</Unicode>
                </TextEquiv>
            </TextLine>
            <TextLine id="r1l50" custom="readingOrder {index:49;}">
                <Coords points="549,3634 1660,3623 1659,3591 1521,3579 549,3590"/>
                <Baseline points="559,3628 613,3629 668,3629 722,3630 777,3630 831,3630 886,3630 940,3630 995,3629 1049,3629 1104,3628 1158,3628 1213,3627 1267,3626 1322,3626 1376,3625 1431,3625 1485,3624 1540,3624 1594,3624 1649,3624"/>
                <TextEquiv>
                    <Unicode>thum einer Wohlthätigkeitsveranstaltung nicht in der</Unicode>
                </TextEquiv>
            </TextLine>
            <TextLine id="r1l51" custom="readingOrder {index:50;}">
                <Coords points="275,3640 303,3637 309,3642 329,3645 332,3597 320,3596 316,3600 312,3597 308,3601 304,3597 302,3599 292,3590 278,3589"/>
                <Baseline points="285,3632 320,3634"/>
                <TextEquiv>
                    <Unicode>da</Unicode>
                </TextEquiv>
            </TextLine>
            <TextLine id="r1l52" custom="readingOrder {index:51;}">
                <Coords points="563,3683 1475,3688 1661,3668 1661,3621 563,3634"/>
                <Baseline points="573,3676 629,3677 686,3677 743,3678 800,3678 856,3678 913,3678 970,3677 1027,3677 1084,3676 1140,3675 1197,3675 1254,3674 1311,3673 1368,3672 1424,3671 1481,3670 1538,3669 1595,3668 1652,3666"/>
                <TextEquiv>
                    <Unicode>l der Vortragenden besteht, sondern auf der geschickten</Unicode>
                </TextEquiv>
            </TextLine>
            <TextLine id="r1l53" custom="readingOrder {index:52;}">
                <Coords points="279,3685 290,3684 302,3689 308,3684 329,3688 332,3684 344,3683 340,3638 328,3641 322,3638 314,3643 301,3636 275,3640"/>
                <Baseline points="290,3684 334,3680"/>
                <TextEquiv>
                    <Unicode>ho</Unicode>
                </TextEquiv>
            </TextLine>
            <TextLine id="r1l54" custom="readingOrder {index:53;}">
                <Coords points="559,3738 1418,3739 1625,3718 1649,3679 559,3683"/>
                <Baseline points="570,3726 623,3725 677,3724 730,3724 784,3723 837,3723 891,3722 944,3722 998,3722 1051,3721 1105,3721 1158,3720 1212,3720 1265,3719 1319,3719 1372,3718 1426,3717 1479,3716 1533,3715 1586,3714 1640,3713"/>
                <TextEquiv>
                    <Unicode>ung guter Vorträge beruht. Das Auditorium, welches</Unicode>
                </TextEquiv>
            </TextLine>
            <TextLine id="r1l55" custom="readingOrder {index:54;}">
                <Coords points="285,3734 296,3733 311,3742 325,3738 330,3733 341,3734 347,3740 363,3738 358,3688 334,3694 317,3684 301,3688 292,3682 280,3684"/>
                <Baseline points="295,3735 323,3733 352,3729"/>
                <TextEquiv>
                    <Unicode>Zus</Unicode>
                </TextEquiv>
            </TextLine>
            <TextLine id="r1l56" custom="readingOrder {index:55;}">
                <Coords points="544,3786 1589,3775 1593,3726 543,3727"/>
                <Baseline points="553,3771 604,3771 655,3771 707,3771 758,3771 810,3771 861,3771 913,3770 964,3770 1016,3770 1067,3769 1118,3768 1170,3768 1221,3767 1273,3766 1324,3765 1376,3764 1427,3763 1479,3762 1530,3761 1582,3759"/>
                <TextEquiv>
                    <Unicode>fer=Saal bis auf den letzten Platz in Besitz genomme</Unicode>
                </TextEquiv>
            </TextLine>
            <TextLine id="r1l57" custom="readingOrder {index:56;}">
                <Coords points="307,3779 326,3784 332,3778 342,3788 352,3779 363,3787 379,3780 383,3784 397,3780 409,3787 431,3776 452,3780 450,3729 405,3733 381,3727 357,3741 340,3735 306,3740"/>
                <Baseline points="318,3778 349,3776 380,3774 411,3773 442,3774"/>
                <TextEquiv>
                    <Unicode>en Bös</Unicode>
                </TextEquiv>
            </TextLine>
            <TextLine id="r1l58" custom="readingOrder {index:57;}">
                <Coords points="332,3857 1616,3839 1681,3828 1681,3767 331,3777"/>
                <Baseline points="342,3823 408,3822 475,3822 541,3821 608,3821 674,3820 741,3819 807,3819 874,3818 940,3818 1007,3817 1073,3816 1140,3816 1206,3815 1273,3815 1339,3814 1406,3814 1472,3814 1539,3814 1605,3814 1672,3814"/>
                <TextEquiv>
                    <Unicode>arwohl, dem reichen Beifall nach zu schließen, derselben Anschauungt</Unicode>
                </TextEquiv>
            </TextLine>
            <TextEquiv>
                <Unicode>16.1. Lebendige Stunden— Zuklus
Telephon 12801.
Alex. Weigl's Unternehmen für Zeitungs-Ausschnitte
Ausschnitt
70
Dt
„OBSERVEIT
Nr. 407
L. österr. behördl. conc. Bureau für Zeitungsberichte u. Personalnachrichte
Wien, IX/1, Türkenstrasse 17.
 Fillale in Budapest: „Figyelö“ —
Vertretungen in Berlin, Chicago, Genf, London, Newyork, Paris, Rom, Stockholn
Ausschnitt aus: Framdenblatt, Wien
vom: /#71 70 7.
RRSATZ
(Vortragsabend Schläger=Demuth=Heine.) Drei Hof¬
würdenträger aus dem Reiche der Kunst haben gestern ihre Stimmen
zu. Gunsten des „Ersten offentlichen Kinder=Krankeninstitutes“ ver¬
einigt und mit einem äußerst genußreichen Vokalabend, mit Wort
und Ton, den kranken Kleinen wie den gesunden Großen wohlgethan.
Kammersängerin Antonie Schläger begab sich, nachdem sie Mendels¬
sohn's „Frage“ vorgebracht, gleich ins Dramatische und verkündete
den „Doppelgänger“, sowie die „Allmacht“. Nach diesen Emanationen
ihres kraftstrotzenden, doch sorgsam bezähmten, bewachten Organes
erzielte die stets zur prächtigen Disposition gestellte Primadonna die s.
zartesten Wirkungen in lyrischen Dingen, worunter sich ein allerliebster ias
„Mondschein“ von J. Fischer befand. Wer mit Donnerstimme ien
flüstern, hauchen kann, dem ist große Kunst zu eigen. Mit drei
Balladen von Löwe bewies Kammersänger Demuth seine
1e
deklamatorische, in verschiedenen Liedern seine gesangliche Meisterschaft n.
und ließ hier wie dort seiner Mittel Pracht erglänzen. g#
Die Mitte des Programms hatte Herr Heine vom Burgtheater he
inne; der Künstler las „Die letzten Masken“ aus dem Einakter= it¬
Cyklus „Lebendige Stunden“ von Arthur Schnitzler. Schärfe der
Beobachtung paart sich mit Schärfe in der Wiedergabe; auf dem
Wege von der Observation zur Demonstration hat die dichterische
Produktion einem alten Motiv ein neues Gewand geschaffen. Daß
der Dichter angesichts des Ortes der Handlung (Spital) die Menschen¬
freundlichkeit gewisser Aerzte etwas bissig streift, ist mit Rücksicht auf
das früher Gesagte begreiflich. Herr Heine hat das feine Stück mit
nicht zu überbietender Meisterschaft vorgetragen. Unter Festhaltung
der für dramatische Saalvorträge ebenso rathsamen, wie schwierigen
Mittelstraße, welche zwischen einfachem Lesen und vielfachem Agiren
hindurchführt, wußte der Künstler die Vielstimmigkeit der Personen
und Verschiedenartigkeit der Charaktere scharf herauszuarbeiten und
Dem ver¬
eine seltene Befähigung zum Vorleser darzuthun.
anstaltenden Comite sei besonderer Dank für die Erkenntniß gesagt.
thum einer Wohlthätigkeitsveranstaltung nicht in der
da
l der Vortragenden besteht, sondern auf der geschickten
ho
ung guter Vorträge beruht. Das Auditorium, welches
Zus
fer=Saal bis auf den letzten Platz in Besitz genomme
en Bös
arwohl, dem reichen Beifall nach zu schließen, derselben Anschauungt</Unicode>
            </TextEquiv>
        </TextRegion>
        <TextRegion orientation="0.0" id="r2" custom="readingOrder {index:1;}">
            <Coords points="1771,248 1771,3344 3242,3344 3242,248"/>
            <TextLine id="r2l1" custom="readingOrder {index:0;}">
                <Coords points="2030,295 2107,282 2150,300 2209,286 2373,298 2485,282 2485,244 2424,217 2355,233 2272,226 2229,252 2156,221 2118,235 2077,212 2031,234"/>
                <Baseline points="2041,274 2066,276 2091,277 2117,279 2142,279 2168,281 2193,281 2219,281 2244,282 2270,282 2295,282 2321,282 2346,282 2372,281 2397,280 2423,280 2448,278 2474,277"/>
                <TextEquiv>
                    <Unicode>box 21/4</Unicode>
                </TextEquiv>
            </TextLine>
            <TextLine id="r2l2" custom="readingOrder {index:1;}">
                <Coords points="2311,1157 2778,1157 2779,1102 2734,1105 2666,1079 2598,1088 2585,1074 2452,1097 2424,1076 2385,1096 2312,1088"/>
                <Baseline points="2322,1125 2348,1126 2374,1126 2400,1127 2426,1127 2453,1127 2479,1127 2505,1128 2531,1128 2558,1128 2584,1129 2610,1129 2636,1130 2663,1131 2689,1132 2715,1133 2741,1135 2768,1137"/>
                <TextEquiv>
                    <Unicode>Telephon 12801.</Unicode>
                </TextEquiv>
            </TextLine>
            <TextLine id="r2l3" custom="readingOrder {index:2;}">
                <Coords points="1933,1231 3068,1244 3151,1224 3151,1187 1933,1188"/>
                <Baseline points="1943,1225 2002,1224 2062,1224 2122,1223 2182,1223 2242,1223 2302,1223 2362,1223 2422,1224 2482,1224 2542,1224 2601,1224 2661,1224 2721,1224 2781,1224 2841,1224 2901,1224 2961,1223 3021,1223 3081,1222 3141,1221"/>
                <TextEquiv>
                    <Unicode>Alex. Weigl’s Unternehmen für Zeitungs-Ausschnitte</Unicode>
                </TextEquiv>
            </TextLine>
            <TextLine id="r2l4" custom="readingOrder {index:3;}">
                <Coords points="2859,1286 3094,1291 3090,1241 3062,1245 3006,1228 2967,1245 2935,1231 2904,1229 2857,1243"/>
                <Baseline points="2871,1297 2897,1291 2924,1286 2950,1283 2977,1281 3003,1280 3030,1280 3056,1280 3083,1280"/>
                <TextEquiv>
                    <Unicode>Ausschnitt</Unicode>
                </TextEquiv>
            </TextLine>
            <TextLine id="r2l5" custom="readingOrder {index:4;}">
                <Coords points="2185,1371 2681,1350 2829,1375 2904,1347 2985,1390 3190,1369 3191,1305 2927,1307 2819,1274 2614,1329 2559,1282 2358,1270 2186,1302"/>
                <Baseline points="2195,1356 2244,1353 2293,1350 2342,1349 2392,1347 2441,1346 2490,1345 2540,1345 2589,1345 2638,1346 2688,1347 2737,1347 2786,1349 2835,1350 2885,1351 2934,1352 2983,1353 3033,1354 3082,1355 3131,1356 3181,1357"/>
                <TextEquiv>
                    <Unicode>„OBSEHVER“ Nr. 65</Unicode>
                </TextEquiv>
            </TextLine>
            <TextLine id="r2l6" custom="readingOrder {index:5;}">
                <Coords points="1762,1430 3248,1428 3248,1375 2198,1392 1762,1345"/>
                <Baseline points="1771,1417 1844,1418 1917,1419 1991,1419 2064,1420 2137,1420 2211,1420 2284,1420 2357,1420 2431,1419 2504,1419 2577,1418 2651,1418 2724,1417 2797,1416 2871,1416 2944,1415 3017,1415 3091,1414 3164,1414 3238,1413"/>
                <TextEquiv>
                    <Unicode> Wonterg. Aphördl. conc. Bureau für Zeitungsberichte u. Personalnachrichten</Unicode>
                </TextEquiv>
            </TextLine>
            <TextLine id="r2l7" custom="readingOrder {index:6;}">
                <Coords points="2097,1497 3011,1496 3011,1459 2952,1437 2511,1427 2379,1460 2322,1438 2290,1466 2097,1430"/>
                <Baseline points="2107,1486 2151,1487 2196,1487 2240,1488 2285,1488 2330,1488 2374,1488 2419,1488 2464,1488 2508,1487 2553,1487 2598,1487 2642,1486 2687,1486 2732,1486 2776,1486 2821,1486 2866,1486 2910,1487 2955,1487 3000,1488"/>
                <TextEquiv>
                    <Unicode>Wien, I., Concondiaplatz 4.</Unicode>
                </TextEquiv>
            </TextLine>
            <TextLine id="r2l8" custom="readingOrder {index:7;}">
                <Coords points="1814,1548 3239,1580 3239,1498 3143,1490 1814,1515"/>
                <Baseline points="1823,1547 1893,1546 1963,1545 2033,1545 2104,1544 2174,1544 2244,1543 2315,1543 2385,1543 2455,1543 2526,1543 2596,1543 2666,1543 2736,1543 2807,1543 2877,1543 2947,1544 3018,1544 3088,1545 3158,1545 3229,1546"/>
                <TextEquiv>
                    <Unicode>Vertretungen in Berlin, Budapest, Chicago, Genf, London, Newyork, Paris, Rom,</Unicode>
                </TextEquiv>
            </TextLine>
            <TextLine id="r2l9" custom="readingOrder {index:8;}">
                <Coords points="2186,1606 2241,1589 2377,1618 2613,1589 2718,1614 2826,1587 2907,1616 2907,1555 2879,1551 2186,1557"/>
                <Baseline points="2196,1581 2231,1582 2266,1583 2301,1583 2336,1584 2371,1584 2406,1584 2441,1584 2476,1584 2511,1583 2546,1583 2581,1583 2616,1582 2651,1582 2686,1582 2721,1582 2756,1582 2791,1583 2826,1583 2861,1584 2896,1585"/>
                <TextEquiv>
                    <Unicode>Stockholm, Kristiania, St. Petersburg.</Unicode>
                </TextEquiv>
            </TextLine>
            <TextLine id="r2l10" custom="readingOrder {index:9;}">
                <Coords points="1766,1749 2996,1728 2993,1632 2857,1605 2604,1662 2427,1619 2235,1687 1764,1676"/>
                <Baseline points="1775,1731 1835,1731 1896,1731 1956,1730 2017,1730 2077,1729 2138,1727 2198,1726 2259,1725 2319,1723 2380,1721 2440,1719 2501,1718 2561,1716 2622,1714 2682,1712 2743,1711 2803,1709 2864,1708 2924,1707 2985,1707"/>
                <TextEquiv>
                    <Unicode> Ausschnitt aus: „Aleressuntes Blatt“</Unicode>
                </TextEquiv>
            </TextLine>
            <TextLine id="r2l11" custom="readingOrder {index:10;}">
                <Coords points="1813,1889 1976,1907 2028,1865 2125,1854 2229,1890 2285,1858 2364,1895 2395,1869 2507,1858 2505,1775 2395,1776 2333,1814 2220,1781 2125,1783 2019,1827 1811,1814"/>
                <Baseline points="1823,1869 1856,1870 1890,1871 1924,1871 1957,1872 1991,1873 2025,1874 2058,1874 2092,1874 2126,1874 2160,1874 2193,1873 2227,1872 2261,1871 2294,1869 2328,1867 2362,1864 2395,1860 2429,1856 2463,1851 2497,1845"/>
                <TextEquiv>
                    <Unicode>vom: 74/1 4%</Unicode>
                </TextEquiv>
            </TextLine>
            <TextLine id="r2l12" custom="readingOrder {index:11;}">
                <Coords points="2157,2022 2215,2052 2311,2031 2343,2050 2390,2023 2450,2052 2532,2034 2574,2054 2720,2055 2765,2048 2768,1977 2542,1988 2447,1958 2351,1982 2325,1962 2282,1981 2246,1960 2159,1963"/>
                <Baseline points="2166,2019 2195,2019 2225,2019 2254,2020 2284,2020 2313,2021 2343,2022 2372,2024 2402,2024 2431,2026 2461,2027 2490,2028 2520,2029 2549,2030 2579,2032 2608,2033 2638,2033 2667,2034 2697,2035 2726,2035 2756,2035"/>
                <TextEquiv>
                    <Unicode>Vom Theater.</Unicode>
                </TextEquiv>
            </TextLine>
            <TextLine id="r2l13" custom="readingOrder {index:12;}">
                <Coords points="2020,2083 2869,2129 3003,2122 3005,2081 2752,2046 2473,2068 2021,2043"/>
                <Baseline points="2029,2085 2077,2085 2125,2086 2173,2086 2221,2087 2270,2088 2318,2089 2366,2091 2414,2092 2462,2094 2511,2095 2559,2097 2607,2099 2655,2101 2703,2103 2752,2104 2800,2107 2848,2109 2896,2110 2944,2113 2993,2115"/>
                <TextEquiv>
                    <Unicode>Deutsches Volkstheater. Schnitzlers Ein¬</Unicode>
                </TextEquiv>
            </TextLine>
            <TextLine id="r2l14" custom="readingOrder {index:13;}">
                <Coords points="1924,2151 3004,2185 3006,2120 1926,2082"/>
                <Baseline points="1936,2131 1991,2133 2047,2135 2103,2137 2158,2138 2214,2139 2270,2141 2326,2142 2381,2143 2437,2145 2493,2147 2549,2148 2604,2150 2660,2151 2716,2153 2772,2155 2827,2158 2883,2160 2939,2162 2995,2165"/>
                <TextEquiv>
                    <Unicode>alter=Zyklus, „Lebendige Stunden“, der hier gelegentlich</Unicode>
                </TextEquiv>
            </TextLine>
            <TextLine id="r2l15" custom="readingOrder {index:14;}">
                <Coords points="1930,2188 3007,2228 3008,2184 2897,2163 1931,2152"/>
                <Baseline points="1940,2181 1992,2184 2045,2187 2098,2189 2151,2190 2204,2192 2257,2193 2309,2194 2362,2194 2415,2195 2468,2196 2521,2197 2574,2198 2627,2198 2679,2200 2732,2201 2785,2203 2838,2204 2891,2208 2944,2210 2997,2214"/>
                <TextEquiv>
                    <Unicode>seiner Aufführung durch das Ensemble des Berliner Deut¬</Unicode>
                </TextEquiv>
            </TextLine>
            <TextLine id="r2l16" custom="readingOrder {index:15;}">
                <Coords points="1926,2243 2717,2276 2834,2249 3003,2280 3005,2223 1927,2196"/>
                <Baseline points="1936,2233 1988,2235 2041,2236 2094,2238 2147,2239 2200,2241 2253,2242 2305,2243 2358,2245 2411,2246 2464,2247 2517,2249 2570,2250 2623,2251 2675,2253 2728,2254 2781,2256 2834,2257 2887,2259 2940,2261 2993,2263"/>
                <TextEquiv>
                    <Unicode>schen Theaters gewürdigt wurde, fand auch an der ge¬</Unicode>
                </TextEquiv>
            </TextLine>
            <TextLine id="r2l17" custom="readingOrder {index:16;}">
                <Coords points="1920,2289 3006,2308 2962,2267 2762,2252 2718,2277 1921,2234"/>
                <Baseline points="1930,2283 1983,2284 2036,2284 2089,2285 2143,2286 2196,2288 2249,2288 2303,2290 2356,2292 2409,2293 2463,2295 2516,2297 2569,2299 2622,2301 2676,2303 2729,2305 2782,2307 2836,2309 2889,2310 2942,2312 2996,2313"/>
                <TextEquiv>
                    <Unicode>nannten Bühne lebhaften Beifall. Das erste Stückchen, das</Unicode>
                </TextEquiv>
            </TextLine>
            <TextLine id="r2l18" custom="readingOrder {index:17;}">
                <Coords points="1917,2344 2925,2380 3013,2358 3014,2323 1918,2286"/>
                <Baseline points="1927,2332 1980,2334 2034,2335 2088,2337 2142,2338 2195,2340 2249,2341 2303,2342 2357,2344 2410,2345 2464,2346 2518,2347 2572,2349 2625,2350 2679,2352 2733,2353 2787,2355 2840,2357 2894,2359 2948,2361 3002,2362"/>
                <TextEquiv>
                    <Unicode>in geklügelter Art ein literarisch sein wollendes Problem</Unicode>
                </TextEquiv>
            </TextLine>
            <TextLine id="r2l19" custom="readingOrder {index:18;}">
                <Coords points="1922,2389 3004,2423 2993,2366 1924,2334"/>
                <Baseline points="1933,2382 1986,2383 2039,2385 2092,2386 2145,2388 2198,2389 2251,2390 2304,2391 2357,2393 2410,2394 2463,2396 2516,2397 2569,2398 2622,2399 2675,2401 2728,2402 2781,2404 2834,2405 2887,2407 2940,2408 2993,2410"/>
                <TextEquiv>
                    <Unicode>behandelt, fiel geräuschlos ab. Dekorativ wirkten die aus</Unicode>
                </TextEquiv>
            </TextLine>
            <TextLine id="r2l20" custom="readingOrder {index:19;}">
                <Coords points="1918,2433 3001,2470 2984,2415 1919,2403"/>
                <Baseline points="1929,2429 1982,2431 2035,2433 2088,2435 2141,2436 2194,2437 2247,2439 2300,2440 2353,2442 2406,2443 2460,2445 2513,2446 2566,2447 2619,2449 2672,2449 2725,2451 2778,2452 2831,2453 2884,2454 2937,2454 2991,2455"/>
                <TextEquiv>
                    <Unicode>äußerlichen Renaissancestimmungen geschickt Zusammenge¬</Unicode>
                </TextEquiv>
            </TextLine>
            <TextLine id="r2l21" custom="readingOrder {index:20;}">
                <Coords points="1924,2489 2793,2498 2951,2532 2987,2523 2989,2472 1925,2442"/>
                <Baseline points="1935,2482 1987,2483 2039,2484 2091,2485 2143,2486 2195,2488 2247,2489 2299,2490 2351,2492 2403,2493 2456,2495 2508,2496 2560,2498 2612,2499 2664,2500 2716,2501 2768,2502 2820,2503 2872,2504 2924,2504 2977,2505"/>
                <TextEquiv>
                    <Unicode>fügten szenischen Bilder „Die Frau mit dem Dolche“.</Unicode>
                </TextEquiv>
            </TextLine>
            <TextLine id="r2l22" custom="readingOrder {index:21;}">
                <Coords points="1925,2538 2996,2580 2998,2517 1926,2489"/>
                <Baseline points="1935,2531 1987,2532 2040,2533 2092,2534 2145,2536 2198,2537 2250,2538 2303,2540 2355,2541 2408,2543 2461,2544 2513,2546 2566,2547 2618,2549 2671,2551 2724,2552 2776,2554 2829,2555 2881,2557 2934,2558 2987,2559"/>
                <TextEquiv>
                    <Unicode>Fräulein Sandrock und Herr Kramer gaben diesem</Unicode>
                </TextEquiv>
            </TextLine>
            <TextLine id="r2l23" custom="readingOrder {index:22;}">
                <Coords points="1927,2590 2754,2623 2987,2594 2949,2565 1928,2535"/>
                <Baseline points="1937,2577 1991,2580 2046,2582 2101,2584 2155,2586 2210,2588 2265,2590 2319,2591 2374,2592 2429,2594 2483,2595 2538,2596 2593,2598 2647,2599 2702,2600 2757,2601 2811,2603 2866,2604 2921,2606 2976,2607"/>
                <TextEquiv>
                    <Unicode>Capriccio dramatisches Leben. „Die letzten Masken“.</Unicode>
                </TextEquiv>
            </TextLine>
            <TextLine id="r2l24" custom="readingOrder {index:23;}">
                <Coords points="1910,2645 2938,2680 2987,2665 2990,2592 2769,2628 1911,2586"/>
                <Baseline points="1921,2627 1973,2628 2026,2630 2079,2632 2132,2634 2185,2636 2238,2637 2290,2639 2343,2640 2396,2642 2449,2643 2502,2645 2555,2646 2608,2648 2660,2650 2713,2651 2766,2653 2819,2655 2872,2657 2925,2659 2978,2661"/>
                <TextEquiv>
                    <Unicode>die einen Anlauf ins Große nehmen, schlugen kräftig ein.</Unicode>
                </TextEquiv>
            </TextLine>
            <TextLine id="r2l25" custom="readingOrder {index:24;}">
                <Coords points="1829,2692 1841,2694 1855,2682 1884,2682 1888,2686 1892,2682 1900,2686 1908,2680 1912,2684 1924,2684 1924,2629 1900,2631 1894,2627 1886,2631 1882,2627 1868,2627 1862,2631 1853,2627 1843,2633 1829,2633"/>
                <Baseline points="1840,2667 1877,2665 1914,2667"/>
                <TextEquiv>
                    <Unicode>Für</Unicode>
                </TextEquiv>
            </TextLine>
            <TextLine id="r2l26" custom="readingOrder {index:25;}">
                <Coords points="3028,2691 3044,2689 3050,2695 3058,2686 3080,2684 3115,2691 3125,2685 3133,2693 3162,2682 3186,2692 3210,2673 3230,2672 3230,2644 3197,2641 3183,2651 3158,2629 3134,2630 3118,2644 3110,2640 3088,2647 3027,2634"/>
                <Baseline points="3038,2681 3064,2682 3090,2682 3116,2681 3142,2680 3168,2680 3194,2679 3220,2678"/>
                <TextEquiv>
                    <Unicode>inclusive</Unicode>
                </TextEquiv>
            </TextLine>
            <TextLine id="r2l27" custom="readingOrder {index:26;}">
                <Coords points="1917,2689 2952,2722 3001,2716 3003,2659 1918,2645"/>
                <Baseline points="1927,2677 1980,2679 2033,2681 2086,2683 2139,2685 2193,2686 2246,2688 2299,2689 2352,2690 2405,2692 2459,2693 2512,2694 2565,2696 2618,2697 2671,2698 2725,2700 2778,2701 2831,2703 2884,2705 2937,2707 2991,2710"/>
                <TextEquiv>
                    <Unicode>Herr Kramer gab einen Literatur=Bourgeois mit:</Unicode>
                </TextEquiv>
            </TextLine>
            <TextLine id="r2l28" custom="readingOrder {index:27;}">
                <Coords points="3032,2726 3048,2725 3054,2719 3075,2729 3119,2720 3148,2728 3184,2723 3184,2687 3169,2685 3141,2692 3125,2686 3103,2694 3080,2684 3060,2687 3052,2695 3044,2689 3031,2691"/>
                <Baseline points="3041,2717 3067,2717 3093,2717 3120,2717 3146,2716 3173,2715"/>
                <TextEquiv>
                    <Unicode>Porto.</Unicode>
                </TextEquiv>
            </TextLine>
            <TextLine id="r2l29" custom="readingOrder {index:28;}">
                <Coords points="1911,2734 3033,2759 3034,2720 2994,2713 1913,2675"/>
                <Baseline points="1921,2730 1976,2731 2031,2731 2086,2732 2141,2733 2196,2734 2251,2736 2307,2738 2362,2739 2417,2741 2472,2743 2527,2745 2582,2748 2637,2749 2693,2751 2748,2753 2803,2754 2858,2756 2913,2757 2968,2758 3024,2759"/>
                <TextEquiv>
                    <Unicode>diskreter Charakteristik. Herr Weisse nahm eine allzu#</Unicode>
                </TextEquiv>
            </TextLine>
            <TextLine id="r2l30" custom="readingOrder {index:29;}">
                <Coords points="3029,2763 3080,2770 3090,2762 3126,2761 3153,2771 3173,2758 3201,2766 3200,2721 3148,2728 3136,2720 3079,2728 3056,2720 3028,2724"/>
                <Baseline points="3038,2758 3063,2757 3088,2758 3114,2757 3139,2757 3164,2756 3190,2754"/>
                <TextEquiv>
                    <Unicode>Zahlbar</Unicode>
                </TextEquiv>
            </TextLine>
            <TextLine id="r2l31" custom="readingOrder {index:30;}">
                <Coords points="1913,2791 2822,2831 2895,2800 2980,2836 3246,2806 3248,2739 2928,2774 1914,2734"/>
                <Baseline points="1923,2781 1988,2782 2054,2783 2119,2784 2185,2786 2251,2787 2316,2789 2382,2792 2448,2794 2513,2796 2579,2798 2645,2800 2710,2802 2776,2803 2842,2804 2907,2804 2973,2804 3039,2803 3104,2802 3170,2800 3236,2796"/>
                <TextEquiv>
                    <Unicode>tragische Maske. Einen starken Heiterkeitserfolg hatte der ] im Vornus.</Unicode>
                </TextEquiv>
            </TextLine>
            <TextLine id="r2l32" custom="readingOrder {index:31;}">
                <Coords points="1910,2833 3108,2881 3252,2843 1911,2785"/>
                <Baseline points="1919,2830 1985,2831 2051,2832 2117,2833 2183,2834 2249,2836 2315,2838 2381,2839 2447,2842 2513,2844 2580,2846 2646,2848 2712,2851 2778,2853 2844,2855 2910,2857 2976,2860 3042,2861 3108,2863 3174,2865 3241,2866"/>
                <TextEquiv>
                    <Unicode>Atelierscherz „Literatur“ der einen pointenreichen, feschen nitte ist das</Unicode>
                </TextEquiv>
            </TextLine>
            <TextLine id="r2l33" custom="readingOrder {index:32;}">
                <Coords points="1910,2881 2872,2928 3219,2916 3247,2868 1911,2834"/>
                <Baseline points="1921,2880 1986,2880 2052,2882 2118,2883 2183,2885 2249,2887 2315,2889 2380,2892 2446,2894 2512,2897 2578,2899 2643,2901 2709,2903 2775,2905 2840,2906 2906,2907 2972,2907 3037,2907 3103,2906 3169,2905 3235,2903"/>
                <TextEquiv>
                    <Unicode>Dialog aufweist. Fräulein Sandrock vergriff sich in steht es den</Unicode>
                </TextEquiv>
            </TextLine>
            <TextLine id="r2l34" custom="readingOrder {index:33;}">
                <Coords points="1913,2934 2831,2979 3132,2952 3133,2912 1914,2881"/>
                <Baseline points="1923,2925 1983,2927 2043,2928 2103,2930 2163,2932 2223,2933 2283,2936 2343,2938 2403,2940 2463,2942 2523,2943 2583,2946 2643,2947 2703,2948 2763,2949 2823,2949 2883,2949 2943,2948 3003,2947 3063,2945 3123,2942"/>
                <TextEquiv>
                    <Unicode>Lustspielton. Herr Kutschera gab einen Bohémien mit ändern.</Unicode>
                </TextEquiv>
            </TextLine>
            <TextLine id="r2l35" custom="readingOrder {index:34;}">
                <Coords points="1837,2987 1847,2987 1859,2978 1877,2978 1891,2969 1910,2979 1934,2978 1931,2887 1903,2888 1880,2876 1872,2883 1864,2877 1834,2880"/>
                <Baseline points="1846,2952 1871,2950 1896,2949 1922,2950"/>
                <TextEquiv>
                    <Unicode>45</Unicode>
                </TextEquiv>
            </TextLine>
            <TextLine id="r2l36" custom="readingOrder {index:35;}">
                <Coords points="1906,3028 3252,3033 3252,2980 1906,2949"/>
                <Baseline points="1916,3022 1982,3023 2048,3024 2114,3025 2181,3026 2247,3027 2313,3029 2380,3030 2446,3031 2512,3032 2579,3033 2645,3034 2711,3034 2777,3034 2844,3034 2910,3034 2976,3033 3043,3032 3109,3030 3175,3028 3242,3025"/>
                <TextEquiv>
                    <Unicode>trockener Komik. Der ganze Zyklus wurde vom Publikum uthaltend die</Unicode>
                </TextEquiv>
            </TextLine>
            <TextLine id="r2l37" custom="readingOrder {index:36;}">
                <Coords points="2986,3070 3032,3079 3114,3072 3128,3080 3223,3066 3250,3070 3249,3039 3229,3036 3087,3034 3070,3042 3062,3034 3020,3033 3006,3047 2985,3039"/>
                <Baseline points="2995,3067 3022,3068 3049,3069 3076,3069 3103,3069 3130,3069 3157,3068 3184,3067 3211,3065 3239,3063"/>
                <TextEquiv>
                    <Unicode>Morgen¬</Unicode>
                </TextEquiv>
            </TextLine>
            <TextLine id="r2l38" custom="readingOrder {index:37;}">
                <Coords points="1815,3080 3176,3122 3235,3119 3236,3066 1815,3043"/>
                <Baseline points="1825,3078 1895,3077 1965,3076 2035,3075 2105,3075 2175,3075 2245,3075 2315,3076 2385,3077 2455,3078 2525,3080 2595,3081 2665,3083 2735,3085 2805,3089 2875,3091 2945,3095 3015,3098 3085,3102 3155,3106 3225,3111"/>
                <TextEquiv>
                    <Unicode>Inh als literarische Pikanterie empfunden und mit Beifall auf= per Zeitung")</Unicode>
                </TextEquiv>
            </TextLine>
            <TextLine id="r2l39" custom="readingOrder {index:38;}">
                <Coords points="1890,3127 1914,3123 1956,3134 1977,3122 2003,3143 2030,3130 2099,3131 2109,3121 2125,3136 2162,3133 2162,3098 2120,3101 2110,3093 2099,3101 2067,3084 2018,3093 1984,3084 1959,3098 1915,3091 1890,3100"/>
                <Baseline points="1899,3116 1924,3118 1949,3118 1974,3119 1999,3119 2025,3119 2050,3119 2075,3119 2100,3121 2125,3122 2151,3125"/>
                <TextEquiv>
                    <Unicode></Unicode>
                </TextEquiv>
            </TextLine>
            <TextLine id="r2l40" custom="readingOrder {index:39;}">
                <Coords points="1826,3157 3097,3158 3249,3119 2390,3091 1826,3129"/>
                <Baseline points="1837,3152 1907,3153 1977,3154 2047,3154 2117,3154 2187,3154 2257,3153 2327,3152 2397,3152 2467,3151 2537,3150 2607,3149 2677,3148 2747,3148 2817,3147 2887,3146 2957,3145 3027,3145 3097,3144 3167,3144 3238,3144"/>
                <TextEquiv>
                    <Unicode>wodurch eine Uebersicht über das gesammte politische und wirthschaftliche</Unicode>
                </TextEquiv>
            </TextLine>
            <TextLine id="r2l41" custom="readingOrder {index:40;}">
                <Coords points="1823,3202 3175,3210 3238,3201 3238,3160 1823,3175"/>
                <Baseline points="1833,3194 1902,3194 1972,3194 2042,3193 2112,3193 2181,3192 2251,3192 2321,3191 2391,3191 2460,3190 2530,3189 2600,3189 2670,3188 2739,3187 2809,3187 2879,3186 2949,3186 3018,3186 3088,3185 3158,3185 3228,3185"/>
                <TextEquiv>
                    <Unicode>Leben des In- und Auslandes in drastischer Kürze geboten wird. Diese Mit¬</Unicode>
                </TextEquiv>
            </TextLine>
            <TextLine id="r2l42" custom="readingOrder {index:41;}">
                <Coords points="1825,3241 2259,3258 2446,3223 2797,3253 2858,3246 2858,3201 1824,3203"/>
                <Baseline points="1835,3235 1885,3235 1936,3235 1986,3234 2037,3234 2088,3234 2138,3233 2189,3233 2240,3232 2290,3232 2341,3231 2392,3231 2442,3230 2493,3230 2544,3229 2594,3229 2645,3228 2696,3228 2746,3227 2797,3227 2848,3226"/>
                <TextEquiv>
                    <Unicode>theilungen werden in Wien um 9 Uhr Früh verschickt.</Unicode>
                </TextEquiv>
            </TextLine>
            <TextLine id="r2l43" custom="readingOrder {index:42;}">
                <Coords points="2152,3359 2930,3334 2929,3257 2775,3258 2714,3293 2519,3272 2351,3297 2152,3254"/>
                <Baseline points="2163,3323 2200,3325 2238,3327 2276,3329 2314,3330 2352,3330 2389,3331 2427,3331 2465,3331 2503,3330 2541,3330 2578,3329 2616,3328 2654,3327 2692,3326 2730,3325 2767,3325 2805,3324 2843,3324 2881,3323 2919,3323"/>
                <TextEquiv>
                    <Unicode>Prospecte gnatis und fnanco.</Unicode>
                </TextEquiv>
            </TextLine>
            <TextEquiv>
                <Unicode>box 21/4
Telephon 12801.
Alex. Weigl’s Unternehmen für Zeitungs-Ausschnitte
Ausschnitt
„OBSEHVER“ Nr. 65
 Wonterg. Aphördl. conc. Bureau für Zeitungsberichte u. Personalnachrichten
Wien, I., Concondiaplatz 4.
Vertretungen in Berlin, Budapest, Chicago, Genf, London, Newyork, Paris, Rom,
Stockholm, Kristiania, St. Petersburg.
 Ausschnitt aus: „Aleressuntes Blatt“
vom: 74/1 4%
Vom Theater.
Deutsches Volkstheater. Schnitzlers Ein¬
alter=Zyklus, „Lebendige Stunden“, der hier gelegentlich
seiner Aufführung durch das Ensemble des Berliner Deut¬
schen Theaters gewürdigt wurde, fand auch an der ge¬
nannten Bühne lebhaften Beifall. Das erste Stückchen, das
in geklügelter Art ein literarisch sein wollendes Problem
behandelt, fiel geräuschlos ab. Dekorativ wirkten die aus
äußerlichen Renaissancestimmungen geschickt Zusammenge¬
fügten szenischen Bilder „Die Frau mit dem Dolche“.
Fräulein Sandrock und Herr Kramer gaben diesem
Capriccio dramatisches Leben. „Die letzten Masken“.
die einen Anlauf ins Große nehmen, schlugen kräftig ein.
Für
inclusive
Herr Kramer gab einen Literatur=Bourgeois mit:
Porto.
diskreter Charakteristik. Herr Weisse nahm eine allzu#
Zahlbar
tragische Maske. Einen starken Heiterkeitserfolg hatte der ] im Vornus.
Atelierscherz „Literatur“ der einen pointenreichen, feschen nitte ist das
Dialog aufweist. Fräulein Sandrock vergriff sich in steht es den
Lustspielton. Herr Kutschera gab einen Bohémien mit ändern.
45
trockener Komik. Der ganze Zyklus wurde vom Publikum uthaltend die
Morgen¬
Inh als literarische Pikanterie empfunden und mit Beifall auf= per Zeitung")

wodurch eine Uebersicht über das gesammte politische und wirthschaftliche
Leben des In- und Auslandes in drastischer Kürze geboten wird. Diese Mit¬
theilungen werden in Wien um 9 Uhr Früh verschickt.
Prospecte gnatis und fnanco.</Unicode>
            </TextEquiv>
        </TextRegion>
    </Page>
</PcGts>
