3484 4256
16 3841 51 3890 L
1 3936 81 3981 neva
1 4105 97 4160 Dek
-8 831 116 882 eert in
-7 995 121 1065 dgenof
6 1051 113 1106 iesem
2 1098 133 1151 winde
-8 1141 73 1197 noch
5 1184 126 1239 erbend
-3 1224 127 1283 it ein
23 1275 117 1333 gegen
66 1327 101 1367 en
13 1407 111 1464 eneld
20 1455 117 1505 rrau
15 1497 116 1548 brenn
19 1541 92 1600 sich
9 1675 89 1731 scht,
-8 1695 120 1775 zikomd
15 1767 112 1824 ange
-4 2032 120 2088 scharf
-15 2079 25 2115 8
-8 2126 103 2173 rder
-1 2211 120 2277 orbee
1 2262 108 2316 mag.
2 2303 102 2351 und d
20 2394 85 2447 iner
650 99 1730 178 m Weene. Das Stuck, dem schon allerlei
636 139 1732 227 schlimme Gerüchte vorangeeilt waren, wurde von der
632 191 1724 271 Kritik und vom Publikum friedlich zu Grabe getragen,
621 234 1725 304 sund einige besonders strenge Richter sprachen sogar die
624 276 1729 353 Befürchtung aus, Hauptmann sei endgiltig bankerott.
630 321 1728 392 Selbstverständlich rief ein solches Urteil auch in der „Pro¬
619 366 1727 433 evinz“ das größte Staunen hervor, und der ernste
611 396 1726 485 Pitteraturfreund empfand es schmerzlich, daß einer der
610 450 1729 517 sglänzendsten und erfolgreichsten Bühnenschriftsteller des
615 505 1728 576 Jüngsten Deutschland abgewirtschaftet haben sollte. War
603 558 1716 604 Das denn möglich? Hauptmann, der noch vor wenigen
605 597 1714 655 MJahren alle Welt mit seinen duftigen Märchen= und
614 638 1715 708 Traumstücken, mit seinen stimmungsstarken Wirklichkeits¬
600 685 1711 754 zdramen entzückte und begeisterte — er sollte Schiffbruch
609 733 1721 796 sgelitten haben? Schlenthers Ausspruch vom deuischen
610 770 1717 842 *Shakespeare sollte so bald schon Lügen gestraft worden
592 819 1722 875 zsein? Nun, ganz so schlimm liegt der Fall nicht, und
609 864 1716 932 fwenn die neueste Arbeit Hauptmanns auch viel zu denken
597 901 1720 976 kund manches zu befürchten giebt, so darf man von seinem
604 929 1703 1014 schönen Talent doch erwarten, daß es sich aus der
593 1000 1705 1057 Miederlage zu neuer Thaikraft emporrafft. Eine Nieder¬
599 1044 1707 1107 Tage, ein Fiasko unzweifelhaftester Art bedeutet der rote
610 1081 1710 1150 Hahn freilich, und wer vorurteilsfrei und sachlich die
601 1121 1716 1199 Buchausgabe*) des Werkes studiert, der muß sich oft be¬
604 1171 1702 1238 sinnen, ob Hauptmann es ist, d. h. der Hauptmann der
604 1205 1707 1282 Weber und der Versunkenen Glocke, der solche unkünst¬
599 1253 1706 1329 lerischen Dinge zustande bringen konnte. Unsere Leser
609 1317 1707 1379 wssen aus der kurzen Kritik unseres Berliner Mit¬
600 1360 1700 1421 arbeiters, daß der rote Hahn eine Fortsetzung des Biber¬
676 1391 1705 1464 zes ist. Im Mittelpunkte der Handlung — sofern
683 1444 1713 1506 einer solchen gesprochen werden kann — steht die
695 1487 1696 1556 ter Wolffn, die im Biberpelz als Holz= und Pelz¬
720 1520 1703 1601 die Behörden narrte und im roten Hahn ihr Haus
745 1567 1697 1642 it, um aus der Feuerversicherung Kapital zu
776 1626 1696 1673 Hier wie dort sind die Verbrecher die Schlauen
759 1670 1700 1739 Behörden die Thoren, aber während im Biber¬
747 1726 1701 1778 es auf einen lustigen oder wenigstens satirischen
725 1750 1693 1808 stimmt ist, schaut in der Brandstistungs=Tragi¬
725 1792 766 1838 1e
775 1809 1699 1867 an allen Ecken und Enden der nüchterne
603 1821 1691 1900 Moralist, der weitschweifig erzählende Epiker her¬
591 1875 729 1929 vor.
736 1886 1691 1955 Ein Musterbeispiel, wie der echte Dramatiker
589 1928 1690 2014 nicht schaffen darf, bildet der erste Akt, mehr
594 1975 1695 2035 noch der zweite und geradezu jämmerllch vom
595 2025 1691 2073 Standpunkt des Dramas stellt sich der letzte Akt dar.
589 2045 1691 2126 Mutter Wolffn, die inzwischen den Flickschuster Fielitz
585 2105 1695 2181 geheiratet hat, will ihr Haus anzünden, und damit die
583 2148 1693 2211 Polizei nicht Wind von der Sache bekommt, grübelt sie
591 2197 1692 2265 über die raffinierteste Art der Brandlegung nach. Mit
581 2247 1692 2297 Hilfe eines Kistchens, eines Lichtes und einiger Schwefel¬
587 2284 1676 2355 schnüre soll die welterschütternde That vor sich gehen.
582 2330 1681 2403 Alles wird vorbereitet, und nachdem das Kistchen mit
578 2364 1684 2450 dem brennenden Licht auf dem Speicher verborgen wor¬
577 2413 1685 2498 den ist, fährt die wackere Frau mit ihrem Eheherrn nach
572 2474 1677 2537 Berlin, während daheim die Kerze tüfer und tiefer
575 2507 1687 2584 brennt. Natürlich glückt das Verbrechen, aber weil die
578 2567 1679 2624 Wolffn in unzweideutigster Weise ihr Alibi nachweisen
575 2606 1678 2676 kann, so wird ein halbidioter Bursche der That verdächtigt
585 2653 1674 2707 und eingesperrt. Der Vater des Unschuldigen, ein aus¬
569 2692 1674 2764 gedienter Gendarm, ahnt zwar den wahren Sachverhalt,
580 2744 1675 2800 ebenso ein jüdischer Arzt und der Schmied des Dorfes,
577 2780 1681 2853 aber der Amtsrichter Wehrhahn, der auch diesmal die
573 2816 1666 2887 Untersuchung leitet, wird jedesmal bös, wenn ein
574 2874 1672 2937 Schimmer des Verdachtes auf die „olle ehrliche
571 2916 1672 2970 Wolffn“ fällt. Und der Schluß dieser tiefsinnigen Ge¬
578 2956 1666 3027 schichte? Das Haus des Flickschusters ist neu er¬
578 3008 1673 3072 standen, es sind sogar Schaufenster darin, und in den
579 3043 1674 3120 Laden soll ein Regulator hinein, den die Familie am
573 3087 1663 3176 Tage der Brandlegung in Berlin gekauft hat. Geistreich,
572 3134 1642 3211 nicht wahr? Aus dem Fenster eines Nachbarhauses —
561 3182 1657 3251 der Schmiede — sieht die Mutter Wolffn den Vorbereit¬
560 3220 1664 3289 ungen zum Richtfeste zu, da kommt der alte Gendarm
559 3271 1661 3341 noch einmal zu ihr und bringt mit bohrender Unermüd¬
556 3306 1666 3393 lichkeit die Frage nach dem Brandstifter aufs Tapet.
565 3356 1661 3425 Die Wolffn erschrickt, sie erschrickt sogar so sehr, daß sie
562 3403 1658 3475 in ihrer Seelenangst einen Herzschlag bekommt und stirbt.
567 3447 1661 3522 Kein Mensch weiß natürlich, wie das zugegangen ist, und
559 3498 1652 3572 der Leser, der so etwas Schwarz auf Weiß sieht, kann
507 3539 1657 3600 weiter nichts than, als den Kopf schütteln. Und neben
555 3593 1653 3660 dieser lächerlich dummen Geschichte laufen zahllose Epi¬
561 3626 1651 3689 soden her, die im Einzelnen zwar gut beobachtet und
564 3672 1651 3751 mit der Hauptmann eigenen Plastik gezeichnet sind, die
563 3694 1663 3792 aber zu der „Tragikomödie“ in absolut keinem inneren
562 3756 1660 3841 Zusammenhang stehen. War denn, dies sei die letzte
556 3807 1659 3885 Frage, der Verfasser von außen gezwungen, ein neues
558 3849 1655 3927 Bühnenstück unter allen Umständen zu schreiben? Ein¬
564 3917 1647 4005 * Der rote Hahn, Tragikomödie von Gerhart Hauptmani
558 3943 951 4019 (Berlin, S. Fischer).
1130 4067 1611 4129 (Alle Rehte vorbehalten.)
1764 132 2840 203 mal mit seinem Einakter=Zyklus: Der giune Karadn
1754 174 2843 245 eine sehr bemerkenswerte Begabung für die dramatische
1762 218 2838 288 Skizze bewiesen hat, zeigt sich auch in seinen neuen Ein¬
1744 277 2834 342 aktern als ein Meister dieser Dichtungsform, zugleich
1749 317 2839 378 aber auch als der seine Kenner der modernen Menschen¬
1759 348 2844 425 seele, als der überaus kapriziöse Darsteller eigenartiger
1751 392 2841 469 seelischer Konflikte. Ihren etwas unklaren Gesamiitel
1746 432 2842 510 Lebendige Stunden verdanken die vier Dramo¬
1744 484 2832 559 letts einer ganz bestimmten Lebensauffassung Schnitz¬
1751 522 2836 600 lers, nämlich der Ansicht, daß das Leben des Vergissens
1742 569 2834 635 bedarf, um sich zu verjüngen, daß die Toten immer Un¬
1745 608 2837 681 recht haben, weil das Recht auf Seiten der Lebendigen
1747 662 2831 738 ist. Theodor Storm hat diese Auffassung vor Jahren
1744 706 2818 770 einmal in einem kleinen Verse seiner Frauen=Ritornelle
1734 754 2824 823 ausgedrückt: „Die Welt ist gar zu lustig; es wird
1742 796 2828 855 doch alles vergessen,“ und bei Schnitzler kehrt sie nun¬
1738 839 2836 905 mehr in dramatischer Anwendung wieder. Der erste
1742 888 2826 944 Einakter, der den Titel des Gesamtwerkes trägt, variiert
1742 925 2820 995 das Thema in etwas mathematisch konstruierter Form.
1740 961 2820 1049 Ein alter pensionierter Beamter, der vor den Thoren
1745 1014 2829 1084 Wiens in einem Gartenhäuschen lebt und den Rest
1747 1053 2828 1137 seiner Tage mit der Pflege seiner Blumen verbringt,
1740 1099 2829 1184 hat vor Jahren eine Hofrätin, die Mutter eines Dichters,
1730 1144 2821 1209 geliebt, wie nur ein Einsamer eine Enttäuschte lieben
1729 1210 2826 1274 kann, besonders wenn beide zusammen alt werden. Nun
1736 1228 2826 1305 ist die Hofrätin tot, aber sie ist keines natürlichen Todes
1733 1288 2817 1356 gestorben, sondern sie hat sich vergiftet, um ihrem über
1730 1337 2828 1402 alles geliebten Kind durch ein langes Krankenlager im
1736 1367 2828 1446 Schaffen nicht hinderlich zu sein. Der Alte weiß das
1730 1411 2820 1491 und deshalb haßt er den Sohn, der seinerseits von dem
1725 1465 2812 1537 Opfer der Mutter keine Ahnung hat. Um sich für die
1717 1509 2815 1572 verlorenen Jahre zu rächen, die die Geliebte seiner Ein¬
1727 1543 2815 1620 samkeit noch hätte schenken können, enthüllt der Alte dem
1734 1594 2812 1669 Jungen die Wahrheit, aber der Schlag wird von diesem
1736 1645 2807 1716 pariert: „Wir beide werden darüber hinwegkommen
1725 1688 2821 1766 müssen, um leben zu können“, sagte er zum Freund
1723 1724 2818 1801 seiner Mutter, „und wie ich dichten werde, so werden
1730 1772 2818 1841 Sie im Frühjahr wieder Ihr Gärtchen bebauen.“ So
1717 1800 2809 1895 treffen das arme geizige Alter und die reiche egoistische
1721 1865 2807 1932 Jugend hart aufeinander, aber der Sieg ist auf Seiten
1722 1909 2801 1985 der Jugend, die über den Tod hinaus mitten ins frische
1725 1950 1976 2007 Leben führt.
1754 1997 2801 2074 Fast noch eigenartiger als die gedankliche Zugespitzt¬
1721 2039 2805 2115 heit dieses Stückes mutet der zweite Einakter: Die
1726 2081 2814 2160 Frau mit dem Dolche an. Schnitzler führt hier
1717 2140 2800 2211 eine junge Frau ins Treffen, die im Begriff steht,
1711 2184 2801 2251 ihren Gatten, einen hochbedeutenden, aber treulosen
1716 2214 2806 2293 Dichter nach dem Gesetz der Wiedervergeltung mit einem
1714 2267 2799 2345 hübschen Galan zu betrügen. In einer Bildergallerie, gegen¬
1711 2314 2807 2384 über einem Gemälde, das eine Frau mit dem Dolche dar¬
1709 2355 2800 2428 stellt, treffen die Liebenden zusammen, aber während der
1712 2392 2801 2472 junge Mann in heißen Worten um ihre Gunst flehl,
1717 2447 2743 2508 hat die Frau eine seltsame Vision. Sie durchlebt
1701 2498 2805 2556 auf der Bühne szenisch dargestellt — das Schicksal jener
1700 2529 2795 2611 Frau mit dem Dolche, sieht sich selbst im Kostüm der
1711 2582 2786 2648 Renaissance und ihn, den Geliebten, zu ihren Füßen.
1701 2625 2790 2700 Was im Leben bisher nicht eingetreten, ist in ihrer
1702 2669 2798 2742 Vision zur Thaisache geworden: Sie hat den Gatten
1705 2702 2796 2775 betrogen, während dieser auf einer Kunstreise war, und
1701 2766 2796 2820 wartet nun auf seine Rückkehr, um ihm alles zu ge¬
1707 2799 2792 2878 stehen. Und als er zurückkommt, dem Schänder seiner
1698 2851 2780 2920 Ehre kalt die Thür weist und dieser, erbittert darüber,
1699 2881 2790 2973 daß er den Mann seiner Geliebten im Zweikampf nicht
1698 2944 2787 2997 treffen kann, ihn öffentlich brandmarken will, da greift
1691 2969 2782 3049 das Weib nach dem Dolche und stößt ihn kaltlächelnd
1699 3033 2785 3098 dem Liebhaber ins Herz. Remigio aber, der betrogene
1691 3062 2790 3130 Gatte, vergißt über der Pose der Mörderin das Ge¬
1692 3108 2783 3195 schehene und bannt ihr schauerlich=schönes Bild in flüch¬
1697 3161 2782 3224 tigen Strichen auf die Leinwand ... Die Vision er¬
1694 3202 2781 3282 lischt, die Liebenden sitzen wieder einander gegenüber
1695 3252 2783 3329 vor dem düsteren Bild, und nach kurzem Besinnen er¬
1692 3289 2779 3376 klärt die Frau sich bereit, dem Geliebten — zu folgen.
1684 3346 2780 3415 Der Traum von Tod und Verbrechen hat für sie nur
1691 3384 2773 3463 die Bedeutung eines Traumes. Das Leben verlangt
1683 3427 2781 3507 Leben — mag es so sein! Das dramatische Kunststück
1745 3479 2778 3549 denn anders kann man die raffiniert erdachte Arbeit
1682 3510 2770 3589 nicht nennen — erinnert an Heinesche Motive, der es ja
1676 3577 2765 3636 auch liebte, verstaubte Bilder und vergilbte Tapeten für
1685 3610 2765 3672 Augenblicke zu beleben und sich selbst in ihren Ge¬
1687 3647 2772 3726 spensterreigen zu mischen. Immerhin wird man hinter
1682 3706 2727 3774 diesen Einakter ein großes Fragezeichen setzen müssen.
1723 3740 2766 3820 Als wahres Kabinettstück feinster Lebensbeobachtung
1678 3788 2768 3865 erweist sich der dritte Einakter: Die letzten
1684 3830 2768 3889 Masken, obschon für ihn, wie auch für den letzten
1683 3869 2765 3939 der Gesamttitel nicht recht passen will. Ein alter, abge¬
1708 3947 2755 4028 *) Lebendige Stunden, vier Einakter von Arthur Schnitzler.
1669 3982 2062 4046 (Berlin, S. Fischer.)
1663 4080 2758 4174 das rötliche Haar in einen üppigen Knoten gedreht.
1663 4142 2756 4218 Sie war nicht schön, aber sie sah jung und rosig
2869 170 3431 226 im Spital dem Tode entgeg
2861 192 3431 277 Probe dieser Abrechnungssze
2866 246 3422 307 einen vollen Erfolg für die
2865 297 3437 353 Aber siehe da! Als der benei
2853 335 3442 396 tritt, ist die Wut schon verra
2862 374 3433 438 was ihm auf der Seele bren
2864 417 3427 482 tröstende Worte still über sich
2863 457 3416 531 daß der andere ihn glücklich
2867 504 3400 574 ein bedauernswertes Opfer
2853 533 3431 618 Rollen sind damit vertauscht
2864 599 3441 664 getragen, und diese Tragikon
2862 641 3439 710 so nachhaltiger, als sie sich ang
2895 690 3425 751 Im letzten Einakter, 5
2854 717 3434 797 Liiteratur trägt, wird S
2858 772 3432 839 lustig sogar. Der böse Sno
2861 819 3423 877 bieten der Kunst sich breit n
2852 858 3418 921 ist als der Dilettantismus,
2848 900 3427 974 sein will, wird hier unt schaf
2853 948 3430 1018 geißelt. Eine Frau, die vor
2858 999 3428 1060 hafte Schriftstellerin unter de
2851 1042 3422 1106 sehen und Liebe genoß, hat
2851 1085 3423 1150 lobt, der ihr zwar keine Lorbe
2849 1130 3421 1202 liches Leben zu bieten vermag
2841 1169 3421 1241 plötzlich ein einstiger Freund
2848 1218 3434 1287 und droht durch sein tolles G
2850 1257 3430 1331 Baron die wahre Natur seine
2841 1305 3428 1373 Sache ist um so gefährlicher,
2850 1350 3430 1419 Freund und die künftige Barc
2844 1401 3436 1460 haben, in denen sie, nach Art
2849 1445 3435 1527 Liebesleben in seltsamer Ue
2848 1495 3427 1544 haben. Wenn der Baron die
2844 1534 3428 1600 mit der Heirat natürlich zu E
2845 1585 3417 1651 garnicht daran, seine litterart
2840 1617 3403 1690 Weise zu bereichern. Feind
2846 1666 3429 1727 stellerei, hat er die bereits
2846 1707 3416 1767 Braut einstampfen lassen, u
2845 1761 3425 1823 Romans aus der Feder des #
2845 1793 3427 1868 Frau schon selbst. Sie schle
2837 1850 3429 1919 tierende Exemplar, das der „
2842 1880 3427 1948 geschenkt hat, mit Anmut und
2833 1934 3429 1989 schmiegt sich dann, ganz eefüll
2838 1972 3418 2043 ihrer Schriftstellerei und ihre
2827 2027 3422 2103 hat, sich innig an den Geliebt
2821 2066 3421 2134 „Wirst Du mir jetzt glauben,
2830 2117 3418 2173 der gute Baron glaubt ihr ent
2821 2156 3395 2214 vor sich gehen. So schließt
2827 2200 3419 2268 einer übermütigen Farce: ein
2817 2242 3253 2320 Tragödie des Lebens.
3127 2373 3399 2453 Berliner
2864 2414 3421 2514 G. Z. Seit Jahren versuch
2828 2484 3415 2557 Art von Karneval einzufü
2821 2527 3414 2601 keit, die Sie am schönen Rheit
2820 2581 3413 2652 schätzbare Gabe empfangen hah
2826 2634 3411 2689 nicht im Blut, und der Karner
2820 2669 3412 2740 mit der Geschichte der römische
2826 2722 3419 2782 einem rein protestantischen La
2815 2760 3406 2825 wickelungsboden zu finden.
2817 2809 3418 2870 suche, rechte und echte Karnev
2811 2852 3409 2921 erzeugen, den Charakter de
2816 2889 3398 2961 Kostümfesten, die alljährlich
2817 2942 3404 3002 Winters veranstalter werden,
2806 2990 3414 3056 ungen gemacht, kostspielige De
2805 3029 3417 3090 bracht und geistreiche leitende
2811 3074 3405 3141 und damit die Besucher auch e
2817 3118 3408 3183 giebt es ein reiches Programm
2808 3165 3404 3223 die Festteilnehmer es sein so
2807 3206 3412 3274 haltung sorgen, daß die Laun
2813 3254 3411 3322 unwägbare, aber unschätzbare
2802 3303 3413 3362 Luft eines Ballsaales durchdrin
2805 3340 3411 3420 und freie Mitwirkung aller Te
2802 3388 3398 3440 muß, daß er nur entsteht, wo
2798 3431 3390 3499 programm der freien Laune
2799 3474 3398 3540 eine gebundene Marschordre dis
2790 3523 3408 3578 gnügen auf Kommando kein Ver
2797 3575 3399 3625 einmal der Berliner nicht begre
2797 3611 3392 3685 alles auf Kommando zu thun,
2802 3657 3386 3715 mando vergnügt zu sein sucht.
2788 3711 3392 3771 visation, ein Eingehen auf irge
2789 3747 3388 3812 liegt ihm nicht. Mir schwebt,
2794 3788 3406 3848 Kostümfeste denke, immer ein Bi
2801 3833 3404 3901 sieben Jahren auf einem Ko
2787 3883 3379 3940 Schriftsteller=Vereinigung sah.
2788 3921 3396 3993 charakter des Festes „ein Winz
2790 3969 3385 4028 Natürlich sah man nur wen
2785 4019 3398 4081 alle waren sie waschechte Salon
2778 4105 3391 4180 stickte handgroße Monogrami
2772 4167 3391 4228 chens selbstgewebte Handtüch
