<?xml version="1.0" encoding="UTF-8" standalone="yes"?>
<PcGts xmlns="http://schema.primaresearch.org/PAGE/gts/pagecontent/2013-07-15" xmlns:xsi="http://www.w3.org/2001/XMLSchema-instance" xsi:schemaLocation="http://schema.primaresearch.org/PAGE/gts/pagecontent/2013-07-15 http://schema.primaresearch.org/PAGE/gts/pagecontent/2013-07-15/pagecontent.xsd">
    <Metadata>
        <Creator>prov=University of Rostock/Institute of Mathematics/CITlab/Gundram Leifert/gundram.leifert@uni-rostock.de:name=ONB_Newseye_GT_M1+(htr_id=10810)::::v=2.4.2
prov=University of Rostock/Institute of Mathematics/CITlab/Tobias Gruening/tobias.gruening@uni-rostock.de:name=de.uros.citlab.module.baseline2polygon.B2PSeamMultiOriented:v=2.4.2
prov=University of Rostock/Institute of Mathematics/CITlab/Tobias Gruening/tobias.gruening@uni-rostock.de:name=/mnt/transkribus/LA/DEA/URO/LA_news_onb_att.pb:de.uros.citlab.segmentation.CITlab_LA_ML:v=2.4.2
Transkribus</Creator>
        <Created>2019-10-07T11:36:00.411+02:00</Created>
        <LastChange>2019-10-08T19:05:07.982+02:00</LastChange>
        <TranskribusMetadata docId="223975" pageId="9502313" pageNr="516" tsid="16607206" status="IN_PROGRESS" userId="40391" imgUrl="https://files.transkribus.eu/Get?id=CAMVGQOOSIESJEILFMVUDCCR&amp;fileType=view" xmlUrl="https://files.transkribus.eu/Get?id=POMOZGHVGHEDHMPKJEWEXOPR" imageId="6192531"/>
    </Metadata>
    <Page imageFilename="223975_0516.jpeg" imageWidth="3392" imageHeight="4224">
        <ReadingOrder>
            <OrderedGroup id="ro_1711449946379" caption="Regions reading order">
                <RegionRefIndexed index="0" regionRef="r1"/>
            </OrderedGroup>
        </ReadingOrder>
        <TextRegion orientation="0.0" id="r1" custom="readingOrder {index:0;}">
            <Coords points="218,245 218,3488 2480,3488 2480,245"/>
            <TextLine id="r1l1" custom="readingOrder {index:0;}">
                <Coords points="2029,299 2082,308 2134,287 2154,306 2247,290 2311,301 2344,285 2395,310 2490,314 2490,214 2466,207 2338,223 2305,208 2239,245 2157,211 2029,219"/>
                <Baseline points="2040,271 2065,272 2091,274 2117,274 2143,275 2169,276 2195,277 2221,277 2247,277 2272,278 2298,278 2324,278 2350,277 2376,277 2402,276 2428,275 2454,275 2480,274"/>
                <TextEquiv>
                    <Unicode>box 21/3</Unicode>
                </TextEquiv>
            </TextLine>
            <TextLine id="r1l2" custom="readingOrder {index:1;}">
                <Coords points="207,307 1674,328 1873,300 1874,223 1579,208 1460,273 1378,221 966,205 207,250"/>
                <Baseline points="218,274 300,280 382,284 464,287 547,289 629,291 711,292 793,292 876,292 958,291 1040,291 1122,290 1205,289 1287,288 1369,288 1451,288 1534,288 1616,289 1698,290 1780,292 1863,295"/>
                <TextEquiv>
                    <Unicode>16.1. Lebendige Stunden zukIus</Unicode>
                </TextEquiv>
            </TextLine>
            <TextLine id="r1l3" custom="readingOrder {index:2;}">
                <Coords points="1467,1192 1917,1182 1917,1114 1804,1116 1736,1097 1703,1124 1467,1107"/>
                <Baseline points="1476,1155 1501,1156 1526,1157 1551,1157 1577,1157 1602,1156 1627,1156 1653,1155 1678,1154 1703,1154 1728,1154 1754,1154 1779,1154 1804,1154 1830,1155 1855,1157 1880,1158 1906,1161"/>
                <TextEquiv>
                    <Unicode>Telephon 12801.</Unicode>
                </TextEquiv>
            </TextLine>
            <TextLine id="r1l4" custom="readingOrder {index:3;}">
                <Coords points="1074,1264 2307,1248 2306,1201 2186,1186 1074,1213"/>
                <Baseline points="1084,1264 1144,1261 1205,1260 1265,1258 1326,1256 1387,1255 1447,1254 1508,1253 1568,1252 1629,1252 1690,1251 1750,1251 1811,1250 1871,1249 1932,1248 1993,1248 2053,1246 2114,1245 2174,1243 2235,1241 2296,1239"/>
                <TextEquiv>
                    <Unicode>Alex. Weigl’s Unternehmen für Zeitungs-Ausschnitte</Unicode>
                </TextEquiv>
            </TextLine>
            <TextLine id="r1l5" custom="readingOrder {index:4;}">
                <Coords points="2011,1317 2063,1318 2092,1293 2132,1320 2151,1307 2184,1306 2200,1317 2209,1308 2250,1306 2298,1313 2292,1250 2266,1259 2205,1248 2166,1269 2146,1256 2113,1255 2045,1281 2023,1266 2007,1270"/>
                <Baseline points="2024,1330 2050,1320 2076,1312 2102,1308 2129,1304 2155,1302 2181,1301 2208,1301 2234,1300 2260,1299 2287,1296"/>
                <TextEquiv>
                    <Unicode>Ausschnitt</Unicode>
                </TextEquiv>
            </TextLine>
            <TextLine id="r1l6" custom="readingOrder {index:5;}">
                <Coords points="1314,1390 1373,1411 1528,1382 1737,1403 1792,1375 1978,1403 2000,1392 1997,1275 1900,1269 1869,1291 1801,1264 1756,1294 1569,1276 1520,1300 1431,1280 1342,1354 1313,1347"/>
                <Baseline points="1325,1388 1358,1385 1391,1382 1424,1380 1457,1378 1491,1376 1524,1375 1557,1374 1590,1373 1623,1372 1657,1371 1690,1371 1723,1370 1756,1370 1789,1370 1823,1369 1856,1369 1889,1368 1922,1367 1955,1366 1989,1366"/>
                <TextEquiv>
                    <Unicode>„OBSERYER“</Unicode>
                </TextEquiv>
            </TextLine>
            <TextLine id="r1l7" custom="readingOrder {index:6;}">
                <Coords points="2124,1382 2177,1392 2198,1386 2208,1394 2233,1382 2305,1397 2348,1391 2369,1378 2385,1380 2385,1323 2248,1308 2229,1322 2211,1322 2184,1308 2157,1324 2149,1318 2124,1326"/>
                <Baseline points="2134,1380 2160,1378 2187,1377 2214,1377 2241,1377 2267,1378 2294,1378 2321,1379 2348,1379 2375,1377"/>
                <TextEquiv>
                    <Unicode>Nr. 51</Unicode>
                </TextEquiv>
            </TextLine>
            <TextLine id="r1l8" custom="readingOrder {index:7;}">
                <Coords points="972,1458 2235,1465 2420,1437 2420,1396 971,1423"/>
                <Baseline points="982,1456 1053,1454 1124,1452 1196,1450 1267,1448 1338,1447 1410,1446 1481,1446 1552,1445 1624,1445 1695,1444 1766,1443 1838,1443 1909,1442 1980,1441 2052,1441 2123,1440 2194,1438 2266,1436 2337,1434 2409,1432"/>
                <TextEquiv>
                    <Unicode>I. österr. behördl. conc. Bureau für Zeitungsberichte u. Personalnachrichten</Unicode>
                </TextEquiv>
            </TextLine>
            <TextLine id="r1l9" custom="readingOrder {index:8;}">
                <Coords points="1199,1526 2207,1533 2206,1468 2150,1452 1824,1477 1589,1453 1544,1480 1473,1456 1344,1487 1198,1464"/>
                <Baseline points="1208,1519 1257,1519 1306,1519 1356,1519 1405,1518 1455,1517 1504,1517 1553,1516 1603,1515 1652,1514 1702,1513 1751,1512 1800,1512 1850,1511 1899,1510 1949,1510 1998,1509 2047,1509 2097,1509 2146,1509 2196,1510"/>
                <TextEquiv>
                    <Unicode>Wien, IX/1, Tünrkenstrasse 17.</Unicode>
                </TextEquiv>
            </TextLine>
            <TextLine id="r1l10" custom="readingOrder {index:9;}">
                <Coords points="1319,1613 1444,1595 1574,1612 1605,1591 1807,1613 1849,1579 1885,1601 2026,1573 2026,1538 1318,1539"/>
                <Baseline points="1328,1580 1362,1579 1396,1579 1431,1579 1465,1579 1500,1579 1534,1579 1568,1579 1603,1579 1637,1579 1672,1579 1706,1579 1740,1578 1775,1577 1809,1577 1844,1575 1878,1575 1912,1573 1947,1571 1981,1569 2016,1567"/>
                <TextEquiv>
                    <Unicode>— Filiale in Budapest: „Figyelö“ —</Unicode>
                </TextEquiv>
            </TextLine>
            <TextLine id="r1l11" custom="readingOrder {index:10;}">
                <Coords points="1007,1616 1036,1609 1057,1621 1088,1620 1102,1605 1182,1620 1201,1603 1240,1617 1272,1591 1293,1595 1292,1535 1166,1513 1131,1514 1096,1536 1005,1517"/>
                <Baseline points="1017,1592 1043,1594 1070,1594 1096,1594 1123,1593 1150,1592 1176,1591 1203,1590 1229,1589 1256,1589 1283,1590"/>
                <TextEquiv>
                    <Unicode>105</Unicode>
                </TextEquiv>
            </TextLine>
            <TextLine id="r1l12" custom="readingOrder {index:11;}">
                <Coords points="994,1683 2416,1650 2414,1559 993,1617"/>
                <Baseline points="1004,1651 1074,1649 1144,1647 1214,1646 1284,1645 1354,1643 1424,1642 1494,1640 1564,1639 1634,1638 1704,1637 1774,1636 1844,1634 1914,1633 1984,1632 2054,1631 2124,1630 2194,1629 2264,1628 2334,1627 2404,1627"/>
                <TextEquiv>
                    <Unicode>Vertretungen in Berlin, Chicage, Genf, London, Newyork, Paris, Rom, Stockholm.</Unicode>
                </TextEquiv>
            </TextLine>
            <TextLine id="r1l13" custom="readingOrder {index:12;}">
                <Coords points="984,1821 1027,1804 1113,1822 1148,1799 1245,1821 1385,1819 1411,1798 1434,1817 1508,1787 1508,1736 1413,1747 1388,1731 1343,1748 1310,1733 1234,1753 1199,1728 1090,1754 1032,1742 983,1766"/>
                <Baseline points="993,1792 1018,1792 1043,1792 1068,1792 1093,1792 1119,1792 1144,1792 1169,1792 1194,1791 1219,1791 1245,1791 1270,1790 1295,1790 1320,1789 1345,1789 1371,1789 1396,1789 1421,1788 1446,1788 1471,1788 1497,1788"/>
                <TextEquiv>
                    <Unicode>Ausschnitt aus:</Unicode>
                </TextEquiv>
            </TextLine>
            <TextLine id="r1l14" custom="readingOrder {index:13;}">
                <Coords points="1596,1881 1659,1858 1729,1896 2322,1895 2322,1766 2192,1790 2162,1769 2079,1788 2024,1763 1898,1783 1596,1762"/>
                <Baseline points="1605,1869 1640,1867 1675,1866 1710,1865 1746,1864 1781,1864 1816,1864 1852,1864 1887,1865 1922,1865 1958,1866 1993,1866 2028,1867 2063,1868 2099,1868 2134,1868 2169,1868 2205,1867 2240,1867 2275,1866 2311,1864"/>
                <TextEquiv>
                    <Unicode>Pilsner Tagblatt</Unicode>
                </TextEquiv>
            </TextLine>
            <TextLine id="r1l15" custom="readingOrder {index:14;}">
                <Coords points="982,1966 1200,1922 1285,1953 1365,1926 1408,1947 1472,1917 1598,1922 1591,1829 1410,1839 1379,1863 1287,1849 1218,1900 1087,1885 977,1902"/>
                <Baseline points="989,1934 1018,1934 1048,1934 1078,1935 1108,1935 1138,1934 1167,1934 1197,1933 1227,1932 1257,1931 1287,1929 1316,1927 1346,1924 1376,1921 1406,1917 1436,1913 1465,1908 1495,1903 1525,1897 1555,1890 1585,1882"/>
                <TextEquiv>
                    <Unicode>vom: 16 77 07</Unicode>
                </TextEquiv>
            </TextLine>
            <TextLine id="r1l16" custom="readingOrder {index:15;}">
                <Coords points="1142,2155 1224,2185 1384,2158 1697,2191 2010,2161 2106,2202 2136,2120 1978,2089 1566,2109 1142,2079"/>
                <Baseline points="1151,2157 1199,2157 1248,2156 1297,2156 1346,2157 1394,2157 1443,2157 1492,2158 1541,2159 1589,2159 1638,2160 1687,2161 1736,2161 1784,2162 1833,2163 1882,2164 1931,2164 1979,2165 2028,2165 2077,2166 2126,2166"/>
                <TextEquiv>
                    <Unicode>Theater, Kunst u. Literatur.</Unicode>
                </TextEquiv>
            </TextLine>
            <TextLine id="r1l17" custom="readingOrder {index:16;}">
                <Coords points="1306,2226 1479,2248 1751,2229 1901,2243 1921,2241 1922,2183 1697,2192 1654,2175 1615,2191 1558,2170 1409,2196 1306,2185"/>
                <Baseline points="1316,2225 1345,2224 1375,2224 1405,2224 1435,2225 1465,2225 1494,2225 1524,2225 1554,2226 1584,2226 1614,2226 1643,2227 1673,2227 1703,2227 1733,2228 1763,2228 1792,2228 1822,2228 1852,2228 1882,2227 1912,2227"/>
                <TextEquiv>
                    <Unicode>Deutsches Theater in Pilsen.</Unicode>
                </TextEquiv>
            </TextLine>
            <TextLine id="r1l18" custom="readingOrder {index:17;}">
                <Coords points="1189,2267 1248,2292 1752,2292 1847,2266 1880,2298 2040,2295 2131,2281 2132,2222 1963,2247 1189,2230"/>
                <Baseline points="1200,2273 1246,2273 1292,2274 1338,2274 1384,2274 1430,2275 1476,2275 1522,2275 1568,2275 1614,2276 1660,2276 1706,2276 1752,2277 1798,2277 1844,2277 1890,2278 1936,2279 1982,2279 2028,2280 2074,2281 2120,2281"/>
                <TextEquiv>
                    <Unicode>(„Lebendige Stunden“ von Arthur</Unicode>
                </TextEquiv>
            </TextLine>
            <TextLine id="r1l19" custom="readingOrder {index:18;}">
                <Coords points="1122,2340 1995,2322 2040,2351 2104,2331 2105,2282 1123,2284"/>
                <Baseline points="1133,2321 1181,2321 1229,2322 1277,2322 1325,2323 1373,2323 1421,2324 1469,2324 1517,2325 1565,2325 1613,2325 1661,2326 1709,2326 1757,2327 1805,2328 1853,2328 1901,2329 1949,2331 1997,2332 2045,2333 2094,2335"/>
                <TextEquiv>
                    <Unicode>[Schnitzler.) Der Meister des Einacters faßt</Unicode>
                </TextEquiv>
            </TextLine>
            <TextLine id="r1l20" custom="readingOrder {index:19;}">
                <Coords points="1117,2371 2092,2393 2093,2331 1117,2336"/>
                <Baseline points="1127,2370 1174,2370 1222,2371 1270,2371 1318,2371 1366,2371 1413,2371 1461,2371 1509,2371 1557,2372 1605,2372 1652,2372 1700,2372 1748,2373 1796,2374 1844,2374 1891,2375 1939,2377 1987,2378 2035,2380 2083,2382"/>
                <TextEquiv>
                    <Unicode>unter dem bestechenden Titel „Lebendige Stunden!</Unicode>
                </TextEquiv>
            </TextLine>
            <TextLine id="r1l21" custom="readingOrder {index:20;}">
                <Coords points="1130,2433 2083,2444 2102,2394 1131,2382"/>
                <Baseline points="1141,2421 1188,2421 1236,2421 1283,2421 1331,2421 1378,2420 1426,2420 1473,2420 1521,2420 1568,2420 1616,2421 1663,2421 1711,2421 1758,2422 1806,2422 1853,2423 1901,2424 1948,2425 1996,2426 2043,2427 2091,2428"/>
                <TextEquiv>
                    <Unicode>vier Einacter von packender Größe und feinstem Baus</Unicode>
                </TextEquiv>
            </TextLine>
            <TextLine id="r1l22" custom="readingOrder {index:21;}">
                <Coords points="1130,2478 2114,2494 2096,2420 1131,2433"/>
                <Baseline points="1140,2472 1188,2472 1236,2472 1284,2472 1332,2472 1380,2472 1428,2472 1477,2472 1525,2472 1573,2472 1621,2472 1669,2472 1717,2473 1765,2473 1814,2474 1862,2475 1910,2476 1958,2477 2006,2478 2054,2480 2103,2482"/>
                <TextEquiv>
                    <Unicode>zusammen, jeder einzelne ein Meisterwerk für sich, und</Unicode>
                </TextEquiv>
            </TextLine>
            <TextLine id="r1l23" custom="readingOrder {index:22;}">
                <Coords points="1129,2522 2111,2539 2111,2492 2070,2479 1946,2505 1650,2469 1130,2479"/>
                <Baseline points="1139,2523 1187,2522 1235,2521 1283,2521 1331,2521 1379,2521 1427,2521 1475,2521 1523,2522 1571,2522 1619,2522 1667,2523 1715,2523 1763,2524 1811,2524 1859,2524 1907,2525 1955,2525 2003,2525 2051,2525 2100,2525"/>
                <TextEquiv>
                    <Unicode>doch durch die Gemeinsamkeit des Motivs, wie de</Unicode>
                </TextEquiv>
            </TextLine>
            <TextLine id="r1l24" custom="readingOrder {index:23;}">
                <Coords points="1133,2565 2052,2580 2136,2613 2137,2558 2063,2537 1133,2524"/>
                <Baseline points="1142,2569 1191,2569 1240,2570 1289,2570 1338,2570 1388,2570 1437,2570 1486,2570 1535,2570 1584,2571 1634,2571 1683,2571 1732,2571 1781,2572 1830,2572 1880,2573 1929,2573 1978,2574 2027,2575 2076,2576 2126,2578"/>
                <TextEquiv>
                    <Unicode>Milieus, aus welchem die handelnden Personen ent#</Unicode>
                </TextEquiv>
            </TextLine>
            <TextLine id="r1l25" custom="readingOrder {index:24;}">
                <Coords points="1129,2614 2057,2646 2115,2622 2096,2572 1339,2588 1129,2564"/>
                <Baseline points="1139,2618 1187,2618 1235,2619 1283,2619 1332,2619 1380,2619 1428,2619 1476,2620 1525,2620 1573,2620 1621,2620 1669,2620 1718,2620 1766,2621 1814,2621 1862,2621 1911,2621 1959,2621 2007,2622 2055,2622 2104,2623"/>
                <TextEquiv>
                    <Unicode>nommen sind, zu einem harmonischen Ganzen ver¬</Unicode>
                </TextEquiv>
            </TextLine>
            <TextLine id="r1l26" custom="readingOrder {index:25;}">
                <Coords points="1129,2682 2141,2697 2141,2644 2016,2628 1129,2636"/>
                <Baseline points="1139,2664 1188,2664 1238,2665 1287,2666 1337,2666 1387,2667 1436,2667 1486,2667 1535,2667 1585,2668 1635,2668 1684,2668 1734,2668 1783,2669 1833,2669 1883,2670 1932,2671 1982,2672 2031,2673 2081,2674 2131,2676"/>
                <TextEquiv>
                    <Unicode>bunden. Die Wirkung, welche von den vier Einactern</Unicode>
                </TextEquiv>
            </TextLine>
            <TextLine id="r1l27" custom="readingOrder {index:26;}">
                <Coords points="986,2725 1030,2715 1048,2721 1058,2713 1085,2723 1104,2711 1114,2711 1114,2645 1093,2647 1077,2641 1056,2647 1044,2643 1034,2649 986,2645"/>
                <Baseline points="996,2691 1022,2689 1049,2690 1076,2690 1103,2690"/>
                <TextEquiv>
                    <Unicode>Für</Unicode>
                </TextEquiv>
            </TextLine>
            <TextLine id="r1l28" custom="readingOrder {index:27;}">
                <Coords points="2202,2712 2254,2707 2326,2718 2340,2712 2353,2720 2363,2711 2373,2719 2398,2715 2397,2682 2379,2680 2366,2668 2302,2665 2261,2639 2226,2660 2201,2656"/>
                <Baseline points="2212,2702 2237,2701 2262,2701 2287,2700 2312,2699 2337,2699 2362,2699 2388,2700"/>
                <TextEquiv>
                    <Unicode>inclusive</Unicode>
                </TextEquiv>
            </TextLine>
            <TextLine id="r1l29" custom="readingOrder {index:28;}">
                <Coords points="1113,2742 1341,2717 2078,2734 2130,2685 1113,2684"/>
                <Baseline points="1123,2716 1172,2715 1222,2715 1272,2715 1322,2715 1371,2716 1421,2716 1471,2717 1521,2717 1570,2718 1620,2719 1670,2719 1720,2720 1769,2720 1819,2721 1869,2721 1919,2721 1968,2722 2018,2722 2068,2721 2118,2721"/>
                <TextEquiv>
                    <Unicode>ausgeht, ist bei jedem eine psychisch differenzierte, immer</Unicode>
                </TextEquiv>
            </TextLine>
            <TextLine id="r1l30" custom="readingOrder {index:29;}">
                <Coords points="2225,2749 2252,2747 2258,2754 2264,2748 2282,2752 2315,2746 2319,2751 2328,2747 2338,2753 2355,2745 2373,2749 2373,2720 2355,2724 2339,2712 2324,2718 2314,2707 2271,2713 2258,2708 2225,2708"/>
                <Baseline points="2236,2739 2261,2740 2286,2739 2312,2740 2337,2740 2363,2742"/>
                <TextEquiv>
                    <Unicode>Porto.</Unicode>
                </TextEquiv>
            </TextLine>
            <TextLine id="r1l31" custom="readingOrder {index:30;}">
                <Coords points="1112,2775 2108,2776 2108,2733 2040,2728 1112,2731"/>
                <Baseline points="1123,2766 1171,2765 1220,2765 1269,2764 1318,2765 1366,2765 1415,2765 1464,2766 1513,2767 1561,2768 1610,2769 1659,2770 1708,2771 1756,2771 1805,2772 1854,2772 1903,2773 1951,2773 2000,2772 2049,2771 2098,2770"/>
                <TextEquiv>
                    <Unicode>aber tief eindrucksvoll und nachhaltig. Leider fand</Unicode>
                </TextEquiv>
            </TextLine>
            <TextLine id="r1l32" custom="readingOrder {index:31;}">
                <Coords points="2194,2786 2215,2785 2235,2797 2258,2785 2282,2785 2295,2794 2303,2787 2313,2794 2334,2786 2348,2792 2381,2790 2381,2753 2357,2745 2342,2753 2328,2746 2283,2752 2264,2746 2256,2752 2231,2748 2217,2735 2209,2741 2194,2739"/>
                <Baseline points="2205,2779 2232,2780 2260,2781 2287,2782 2315,2782 2342,2781 2370,2780"/>
                <TextEquiv>
                    <Unicode>Zahlbar</Unicode>
                </TextEquiv>
            </TextLine>
            <TextLine id="r1l33" custom="readingOrder {index:32;}">
                <Coords points="1102,2814 2112,2847 2113,2771 1103,2773"/>
                <Baseline points="1113,2808 1162,2809 1212,2811 1261,2812 1311,2813 1360,2814 1410,2815 1459,2816 1509,2817 1558,2817 1608,2818 1657,2818 1707,2819 1756,2819 1806,2819 1855,2819 1905,2819 1954,2819 2004,2819 2053,2819 2103,2819"/>
                <TextEquiv>
                    <Unicode>selbst diese seltene und im höchsten Grade dankens¬</Unicode>
                </TextEquiv>
            </TextLine>
            <TextLine id="r1l34" custom="readingOrder {index:33;}">
                <Coords points="2102,2850 2203,2850 2232,2861 2242,2852 2290,2856 2308,2843 2333,2849 2346,2838 2386,2844 2414,2837 2412,2779 2388,2791 2264,2785 2229,2795 2162,2752 2099,2786"/>
                <Baseline points="2112,2836 2138,2831 2164,2829 2191,2826 2217,2825 2244,2823 2270,2823 2297,2822 2323,2822 2350,2822 2376,2822 2403,2821"/>
                <TextEquiv>
                    <Unicode>—im Voraus.</Unicode>
                </TextEquiv>
            </TextLine>
            <TextLine id="r1l35" custom="readingOrder {index:34;}">
                <Coords points="1023,2846 1037,2846 1051,2860 1058,2860 1068,2868 1076,2864 1086,2864 1086,2792 1064,2790 1060,2794 1045,2792 1041,2796 1033,2792 1023,2792"/>
                <Baseline points="1032,2852 1076,2852"/>
                <TextEquiv>
                    <Unicode>3</Unicode>
                </TextEquiv>
            </TextLine>
            <TextLine id="r1l36" custom="readingOrder {index:35;}">
                <Coords points="1095,2850 1444,2888 2103,2879 2104,2837 2060,2826 1096,2817"/>
                <Baseline points="1105,2851 1154,2854 1203,2856 1253,2858 1302,2860 1352,2861 1401,2863 1450,2863 1500,2864 1549,2865 1599,2866 1648,2866 1697,2867 1747,2867 1796,2868 1846,2868 1895,2868 1944,2869 1994,2869 2043,2870 2093,2871"/>
                <TextEquiv>
                    <Unicode> werte Veranstaltung, die sich auch im großen Ganzen</Unicode>
                </TextEquiv>
            </TextLine>
            <TextLine id="r1l37" custom="readingOrder {index:36;}">
                <Coords points="2110,2893 2229,2902 2262,2886 2295,2903 2317,2892 2375,2901 2437,2887 2437,2854 2379,2856 2351,2837 2262,2861 2200,2850 2163,2863 2110,2844"/>
                <Baseline points="2119,2886 2144,2887 2170,2888 2195,2888 2221,2889 2246,2889 2272,2889 2298,2889 2323,2889 2349,2889 2374,2889 2400,2889 2426,2889"/>
                <TextEquiv>
                    <Unicode>schnitte ist das</Unicode>
                </TextEquiv>
            </TextLine>
            <TextLine id="r1l38" custom="readingOrder {index:37;}">
                <Coords points="1124,2909 2444,2947 2425,2887 1125,2866"/>
                <Baseline points="1135,2911 1200,2911 1265,2912 1330,2912 1395,2913 1460,2913 1525,2914 1590,2915 1655,2916 1720,2917 1785,2919 1850,2920 1915,2921 1980,2922 2045,2924 2110,2925 2175,2926 2240,2927 2305,2928 2370,2929 2435,2930"/>
                <TextEquiv>
                    <Unicode>einer tüchtigen Vertretung von Seite der Schau= uch steht es den</Unicode>
                </TextEquiv>
            </TextLine>
            <TextLine id="r1l39" custom="readingOrder {index:38;}">
                <Coords points="999,2951 1019,2953 1036,2941 1054,2939 1081,2943 1091,2936 1102,2947 1106,2943 1157,2953 1157,2908 1124,2910 1110,2899 1100,2906 1075,2908 1061,2893 1028,2897 1015,2887 999,2887"/>
                <Baseline points="1010,2935 1037,2934 1064,2933 1091,2933 1118,2934 1146,2935"/>
                <TextEquiv>
                    <Unicode>Abonn</Unicode>
                </TextEquiv>
            </TextLine>
            <TextLine id="r1l40" custom="readingOrder {index:39;}">
                <Coords points="1002,2994 1597,2966 2230,3003 2313,2983 2313,2944 1449,2914 1002,2951"/>
                <Baseline points="1012,2974 1076,2970 1141,2967 1205,2965 1270,2963 1334,2962 1399,2962 1463,2962 1528,2963 1592,2964 1657,2965 1722,2966 1786,2967 1851,2968 1915,2969 1980,2969 2044,2969 2109,2968 2173,2967 2238,2964 2303,2961"/>
                <TextEquiv>
                    <Unicode>Abony spieler erfreute, nicht die erforderliche und gebürende n ändern.</Unicode>
                </TextEquiv>
            </TextLine>
            <TextLine id="r1l41" custom="readingOrder {index:40;}">
                <Coords points="1130,3016 2111,3023 2081,2975 1130,2979"/>
                <Baseline points="1140,3009 1188,3009 1236,3009 1284,3010 1332,3010 1380,3011 1428,3011 1476,3012 1524,3013 1572,3014 1620,3015 1668,3015 1716,3016 1764,3017 1812,3017 1860,3018 1908,3019 1956,3019 2004,3020 2052,3020 2100,3020"/>
                <TextEquiv>
                    <Unicode>Aufmerksamkeit des Publicums, das sich, wenngleich</Unicode>
                </TextEquiv>
            </TextLine>
            <TextLine id="r1l42" custom="readingOrder {index:41;}">
                <Coords points="1133,3067 2052,3090 2414,3066 2435,3008 1132,3016"/>
                <Baseline points="1142,3057 1206,3058 1270,3059 1334,3060 1398,3061 1462,3062 1526,3063 1591,3065 1655,3065 1719,3066 1783,3066 1847,3066 1911,3066 1975,3065 2040,3064 2104,3062 2168,3060 2232,3058 2296,3054 2360,3050 2425,3045"/>
                <TextEquiv>
                    <Unicode>nicht spärlich, in Anbetracht des Werkes und seines g enthaltend die</Unicode>
                </TextEquiv>
            </TextLine>
            <TextLine id="r1l43" custom="readingOrder {index:42;}">
                <Coords points="2127,3096 2238,3102 2253,3092 2302,3092 2314,3105 2331,3105 2366,3091 2378,3098 2430,3088 2430,3059 2403,3065 2389,3055 2362,3067 2348,3056 2306,3064 2208,3054 2181,3066 2128,3055"/>
                <Baseline points="2138,3083 2163,3086 2189,3089 2214,3091 2240,3093 2265,3093 2291,3094 2316,3093 2342,3092 2367,3091 2393,3090 2419,3088"/>
                <TextEquiv>
                    <Unicode>er Morgen¬</Unicode>
                </TextEquiv>
            </TextLine>
            <TextLine id="r1l44" custom="readingOrder {index:43;}">
                <Coords points="1006,3106 2423,3148 2424,3090 1007,3054"/>
                <Baseline points="1017,3097 1086,3100 1156,3103 1226,3105 1296,3107 1365,3109 1435,3110 1505,3112 1575,3113 1644,3114 1714,3115 1784,3116 1854,3118 1923,3119 1993,3120 2063,3121 2133,3122 2202,3124 2272,3126 2342,3129 2412,3131"/>
                <TextEquiv>
                    <Unicode>Inhalt Verfassers doch nur in bescheidener Zahl eingefunden. Viener Zeitung")</Unicode>
                </TextEquiv>
            </TextLine>
            <TextLine id="r1l45" custom="readingOrder {index:44;}">
                <Coords points="1006,3147 1037,3152 1058,3140 1072,3145 1089,3141 1107,3152 1146,3150 1147,3107 1129,3109 1123,3102 1110,3108 1100,3102 1079,3106 1061,3103 1055,3109 1051,3105 1026,3104 1022,3108 1007,3104"/>
                <Baseline points="1016,3137 1046,3135 1076,3135 1106,3137 1136,3139"/>
                <TextEquiv>
                    <Unicode>blät</Unicode>
                </TextEquiv>
            </TextLine>
            <TextLine id="r1l46" custom="readingOrder {index:45;}">
                <Coords points="1007,3175 2398,3184 2433,3133 1329,3105 1007,3149"/>
                <Baseline points="1017,3171 1087,3167 1157,3165 1227,3163 1298,3161 1368,3161 1438,3161 1509,3161 1579,3162 1649,3163 1720,3164 1790,3166 1860,3167 1930,3168 2001,3169 2071,3170 2141,3170 2212,3170 2282,3169 2352,3168 2423,3165"/>
                <TextEquiv>
                    <Unicode>wodur hatte. Bir fragen uns, was den gegeben werden wirthschaftliche</Unicode>
                </TextEquiv>
            </TextLine>
            <TextLine id="r1l47" custom="readingOrder {index:46;}">
                <Coords points="1002,3211 2282,3241 2426,3210 2426,3167 1002,3173"/>
                <Baseline points="1013,3215 1083,3213 1153,3212 1223,3211 1293,3211 1363,3211 1433,3211 1504,3212 1574,3212 1644,3213 1714,3214 1784,3214 1854,3214 1924,3214 1995,3214 2065,3213 2135,3212 2205,3210 2275,3208 2345,3204 2416,3200"/>
                <TextEquiv>
                    <Unicode>Leben muss, damit die Leute ins Theater gehen. — Wir wird. Diese Mit¬</Unicode>
                </TextEquiv>
            </TextLine>
            <TextLine id="r1l48" custom="readingOrder {index:47;}">
                <Coords points="1006,3249 2113,3266 2113,3229 1980,3219 1007,3216"/>
                <Baseline points="1016,3252 1070,3253 1124,3255 1179,3256 1233,3257 1287,3258 1342,3259 1396,3260 1450,3260 1505,3261 1559,3262 1613,3262 1668,3263 1722,3263 1776,3264 1831,3264 1885,3264 1939,3265 1994,3265 2048,3266 2103,3266"/>
                <TextEquiv>
                    <Unicode>theilunkommen auf das Werk und die Darstellung in einem</Unicode>
                </TextEquiv>
            </TextLine>
            <TextLine id="r1l49" custom="readingOrder {index:48;}">
                <Coords points="1125,3321 2113,3326 2113,3273 2064,3270 1126,3272"/>
                <Baseline points="1135,3306 1183,3306 1231,3306 1280,3306 1328,3306 1377,3306 1425,3307 1473,3307 1522,3308 1570,3308 1619,3309 1667,3309 1715,3310 1764,3310 1812,3311 1861,3312 1909,3312 1957,3313 2006,3313 2054,3313 2103,3314"/>
                <TextEquiv>
                    <Unicode>ausführlichen Referate zurück.— Die Wiederholung der</Unicode>
                </TextEquiv>
            </TextLine>
            <TextLine id="r1l50" custom="readingOrder {index:49;}">
                <Coords points="1130,3363 2115,3371 2115,3330 2052,3319 1130,3320"/>
                <Baseline points="1139,3359 1187,3358 1235,3358 1283,3358 1332,3358 1380,3358 1428,3358 1477,3358 1525,3359 1573,3359 1622,3360 1670,3360 1718,3361 1766,3362 1815,3362 1863,3363 1911,3363 1960,3364 2008,3364 2056,3364 2105,3364"/>
                <TextEquiv>
                    <Unicode>Operette „Derkleine Günstling“ am Sonn¬</Unicode>
                </TextEquiv>
            </TextLine>
            <TextLine id="r1l51" custom="readingOrder {index:50;}">
                <Coords points="1127,3412 1497,3446 1808,3411 1957,3460 2143,3453 2144,3373 2115,3370 1128,3369"/>
                <Baseline points="1137,3407 1186,3406 1236,3406 1286,3406 1336,3406 1386,3406 1435,3406 1485,3407 1535,3408 1585,3409 1635,3410 1684,3411 1734,3412 1784,3414 1834,3415 1884,3417 1933,3418 1983,3420 2033,3422 2083,3424 2133,3425"/>
                <TextEquiv>
                    <Unicode>tag findet im Abonnement (gerader Tag))</Unicode>
                </TextEquiv>
            </TextLine>
            <TextLine id="r1l52" custom="readingOrder {index:51;}">
                <Coords points="1124,3485 1174,3493 1192,3486 1198,3492 1254,3489 1250,3427 1240,3428 1219,3416 1207,3423 1201,3417 1190,3422 1178,3414 1172,3421 1161,3413 1157,3418 1143,3412 1120,3413"/>
                <Baseline points="1132,3460 1159,3455 1186,3453 1213,3453 1241,3453"/>
                <TextEquiv>
                    <Unicode>statt.</Unicode>
                </TextEquiv>
            </TextLine>
            <TextLine id="r1l53" custom="readingOrder {index:52;}">
                <Coords points="1657,3498 1690,3510 1717,3488 1739,3509 1803,3511 1806,3429 1779,3434 1752,3423 1736,3435 1701,3415 1676,3433 1660,3433"/>
                <Baseline points="1668,3469 1693,3470 1718,3469 1743,3469 1768,3471 1794,3475"/>
                <TextEquiv>
                    <Unicode>V</Unicode>
                </TextEquiv>
            </TextLine>
            <TextEquiv>
                <Unicode>box 21/3
16.1. Lebendige Stunden zukIus
Telephon 12801.
Alex. Weigl’s Unternehmen für Zeitungs-Ausschnitte
Ausschnitt
„OBSERYER“
Nr. 51
I. österr. behördl. conc. Bureau für Zeitungsberichte u. Personalnachrichten
Wien, IX/1, Tünrkenstrasse 17.
— Filiale in Budapest: „Figyelö“ —
105
Vertretungen in Berlin, Chicage, Genf, London, Newyork, Paris, Rom, Stockholm.
Ausschnitt aus:
Pilsner Tagblatt
vom: 16 77 07
Theater, Kunst u. Literatur.
Deutsches Theater in Pilsen.
(„Lebendige Stunden“ von Arthur
[Schnitzler.) Der Meister des Einacters faßt
unter dem bestechenden Titel „Lebendige Stunden!
vier Einacter von packender Größe und feinstem Baus
zusammen, jeder einzelne ein Meisterwerk für sich, und
doch durch die Gemeinsamkeit des Motivs, wie de
Milieus, aus welchem die handelnden Personen ent#
nommen sind, zu einem harmonischen Ganzen ver¬
bunden. Die Wirkung, welche von den vier Einactern
Für
inclusive
ausgeht, ist bei jedem eine psychisch differenzierte, immer
Porto.
aber tief eindrucksvoll und nachhaltig. Leider fand
Zahlbar
selbst diese seltene und im höchsten Grade dankens¬
—im Voraus.
3
 werte Veranstaltung, die sich auch im großen Ganzen
schnitte ist das
einer tüchtigen Vertretung von Seite der Schau= uch steht es den
Abonn
Abony spieler erfreute, nicht die erforderliche und gebürende n ändern.
Aufmerksamkeit des Publicums, das sich, wenngleich
nicht spärlich, in Anbetracht des Werkes und seines g enthaltend die
er Morgen¬
Inhalt Verfassers doch nur in bescheidener Zahl eingefunden. Viener Zeitung")
blät
wodur hatte. Bir fragen uns, was den gegeben werden wirthschaftliche
Leben muss, damit die Leute ins Theater gehen. — Wir wird. Diese Mit¬
theilunkommen auf das Werk und die Darstellung in einem
ausführlichen Referate zurück.— Die Wiederholung der
Operette „Derkleine Günstling“ am Sonn¬
tag findet im Abonnement (gerader Tag))
statt.
V</Unicode>
            </TextEquiv>
        </TextRegion>
    </Page>
</PcGts>
