3392 4224
2041 207 2496 316 box 21/4
231 211 1883 313 16.1. Lebendige Stunden— zuklus
2712 916 3085 1033 Dee Ausschmt
2164 970 2852 1089 „OBSERVEN
2926 985 3172 1094 Nr. 17
808 1048 1258 1130 -clepion 12801.
1777 1037 3256 1160 hördl conc. Bureau für Zeitungsberichte u. Porst nalnachrichtes
432 1148 1643 1203 Alex. Weigl’s Unternehmen für Zeitungs-Ausschnitte
2086 1137 2989 1208 Wien, I., Concondiaplatz 4.
1803 1175 3243 1269 Vertretungen in Berlin, Budapest, Chicago, Genf, London. Newyort, Paris, Rom,
1258 1194 1603 1296 Dee Ausschmitt
2173 1252 2905 1321 Stockholm, Kristiania, St. Petersburg.
686 1247 1368 1350 „OBSENVEN
1443 1250 1710 1353 Nr. 10
309 1312 1751 1419 k. österr.-behördl. oonc. Bureau für Zeitungsberichte u. Personalnachrichte
1811 1357 2313 1462 Ausschnitt aus:
588 1392 1512 1477 Wien, I., Concondiaplatz 4.
2401 1354 3039 1496 Reichsweir, Wien
339 1458 1748 1546 Vertretungen in Berlin, Budapest, Chicago, Genf, London, Newyork, Paris, Rom
699 1515 1397 1580 Stockholm. Kristiania, St. Petersburg.
1807 1526 2007 1604 vom:
2054 1539 2337 1644 46/7 100
318 1624 834 1721 Ausschnitt aus:
881 1631 1673 1764 Dertache Zoliuag, Witd
2007 1772 3114 1848 (Deutsches Volkstheater.) Die Schnitz¬
326 1766 1087 1900 vo: /7 (002
1926 1813 3107 1895 ler'sche Einactersuite „L bendige Stunden“ hat
1919 1883 3104 1944 bereits anläßlich ihrer irch das Berliner Deutsche
1923 1942 3103 1993 Theater in Wien veranstaltern Erstaufführung kritische Wür¬
1916 1984 3103 2062 digung erfahren. Heute hat das Volkstheater den Cyclus
1922 2024 3095 2088 in seine Regie übernommen. Es läßt sich kaum behaupten,
506 2055 1609 2146 Deutsches Volkstheater. Nachdem sich Herr Schnitzler
1929 2077 3105 2147 daß damit dem Autor oder seinem Werke besonders gedient
417 2098 1608 2203 künstlerisch mit seinem soeben in Berlin durchgefallenen
1929 2125 3100 2181 wurde. Dieser Bühne fehlt für solche scenische Stimmungen
426 2162 1595 2224 „Schleier der Beatrice“ und tendenziös mit seinem „Lentnant
1922 2174 3106 2232 unter all' ihren Spielleitern der Regisseur. Heute konnte man
419 2212 1609 2293 Gustl“ aus dem Burgtheater glücklich hinausgedichtet hat,
1931 2218 3110 2281 die Regiewippchen zählen. Die Verwandlung in der
425 2251 1610 2319 verschafft er uns Wienern an anderen Bühnen das Vergnügen
1926 2267 3119 2340 Träumerei „Die Frau mit dem Dolch“ ging mit einer
430 2310 1597 2380 seiner Gesellschaft; kürzlich fiel seine „Liebelei“ am Raimund¬
1832 2314 1873 2379 F
1936 2300 3214 2390 Unbeholfenheit vor sich, welche alle Illusion und Theater= usive
422 2365 1595 2426 Theater durch, und heute tat das sein Einakterzyklus
1932 2367 3178 2428 wirkung zerstörte. Im Atelier Leonardo's — im 15. Jahr= Fro.
421 2401 1594 2483 „Lebendige Stunden“ am Deutschen Volkstheater. Ueber die
1926 2417 3188 2481 hundert — stand eine Venus von Medici. Spart man bar
413 2459 1598 2524 vier Stücke selbst ist, da sie bei ihrer Erstaufführung im
1904 2455 3234 2531 1 denn jetzt im Volkstheater auch schon an historischer Treue? Voraus.
416 2508 1587 2565 Carl=Theater durch das Brahm=Ensemble im Mai des
1929 2496 3246 2580 Die sehr gekünstelte Scene, das Präambulum „Lebendigen aus
418 2561 1589 2620 vorigen Jahres hier genügend gekennzeichnet wurden, nichts
1809 2564 3253 2638 Abom Stunden“, glitt ganz ab. Weder Herr Martinelli oder ses den
1584 2577 1746 2655 nclusiv
347 2579 1575 2674 F mehr zu sagen. Auch diesmal empfand man die über¬
1813 2605 3108 2683 Abont gar Herr Geisendörfer vermögen einen der¬
1578 2645 1735 2696 Porto.
415 2649 1570 2728 flüssig aufgezwungene Langeweile der „Lebendigen Stunden“,
1924 2658 3244 2741 artigen Dialog zu tragen. Im Schauspiel „Die Frau mit g die
1573 2683 1741 2738 Zahlbar
412 2701 1574 2762 die Sinnlosigkeit der Einsetzung eines schlecht kopierten
1819 2705 3234 2784 Inhaf dem Dolch“ spielte Fräulein Sandrock die von Meditationenigon¬
1588 2724 1748 2790 m Voraj
413 2744 1590 2817 Renaissanceausschnittes in der „Frau mit dem Dolche“ die
1823 2763 3234 2822 blät verfolgte Heroine und Liebhaberin. Herr Kramer liebte stung“)
1611 2784 1702 2838 ist
412 2797 1733 2900 Bühnenungehörigkeit der Spitalszene „Die letzten Masken“ zut es d
1831 2809 3240 2858 wodur besser in der Prosa als in gebundener Sprache. Das düstere Iftliche
3102 2847 3239 2912 e Mit¬
423 2846 1575 2906 schmerzlich. Im ersten Stücke traf Martinelli die
1822 2853 3102 2904 Loben Krankenhausbild „Die letzten Masken“ hat erst ausgiebigen
1594 2870 1673 2931 T.
1824 2892 1948 2960 Theiln
403 2894 1589 2980 richtigen Akzente des verhärteten alten Junggesellen, während
1938 2898 3119 2961 Beifall im Hause geweckt. Mit vielen feinen Zügen
1585 2941 1746 3002 iltend 4
397 2955 1569 3005 Herr Geisendörfer die weichen Gefühlsmomente seiner
1942 2949 3118 3018 charakterisirte Herr Kramer den poetischen Glückspilz
1568 2985 1745 3051 lorge
409 2999 1567 3068 Rolle in dem einzigen Tone hinauspolterte, den er überhaupt
1937 3013 3105 3060 Weihgast. Aus dem hinsiechenden Unglücksmenschen Rademacher
1574 3031 1750 3079 Zeitun
400 3053 1742 3120 kennt: rabiate Gereiztheit. Fräulein Sandrock als Frau Ischaftli
1932 3057 3110 3108 machte Herr Weisse den alten Moor im Hungerthurme.
407 3092 1750 3182 mit dem Dolche nahm die richtige Heroinenpose ein und Weisse [Diese 1
1945 3097 3103 3161 Der wackere Herr Brandt, der den schwindsüchtigen
413 3139 1584 3201 gab den sterbenden Rademacher in den „letzten Masken“ mit seiner
1947 3148 3099 3208 Schauspieler gab, verfiel durch fehlerhaftes Outriren des
402 3189 1578 3264 bekannten, verläßlichen Routine, während Kramer Bassermann
2284 3198 2404 3262 eine
2451 3192 2841 3274 stimmliche Copie
2879 3183 3108 3267 Tewele's.
2113 3199 2258 3262 in
1933 3200 2116 3261 Organs
398 3246 1585 3310 imitierte; eine gute Charge war der fidele, todtgeweihte
2666 3226 3104 3311 das witzsprühende
2286 3249 2617 3306 gelang noch
1945 3239 2294 3316 Am besten
410 3280 1596 3362 Schauspieler Brandts. Erst der gelungene Satirenscherz
1935 3277 3104 3354 Capriccio „Literatur“, in welchem Herr Kutschera als
1934 3349 3107 3400 nervöser Literaturbohême sogar den Berliner Darsteller dieser
392 3360 1583 3427 „Literatur“ brachte Stimmung, obwohl Fräulein Sandrock
1937 3388 3103 3459 Rolle überragte. Mit vielem Humor stattete auch Fräulein
394 3400 1570 3473 von vornherein einen ungerechtfertigt parodistischen Ton an¬
1940 3445 3108 3503 Sandrock die „complicirte“ Frau, die noch eher ihre Lite¬
399 3448 1578 3530 schlug und Herr Kramer die überlegene Ruhe vermissen
1938 3483 3102 3553 ratur, als die Männer opfert, aus. Herr Kramer traf
393 3497 1578 3572 ließ, mit der Bassermann die Figur des Barons so trefflich
1932 3533 3106 3590 ebenfalls als Clemens den gewünschten Ton. Nach den
399 3558 1578 3624 zeichnete. Nur Herr Kutschera wußte die Alluren des
1942 3581 3105 3642 zwei letzten Einactern regten sich die Hände so fleißig, daß
406 3590 1583 3681 Literaten Gilbert humorvoll darzustellen. Trotzdem die zahlreich
1943 3619 3109 3694 Herr Dr. Schnitzler zum Danke für drei dem Pudli¬
409 3657 1596 3721 erschienenen Freunde den Autor etliche Male riefen, blieb der
1954 3677 3106 3758 eum bereitete lebendige Stunden an der Seite der Dar
1284 3691 1550 3770 A. L—ch.
402 3707 755 3789 Abend erfolglos.
2904 3719 3093 3813 e. k.
1969 3718 2824 3809 ller öfter vor der Rampe erscheinen konnte.
