3532 4224
2207 129 2653 234 box 21/3
388 143 2049 251 16.1. Lebendige Stunden zuklus
1235 813 2698 879 Turaser-, -Die Hoffnunge; Dienstbotenstück: -Paulinee; Militär¬
1230 884 2705 957 drama: der grelle, verlogene -Rosenmontage und feiner,
1232 917 2704 1004 daher weniger erfolgreich: -Freiwild-; Judenstücke: Die Müttere,
1234 977 2703 1058 Agnes Jordane, Lehrerstück: Der Probecandidat-; Clerikerstück:
1224 1030 2702 1104 =Jugende; Verbrecherstücke: Der Biberpelze und =Der rothe
1216 1068 2697 1149 Hahns. Genug der Beispiele, die nur verdeutlichen sollen, wie
1225 1119 2694 1204 ausgiebig das neue Feld beackert wurde. Aber die Zahl der
1218 1168 2687 1250 Möglichkeiten ist begrenzt; es gibt so und so viele Stände, für
1219 1236 2691 1300 deren Milieu ein Publicum interessiert werden kann. Wieder¬
1216 1269 2694 1369 holungen sind nur mehr von wenig Interesse, und so muss
1220 1325 1966 1379 schiiesslich das Ende kommen.
1351 1372 2694 1449 Otto Brahm schiebt es nach Möglichkeit hinaus. Als klugen
1230 1408 2689 1504 Faiseur und ausgezeichneten Regisseur kann man ihn nicht genug
1222 1464 2698 1548 bewundern. Er haf sich in seiner Schauspielerschar ein tadelloses,
1216 1524 2695 1573 seinem leisesten Winke gehorchendes Instrument geschaffen.
1220 1562 2693 1648 Laubes Wunsch, das Streben nach einem Ensemble, nach einem
1219 1615 2684 1676 harmonischen Ganzens, hat er vollständig erfüllt. Kein
1219 1666 2692 1742 Grosser ist in seiner Gesellschaft, und er könnte ihn gar nicht
1219 1704 2689 1783 brauchen; er würde seine Kreise nur stören. Denn seine braven
1217 1756 2691 1840 Gesellen müssen einschwenken wie die Unterofficiere. Sie haben
1205 1809 2680 1893 zu illustrieren. Es gab vielleicht nie und gibt gegenwärtig gewiss
1209 1868 2676 1924 nirgends in Deutschland gleich abgetönte, runde Vorstellungen.
1215 1906 2687 1991 In Wien, wo Zerfahrenheit, komödiantische Aufdringlichkeit den
1210 1966 2682 2043 höchsten Grad erreicht haben, weil fähige Directoren, verständige
1207 2017 2685 2086 Kritiker und ein erzogenes Publicum fehlen, wirken die Berliner
1216 2072 2671 2140 als gute Lehrer. Da ist weise Beschränkung des Zieles und rück¬
1216 2114 2672 2169 haltloser Eifer, es zu erreichen. Brahm hat sich mit unermüdlicher
1214 2162 2673 2229 Beharrlichkeit seine Dichter und Schauspieler wie seine Zuschauer
1200 2197 2665 2264 erzogen. Er ist zweifellos die einzige wirklich bedeutende Persön¬
1208 2251 2683 2330 lichkeit, die der Sturm im Glase Wasser, genannt deutscher
1206 2306 2216 2376 Realismus, auf die Oberfläche gebracht hat.
1336 2351 2675 2420 Ob nicht trotz seiner Tüchtigkeit der Abschwung das
1206 2392 2681 2474 Riesenwerk von Fleiss und Intelligenz zerstören wird? Ein
1203 2438 2672 2521 Dramatiker könnte allein ihm heifen; und zwar ein Dramatiker
1198 2518 2679 2585 des Milieus. Er fand sich nicht, weil das Milieudrama seiner
1188 2541 2674 2633 Natur nach nicht theatergemäss ist, so wenig wie die Natur.
1188 2599 2673 2683 Denn Gliederung der Thatsachen, Steigerung der Handlung,
1190 2657 2686 2730 Parteinahme des Dichters sind erforderlich, um ein Publicum
1190 2709 2670 2775 fortzureissen: Stilisierung der Natur. War es Unfähigkeit oder
1202 2745 2681 2827 Ehrlichkeit, dass die deutschen Veristen das übersahen? Ihre
1189 2808 2666 2885 Siege — die letzten waren nur in der gewissen Trägheit der
1192 2855 2672 2923 Menge, die eine Zeitlang noch gegen den eigenen Willen die
1196 2900 2662 2963 von ihr aufgestellten Götzen ehrt, begründet — verdankten sie
1185 2943 2662 3006 dem socialen Instincte; aber ohne Beobachtung der Gesetze kann
1197 2994 2665 3064 man nur in revolutionären Zeiten regieren, oline Beobachtung der
1191 3055 2660 3122 Theatergesetze also nur in theaterrevolutionären Zeiten; und
1184 3103 2670 3175 diese Epochen dauern nie lange. Deshalb blüht den ehrlichen
1197 3139 2660 3221 Begabungen des „Verismos die nicht über beobachtete Milieu¬
1196 3185 2663 3270 kunst hinausstreben, kein Erfolg mehr. Herr Sudermann, der
1193 3252 2662 3298 sicherste Theatraliker, hatte stets für die Aussichtslosigkeit der
1185 3295 2654 3366 Revolte feine Witterung, er nahm einigen äusserlichen Aufputz
1187 3343 2666 3420 der Mode an und blicb im übrigen bei seiner grosszügigen
1186 3386 2653 3458 Geschmacklosigkeit, seiner derb zugreifenden Art, der kein Gegen¬
1186 3452 2673 3529 satz zu gekünstelt, kein Schlager zu verlogen, keine Symbolik
1871 3551 1996 3645 330 —
