3484 4224
1988 145 2440 253 box 21/5
279 151 2007 257 16.1. Lebendige Stunden Zukius
686 1040 898 1119 Miluie
3081 1063 3361 1149 die Bundes
674 1093 1206 1176 heute bereits auf 9 Mitin
2503 1103 3356 1199 Astamentsstandpunkt auszu= einer Millich
681 1155 3344 1255 Denn was morgen oder übermorgen, kann niemand sagen oder schalten, auf Sonderwünsche zu verzichten und dem Lande dasreichte auf
1489 1232 1589 1315 Mnn
1891 1289 3099 1371 Leonhard ihr Kommen. Ob auch sie ihn ermorden und ihr
3088 1301 3358 1370 schwermütige
731 1276 1861 1401 Schnitzlers „Lebendige Stunden.
1889 1338 2657 1408 Mann daraus ein Stück formen wird?
3091 1350 3355 1414 Schriftsteller
756 1362 1886 1447 Vier Einakter, die Stunden festhalten, in denen ein Schick¬
1968 1369 3091 1461 „Die letzten Masken“ sind die letzte lebendige Stunde
3093 1402 3353 1462 als Arzt. G
678 1413 1897 1494 sal reift, die selber zum Schicksal werden. Im ersten Einakter
1890 1429 3088 1511 eines sterbenden Schriftstellers, des Journalisten Rademacher,
3086 1445 3350 1514 Erscheinung
676 1471 1894 1554 trauert der alte pensionierte Beamte Haushofer um seine lang¬
1889 1482 3091 1565 der im Spital nach einem enttäuschten Leben elend zugrunde
3084 1499 3341 1578 dem Dolche“
676 1520 1894 1596 jährige Freundin, die Mutter des jungen „Dichters“ Heinrich;
1884 1543 3092 1603 geht, während sein unbedeutender Jugendfreund zu Ruhm
3090 1547 3308 1619 Komiker.
675 1563 1890 1645 der nicht mehr „schaffen“ konnte, da er unter der Krankheit
1886 1578 3101 1667 und Reichtum gelangt ist. In dieser letzten lebendigen Stunde
669 1613 1884 1694 der alten Frau litt. Um ihrem Sonne die innere Froheit,
1887 1630 3092 1696 will er Abrechnung halten mit dem berühmten Alexander
3086 1635 3307 1748 Frie)¬
679 1661 1887 1753 die Schaffenskraft wieder zu geben, nahm die kranke Frau
1889 1690 3098 1765 Weihgast, ihm ins Gesicht schreien, wie armselig sein Können,
669 1719 1881 1799 eine zu starke Dosis Morphium. „Was ist denn deine ganze
1884 1731 3099 1797 wie unbegründet sein Ruhm, will ihm offenbaren, daß seine
681 1768 1880 1841 Schreiberei, und wenn du das größte Genie bist, was ist
3079 1746 3234 1836 unter
1879 1789 3084 1868 eigene Frau ihn durchschent und verachtet, ihn betrogen hat,
678 1815 1886 1890 sie denn gegen so eine Stunde, in der deine Mutter hier
3087 1822 3231 1892 gleic
1876 1833 3085 1901 aus Ekel vor seiner Unbedeutendheit, mit Karl Rademacher.
3088 1869 3207 1931 nich
665 1869 3081 1948 auf dem Lehnstuhl gesessen ist und zu uns geredet hat oder! Der Journalist bittet und beschwört den Arzt noch in später
3088 1921 3211 1990 beka
666 1916 1881 1993 auch geschwiegen — aber da ist sie gewesen, — da! Und
1883 1931 3081 2003 Nacht, Alexander Weihgast zu rufen. Er kann, er will nicht
3076 1970 3206 2032 nich
675 1970 1880 2036 sie hat gelebt, gelebt!“ Heinrich, erschüttert von der Mittei¬
1867 1969 3075 2061 früher sterben, ehe er ihn gesprochen. Und Weihgast kommt
3076 2010 3196 2087 der
669 2011 1884 2084 lnug des alten Mannes, scheint nun wirklich unter der Größe
1881 2041 3079 2097 an das Lager des Sterbenden, aber Rademacher schweigt:
3077 2061 3215 2140 mad
663 2069 1878 2142 dieses Opfers vertrauender Mutterliebe sich aufzuraffen. „Le¬
1873 2080 3075 2153 „Was habe ich mit ihm zu schaffen? Was geht mich sein
3080 2114 3222 2176 blut.
673 2119 1878 2191 bendige Stunden? Sie leben doch nicht länger als der letzte,
1877 2128 3079 2198 Glück, was gehen mich seine Sorgen an? W hat unsereiner
670 2151 1878 2230 der sich ihrer erinnert. Es ist nicht der schlechteste Beruf,
3084 2165 3228 2229 gesch
1878 2182 3080 2253 mit den Leuten zu schaffen, die morgen ur auf der Welt
3073 2218 3220 2294 Hern
659 2227 1868 2286 solchen Stunden Dauer zu verleihen, über ihre Zeit hinaus!“
1887 2227 3079 2304 sein werden?“ Zu dieser erschütternden Tragik der Lebens¬
757 2257 1877 2335 „Die Frau mit dem Dolche“ spielt mit dem Gedanken
1882 2277 3080 2362 enttäuschung und Todesresignation tritt der grausige Humor
3078 2291 3216 2381 seine
662 2296 1877 2386 der ewigen Wiederkehr, der Wiederkehr des Gleichen. Wir
1874 2313 3076 2405 des lungenkranken Komikers Jauwerth, eines heiseren, hüsteln¬
3067 2361 3201 2435 und
666 2359 1881 2416 hätten schon früher gelebt. In anderen Zeiten, an anderen
1875 2383 3081 2454 den, nach Luft ringenden Todeskandidaten, der auch in dieser
3076 2403 3227 2472 noch
657 2401 1872 2488 Orten, dasselbe Schicksal, nur in anderer Abwandlung. Pau¬
1878 2423 3074 2503 bangen Alhmosphäre dem Leben seine heiteren Seiten noch
3075 2453 3240 2537 nehmt
656 2446 1890 2530 line, die Gattin des berühmten Dichters, der seine und ihre
1871 2474 2341 2550 abzugewinnen versteht.
653 2500 1881 2586 Liebe, seinen Verrat, ihre Verzweiflung, seine Rückkehr, ihr
1957 2517 3077 2602 „Literatur“, der lustige Epilog des Einakterabends, ver¬
3068 2535 3220 2623 Dezer
655 2557 1886 2630 Verzeihen, „alle Erbärmlichkeit und alle Glut“ benützte, ein
1868 2560 3076 2646 ulkt die Bohsme=Literatur, die Männchen und Weibchen, die
3067 2599 3214 2669 Teil
663 2609 1872 2684 Stück daraus zu formen, was vor mehrhundert Jahren Paola,
1874 2616 3069 2698 die ihre erotischen Erlebnisse und Kaffeehausunfälle in ihren
3076 2653 3218 2713 der 9##
663 2653 1878 2732 die Gattin des berühmten Florentiner Malers Remigio, die
1878 2675 3070 2747 Büchern ausschroten. Die Schriftstelkerin Margarete, die der
3077 2698 3223 2771 Komö
657 2710 1878 2780 sich dem jungen Lionardo in Abwesenheit des Mannes aus
1870 2720 3071 2789 Münchener Bohsme den Rücken gekehrt und sich dem Sports¬
666 2760 1878 2824 Sinnenlust hingegeben, ihn bei der Rückkehr Remigios er¬
1872 2780 3067 2836 mann Clemens ihn den Hals geworfen, hat einen Roman ge¬
3072 2785 3245 2866 frühen
651 2812 1869 2867 dolchte, da er ihr nicht mehr war als die Zerstreuung einer
1880 2822 3069 2907 schrieben, für den sie den Briefwechsel mit dem Kaffeehaus¬
3071 2846 3233 2922 Doch 6
650 2847 1874 2916 Stunde. Für Remigio wird der Anblick seiner Frau mit dem
1867 2867 3072 2954 literaten Hilbert verwendete. Fatalerweise hat auch dieser einen
3068 2893 3240 2958 verwan
650 2913 1878 2988 hecherhobenen blutigen Dolche eine lebendige Stunde, eine Er¬
1872 2921 3071 3003 Roman geschrieben, in welchem er dieselben Briefe auswertet.
3065 2942 3240 3015 ist Sch#
658 2957 1869 3037 leichterung, eine Fügung des Himmels, nun weiß er, wie er
1949 2977 3069 3049 Frl. Dürr brillierte als Margarete in reizender, kätz¬
655 3009 1880 3081 das angesangene Bild vollenden soll. Vor diesem Bilde, der
1870 2993 3072 3098 chenhafter Geschmeidigkeit und war klassisch schön als Frau
3075 3033 3332 3122 Lyrik i
659 3063 1867 3140 Schöpfung eines alten Meisters der italienischen Renaissance,
1877 3071 3227 3167 mit dem Dolche. Otto, ein eleganter Herrenreiter, war einzigseiten
654 3110 1879 3163 in der modernen Gemäldegalerie, stehen Paula und Leonhard,
1871 3115 3082 3203 im Hochgefühl seines geschmeichelten Stolzes, Schich glänzend
661 3154 3142 3258 in denen ein ähnliches Schicksal heranreift. Pauline verspricht als formloser, eingebildeter Kaffeehausliterat und diskret als
2381 3229 3179 3432 G+ NCHCH,
2551 3389 2898 3505 J
