3484 4320
531 89 1470 171 Greichoien, od ihr als Shsiker sie und euch
529 150 1495 201 selbst verspottet und höhnt, wie Gilbert, oder in
524 199 1481 263 stupider Selbstgefälligkeit es verleugnen wollt,
515 236 1378 309 wie der köstlich perfiflierte Baron Clemens.
610 288 1473 351 Und daß es lachend endete, war gut. Denn
509 340 1481 397 die zweite Nummer „Letzte Masken“ hätte einen
521 384 1484 452 wirklich ernst stimmen können. Und doch ist dies
523 442 1488 494 das beste Stück. Karl Rademacher, der sterbende
516 481 1478 538 Journalist, sagt da bittere Wahrheiten genug
518 521 1481 581 über das Mißgeschick, das so manchen edlen Geist
521 578 1478 642 das ganze Leben hindurch niederdrückt, ihn mit
514 624 1480 677 Ekel erfüllt ob all der Heuchelei und Lüge, der
522 665 1490 735 er dienen muß um des täglichen Brotes willen,
511 720 1479 782 während die Flachheit und Gemeinheit trium
522 768 1466 815 phieren. Und neben ihm der ebenfalls ver¬
507 819 1472 877 lorene Komödiant, über den wir noch lachen kön¬
510 851 1470 919 nen, während ihn schon der Tod am Kragen hält.
619 913 1475 970 So wenig „Literatur“ und „Letzte Masken“.
510 949 1469 1017 munden mögen, man konnte es verstehen, daß
513 999 1472 1067 jüngst Acthur Schnitzlers Preiskrönung einen
522 1053 1479 1101 Sturm der Entrüstung wachrief. Die Charaktere
516 1091 1469 1143 sind in beiden Nummern so scharf gezeichnet, so
518 1146 1479 1212 vollendet gestaltet, daß man dem Dichter die Be¬
516 1190 1156 1237 wunderung nicht versagen kann.
603 1242 1477 1301 Verunglückt dagegen ist „die Frau mit dem
518 1273 1465 1355 Dolche“, das histerische Weib, das seinem In¬
507 1323 1466 1395 stinkte schließlich folgt und die Treue bricht,
518 1375 1470 1438 während es denkt „ich könnte dich, meinen Ver¬
512 1423 1471 1489 führer, mit Wollust erdolchen, wenn es sein
508 1475 1474 1530 müßte“, kann uns weder Sympathie, noch Mit¬
501 1526 1473 1578 leid, ja nicht einmal Verständnis abzwingen. Die
509 1574 1472 1632 Verzückung vor dem Bilde, in dem sie ihr eigenes
516 1612 1477 1682 Schicksal verkörpert sieht, ist eine Narretei, der
499 1669 1470 1723 wir keinen Sinn abzugewinnen vermochten und
517 1708 1468 1768 die auch ein Teil des Publikums mit Wider¬
515 1748 1474 1824 spruch aufnahm. Der Zwischenakt, den Pauline
501 1813 1465 1867 träumt, während sie vor der gemalten „Frau
511 1858 1468 1919 mit dem Dolche“ sitzt, wird uns vorgespielt:
505 1897 1470 1964 Die Frau des Malers hat mit dem Schüler
504 1941 1458 2000 ihres Mannes die Ehe gebrochen und nun, da
501 1994 1462 2059 der Mann zurückkehrt, erkennt sie, daß sie doch
506 2036 1458 2111 nur diesen liebt und sie erdolcht den schöneren,
505 2083 1469 2147 jüngeren Geliebten, den sie haßt, weil sie seiner
499 2140 1455 2189 Gewalt in brünstiger Leidenschaft sich hingegeben.
493 2174 1461 2246 Und trotz dieses Traumes muß und will sie all
496 2226 1204 2291 das Schre#kliche nochmals erleben!
596 2277 1463 2347 Auch vo. dem Spiele der drei übermäßig
495 2319 1458 2374 schreienden Triumgestalten, die in überschweng¬
502 2375 1460 2437 lichen Versen ihren Wahnsinn uns vorgaukeln,
506 2419 1462 2478 konnten wir uns nicht befriedigt fühlen. Fräulein
513 2457 1456 2527 Rabitow, unleugbar mit großen schauspiele¬
503 2507 1457 2575 rischen Gaben, insbesondere mit einem herrlichen
503 2549 1464 2623 Organe ausgestattet, spielt die Frau, ohne jedoch
490 2605 1446 2669 zu erwärmen. In „Literatur“ konnte man wenig¬
493 2654 1468 2730 stens über ihre Margarete lachen. Mehr jedoch
500 2693 1052 2752 durfte man nicht verlangen.
599 2751 1459 2812 Der Meister des Abendes war Herr Treß¬
488 2792 1463 2861 ler, als der groteske Schauspieler im zweiten
493 2833 1457 2894 Stücke, vor allem aber als der mit unnach¬
495 2880 1445 2951 ahmlicher Kunst gezeichnete Aristekrat in „Lite¬
490 2932 1448 3002 ratur“. Diese Spottgestalt mit der näselnden
499 2984 1453 3045 Stimme, dem Wiener Turf=Gigerl=Jargon, dem
483 3016 1462 3092 verzwickten Gesichte, war bis ins kleinste Detail
497 3111 1460 3168 eine vollendete Kunstleistung. Wiederholt weckte
498 3159 1455 3245 ssein Spiel stürmische Heiterkeit und lauten
506 3208 713 3275 Applaus.
583 3242 1455 3323 Herr Heine war auch gestern groß als
499 3302 1460 3359 Radimacher und vorzüglich als der cynische Gil¬
493 3347 1448 3396 bert. Herr Devrient hatte gestern als Weih¬
500 3396 1442 3456 gast im zweiten Stücke nur wenig Gelegenheit,
500 3454 1459 3507 seine Kunst zu erweisen; der Künstler wird erst
493 3486 1449 3543 heute abends in Sudermanns „Glück im Win¬
508 3541 1462 3599 kel“ an die Reihe kommen. Herr Frieberg
513 3581 1454 3650 konnte sich als Leonardo gestern besser bewähren,
509 3635 1450 3695 als am ersten Abende. Herr Freißler als
514 3683 1276 3752 Doktor Halmschläger konnte befriedigen.
600 3722 1452 3792 Das Gesamtspiel war tadellos, wie nicht
513 3791 1458 3844 anders zu arwarten war. Nur das schon er¬
514 3824 1464 3883 wähnte Schreien in der geträumten Szene war
507 3874 1465 3934 recht überflüssig. Das Theater war wieder aus¬
1253 3916 1442 3986 H H.
499 3927 702 3993 verkauft.
2223 429 2715 538 Telephon 12301.
1846 533 3077 624 Alex. Weigl’s Unternehmen für Zeitungs-Aussohnitte
2619 617 3027 714 Dee Ausschnft
2091 625 2737 759 „OBSEHVL1,
2849 673 3124 769 Nr. 46
1724 682 3187 822 I. österr. behördl conc. Bureau für Zeitungsberichte u. Personalnschrichten
2005 766 2916 900 Wien, I., Concordiaplatz 4.
1731 815 3169 956 Vertretungen in Berlin, Budapest, Chicago, Genf, London, Newyork, Paris, Rom,
2091 897 2815 1007 Stockholm, Kristiania, St. Petersburg.
1711 997 2222 1088 Ausschnitt aus:
2258 1062 3016 1174 Deutsche Wehr, Troppau
1718 1129 2060 1239 vom: 5
2046 1173 2347 1277 à 10 05
1724 1382 2913 1497 Schaubühne, Kunst und Schrifttum.
1955 1473 2717 1572 Troppauer Stadttheater.
1853 1541 2928 1629 „Lebendige Stunden“ von Arthur Schnitzler. Ein¬
1742 1598 2935 1682 akter sind woyl nur zu Beginn der Spielzen am Platze,
1751 1660 2932 1723 um die Theaterbesucher so schnell als möglich mit den
1741 1709 2933 1767 Bühnenkräften bekannt zu machen. Ob eine fühlbare Lücke
1742 1741 2924 1810 für Troppau in der Kenntnis der neuesten Theaterliteratur
1746 1810 2933 1868 entstanden wäre, wenn die vier in keinerlei Zusammenhange
1748 1851 2942 1916 stehenden neuen Einakter nicht auf das gegenwärtige Re¬
1732 1912 2934 1960 perioire gekommen wären, läßt sich schlechtweg nicht be¬
1707 1941 2934 2004 rhaupten. Diese vier Novitäten sind keine Schauspiele in des
1723 2002 3099 2065 Wortes eigentlicher Bedeutung, da jedes der Stücke dieses inelustve
1730 2044 3080 2096 Zyklus einer entwickelnden Handlung und des damit im Porta
1717 2088 3088 2168 #ursächlichsten Zusämmenhange stehenden Helden entbehrt, Zahlbar
1728 2132 3135 2189 sondern sie sind vielmehr in die Form von Zweigesprächen im Voraus.
1691 2183 3129 2232 gekleidete novellistische Skizzen. Der erste Einakter schildertte ist das
1698 2242 3132 2294 Aohne jegliche Handlung wohl in ergreifender Weise einenteht es den
1731 2292 3005 2354 tragischen Abschnitt aus dem großen Kapitel „Mutterliebe“lern.
1730 2316 3119 2396 die Heldin ist nicht zu sehen; sie ist tot. Nur aus den altend die
1694 2368 3121 2445 In Munde des Freundes der Verstorbenen vernimmt ihr Sohn,forgen¬
1694 2424 3108 2495 „daß sie um seinetwillen dahin ging, um ihn durch ihre Zeitung")
1690 2467 3123 2533 L. Krankheit nicht länger in seiner dichterischen Tätigkeit zuischaftliche
1699 2512 3118 2585 wlähmen. In dem zweiten Einakter „Die Frau mit dem Diese Mit¬
1732 2563 2926 2632 Dolche“ führt uns der Dichter in eine Gemaldegalerie, in
1730 2610 2926 2677 der Pauline, die Frau des Remigio, mit Leonhard sich,
1733 2665 2924 2719 wie verabredet, trifft, bei dessen Liebesbeteuerungen vor
1737 2708 2918 2761 eines unbekannten Malers Bilde, das eine ihr ähnelndes
1735 2753 2916 2811 Frau mit einem gezückten Dolche in der Hand darstellt, in
1728 2809 2919 2881 Apathie verfällt, um dann nach einem schrecklichen Traum¬
1721 2855 2911 2917 bilde, in welchem sie ihren Freund vor ihres Gatten Augen
1728 2904 2923 2969 erdolcht, nachdem sie ihm die Gunst einer Nacht geschenkt,
1784 2958 2928 3021 ganz wider Erwarten dem Verführer den Abend zu ver¬
1722 2984 2923 3038 sprechen. Gegen jede dramatische Asthetik verstößt die dritte
1731 3047 2910 3096 Skizze. In einem Krankenhause halten ein sterbender Jour¬
1721 3089 2915 3140 nalist und ein totkranker Schauspieler, den in einer Woche¬
1735 3134 2926 3197 auch schon die Erde bedecken wird, ihren letzten Dialog,
1734 3177 2917 3244 spielen ihre letzten Masken. Der über das Schicksal ver¬
1730 3235 2911 3305 bitterte Journalist Rademacher will vor seinem Ableben
1725 3273 2919 3353 seinen vom Glücke mehr begünstigten Berufsgenossen
1728 3336 2911 3401 Weihgaß endlich einmal so recht vom Herzen seine Rache
1735 3375 2915 3448 fühlen lassen. Um dieselbe recht wirkungsvoll zum Aus¬
1721 3433 2917 3509 drucke zu bringen, übt er sich mit dem Schauspieler Jack¬
1723 3479 2923 3557 werth in seine Rolle. Doch beim Erscheinen seines bestge¬
1727 3521 2923 3580 haßten Freundes wird Rademacher umgestimmt und scheidet,
1722 3577 2905 3620 ohne diesem seinen Groll fühlen zu lassen, aus dem Leben.
1718 3618 2902 3684 Das vierte Stück, „Literatur“, ist eine prickelnde Lustspiel¬
1725 3674 2912 3746 Skizze. Mag die dramatisierte Novelle so weit
1720 3702 2908 3774 Anklang finden, daß sie selbst mit Preisen ausgezeichnet
1723 3764 2910 3809 wird, so kann sie uns dennoch nicht befriedigen, da, abge¬
1725 3804 2905 3871 sehen davon, daß sie als Skizze immer nur etwas Un¬
1724 3858 2903 3926 vollendetes bleibt, durch die Aufführung deractiger Skizzen¬
1717 3891 2906 3981 szenen die Welt bedeutenden Bretter zum Überbrettel not¬
1710 3949 2456 4033 wendiger Weise herabsinken müssen.
