3484 4384
324 83 1983 212 16. 1. Lebendige Stunden zuklus
859 1075 1328 1179 Telephon 12801.
470 1157 1717 1254 Alex. Weigl’s Unternehmen für Zeitungs-Ausschnitte
1484 1244 1700 1310 Ausschnitt
703 1238 1373 1384 „OBSERYER‘
1521 1297 1736 1394 Nr. 9
346 1359 1793 1464 I. österr. behördl. conc. Bureau für Zeitungsberichte u. Personalnachrichten
575 1434 1588 1543 Wien, IX/1. Türkenstrasse 17.
757 1496 1392 1587 Filiale in Budapest: „Figyelö“
353 1568 1794 1668 Vertretungen in Berlin, Chicago, Genf, London, Newyork, Paris, Rom, Stockholm,
345 1683 884 1794 Ausschnitt aus:
955 1676 1692 1901 Mat iere Schahtag
345 1804 882 1932 von 97 70 2
631 2299 1521 2401 * Im heutigen Morgenblatte fehlt in dem
488 2343 1514 2442 Referate über das Gastspiel der Berliner der Name
501 2403 1501 2467 Rittner. Der Künstler spielte den Literatur¬
502 2445 1511 2521 Zigeuner in dem letzten der Schnitzler'schen Einacter
492 2492 1521 2572 mit so überzeugender Echtheit, daß wir nur den
484 2512 1505 2609 Literaten vor uns sahen und an Rittner gar nicht
492 2576 942 2641 dachten. Thut Nichts,
946 2588 1501 2655 die Biographen des Schau¬
331 2594 435 2678 Für
476 2626 1503 2719 spielers werden doch sagen: „Rittner, der Unver¬
432 2627 476 2706 1
1526 2651 1742 2726 inclusive
466 2653 670 2723 gessene.“
1378 2691 1486 2731 20.—
429 2693 538 2742 200
1552 2703 1710 2751 Porto.
1369 2718 1421 2763 5
1313 2726 1369 2778 „
428 2729 534 2776 500
1527 2739 1727 2790 Zahlbar
1323 2747 1496 2816 „ 110.—
413 2764 544 2826 1000
1316 2770 1740 2856 „ 200.—] im Voraus.
1059 2793 1140 2844 „
447 2819 1770 2898 Im Gegensatze zu anderen Bureaux für Zeitungsausschnitte ist das
321 2859 1356 2939 Abonnement durch keine bestimmte Zeitdauer begrenzt;
1397 2885 1777 2966 auch stcht es den
314 2903 1638 2986 Abonnenten frei die aufgegebenen Themen zu ergänzen oder zu ändern.
434 2960 1764 3065 Der „OBSERVER“ veranstaltet täglich einen Auszug enthaltend die
313 3021 1755 3101 Inhaltsangabe aller wichtigen Mittheilungen der Wiener Morgen¬
322 3061 1748 3146 blätter (Tagesjournale ausser „Neue Freie P’resse“ und Wiener Zeitung“)
318 3101 1753 3183 wodurch eine Uebersicht über das gesammte politische und wirthschaftliche
324 3141 1763 3217 Leben des In- und Auslandes in drastischer Kürze geboten wird. Diese Mit¬
314 3172 1341 3276 theilungen werden in Wien um 9 Uhr Früh verschickt.
645 3266 1419 3367 Prospecre gratis und franco.
2133 110 2543 217 box 21/3
2353 1120 2826 1215 Telephon 12801.
1974 1210 3212 1289 Alex. Weigl's Unternehmen für Zeitungs-Ausschnitte
2978 1282 3201 1357 Ausschnitt
2198 1291 2952 1426 „OBSERYER“
3027 1341 3242 1435 Nr. 8
1849 1430 3308 1504 I. österr. behördl. conc. Bureau für Zeitungsberichte u. Personalnachrichten
2087 1465 3103 1574 Wien, IX/1, Türkenstrasse 17.
2258 1536 2918 1623 Filiale in Budapest: „Flgyelö“ —
1848 1596 3301 1693 Vertretungen in Berlin, Chicago, Genf, London, Newyork, Paris, Rom, Stockholm.
1856 1719 2385 1831 Ausschnitt aus:
2511 1775 3209 1973 vafsches Vollshlat:
1856 1857 2393 1976 vom 87 172
2379 1925 3090 2118 CJeln
2385 2114 2982 2258 1
2112 2289 3182 2395 * [Wer ist ein Dichter?] Ein Mann, der unverständ¬
2023 2378 3158 2443 liches Zeug schreibt. Das ist die neueste Ueberraschung, die
2015 2431 3154 2491 Hermann Bahr seinem Leserkreise bereitet. Wer's nicht
2022 2469 3165 2551 glaubt, schlage die Seite 4 des heutigen „Neuen Wiener
2034 2529 3151 2591 Tagblatts“ auf. Da ist auf der elften Spalte eines zwölf¬
2020 2578 3150 2639 spaltigen Feuilletons, das Bahr den vier Einaktern seines
2027 2622 3157 2696 Freunds Schnitzler widmet, wörtlich zu lesen: „Aber
1825 2632 1954 2709 Für
1958 2647 2030 2703 50
1943 2681 3251 2767 100 nun kommt das Publikum und verlangt, daß wir ihm sagen zivo
1935 2720 3221 2786 200 ollen, was der Dichter denn mit diesen Stücken sagen will. ko.
1944 2777 3224 2850 500 „Darauf ist zu antworten: Wenn wir es könnten, wäre er par
1862 2802 3263 2892 „ 1000 keiner.“ Es muß sehr konfus aussehen im Gehirn unsrer faus.
1942 2856 3166 2938 Im Uebermodernen, wenn ihr Herr und Meister sich nicht scheut,
1826 2872 2061 2946 Abonnemer
3107 2926 3288 2992 #s den
1825 2935 2910 3010 Abonnente solchen Stuß öffentlich zum besten zu geben.
2631 2963 3160 3040 erganzen oder zu ändern.
1948 3014 3277 3100 Der „OBSERVER“ veranstaltet täglich einen Auszug enthaltend die
1827 3074 3263 3144 Inhaltsangabe aller wichtigen Mittheillungen der Wiener Morgen¬
3221 3129 3260 3181 )
1840 3102 3243 3183 blätter (Tagesjournale ausser „Neue Freie Presse“ und Wiener Zeitung“)
1844 3144 3269 3220 wodurch eine Uebersicht über das gesammte politische und wirthschaftliche
1833 3176 3275 3287 Leben des In- und Auslandes in drastischer Kürze geboten wird. Diese Mit¬
1825 3229 2862 3288 theilungen werden in Wien um 9 Uhr Früh verschickt.
2150 3306 2931 3413 Prospecte gratis und franco.
