3484 4224
282 184 1969 296 16.1. Lebendige Stunden—zyklus
898 598 1678 800 Geer dun Ise
723 798 974 891 Nr. 337
1397 815 1816 908 Wien, Freita
651 998 1842 1105 Theater, Kunst und Mustt.
792 1070 1819 1158 Deutsches Volkstheater. Dem ersten der Einakter
639 1137 1823 1208 „Lebendige Stunden“ von Schnitzler konnte
638 1184 1831 1252 auch die Neuinszenierung nicht das dramatische Leben ein¬
645 1217 1832 1295 hauchen, das ihm fehlt. Es schneidet nur das Grundmotiv
634 1269 1825 1317 als Auftakt an; dieses bildet das Verhältnis des gestalten¬
634 1319 1823 1386 den Künstlers zum Leben, das, indem es von diesem er¬
641 1358 1824 1424 lebt, gleichzeitig gestaltet, zum Modell genommen wird.
634 1410 1824 1470 Ein seltsam Zwiespältiges wird beleuchtet: Das gleich¬
640 1451 1823 1515 zeitige Wirken oder Leiden und diesem Zusehen, ein Er¬
631 1479 1824 1553 leben und Betrachten im selben Augenblicke. Das wäre ein
644 1535 1827 1580 Gedanke, würdig an größeren Gestalten durchgeführt zu
627 1573 1808 1644 werden als an nervenschwachen, erotisch kränkelnden In¬
639 1615 1813 1677 dividuen. Am besten sind diese Menschen dort gesehen, wo
638 1666 1812 1709 sie zur Groteske werden, die Aestheten, die überhaupt nur
626 1706 1808 1752 nach literarischen Gesichtspunkten erleben können. Das
630 1752 1804 1802 menschlich wertvollste der vier Stücke ist die Spitalszene
635 1794 1817 1867 „Die letzten Masken“. Hier wuchs Ferdinand Onno
636 1838 1806 1899 mächtig empor. Auch sonst war die Besetzung vortrefflich.
628 1872 1804 1936 Wir nennen nur die Damen Steinsieck und Wagner
628 1924 1806 1996 sowie die Herren Forest (der nur anfangs befremdete),
623 1961 1503 2039 Nowotny, Jordan und Lackner.
1622 1977 1783 2028 drag.
788 2003 1802 2091 Volksoper. Leo Slezak fingt, wieder vollständig
630 2057 1807 2151 #t##aniart in der heutigen (Freitag-) Vorstellung „Mar¬
706 2216 1253 2387 Teater
575 2361 1419 2446 Deutsches Volkstheater. Die Wiederauf¬
508 2404 1423 2492 jahme eines älteren Werkes von Artur
502 2469 1420 2549 Schnitzler in den Spielplan dieser Bühne
500 2502 1412 2598 war noch nie ein Fehlgriff. Die Anmut, mit
494 2541 1415 2642 der der Dichter wienerische Eigenheiten,
488 2604 1405 2681 Fehler und Vorzüge schildert, bleibt immer
494 2646 1408 2744 frisch und liebenswürdig, wenn auch
500 2685 737 2752 die von
749 2707 1408 2777 ihm behandelten Probleme
494 2727 727 2796 manchmal
731 2741 1397 2830 einer besseren Vergangenheit
481 2783 731 2847 angehören.
727 2787 1395 2876 Ewig jung bleiben der fein¬
481 2830 1347 2916 geschliffene, in allen seinen Teilen sor
485 2879 1355 2967 fältig überlegte Dialog und die mit dem Blit
479 2921 1337 3012 des genialen Dramatikers geschauten Figure
477 2971 1387 3048 Artur Schnitzlers „Lebendige Stunden“
483 3020 1392 3091 enthalten so dankbare Rollen, daß sich Ab¬
478 3044 1392 3155 stände, die zwischen der Darstellung von einst
481 3119 1408 3197 und jetzt bestehen, kaum bemerkbar machen.
471 3154 1397 3246 Dies um so weniger, als die besten Kräfte des
478 3201 1386 3293 Deutschen Volkstheaters aufgeboten wurden.
470 3248 1389 3343 Herrn Onno, dem die schwierige Aufgabe
472 3288 1383 3380 zusiel, vier grundverschiedene Charaktere zu
470 3337 1403 3429 schaffen, tat dies in seiner impulsiven
475 3387 1387 3487 Manider, die stets gefangen nimmt, weil
475 3425 1391 3525 man die sanatische Liebe, die er seinen Auf¬
461 3468 1383 3570 gaben entgegenbringt, mitfühlt. Auch die
466 3522 1375 3602 Herren Forest, Lackner, Nowotny und
469 3557 1376 3660 die Damen Steinsieck und Wagner
466 3597 1376 3702 waren an dem herzlichen Erfolg beteiligt, der
470 3645 1370 3747 während des ganzen Abends im Hause an¬
460 3696 1372 3796 hielt. Nachzutragen wäre, daß die erste
466 3752 1370 3835 Aufführung der Einakterserie „Lebendige
466 3791 1367 3885 Stunden“ nicht im Deutschen Volkstheater,
460 3832 1373 3931 sondern ein Johr vorher im Carltheater mit
453 3885 1371 3984 dem Enserble des Direktors Brahm aus
444 3925 808 4010 Berlin stattfand.
1183 3965 1322 4040 r. b.
558 3996 1370 4102 *Heute findet in der Ral#a=
1838 1383 1988 1470 ude.
1834 1447 1983 1519 jeme
1845 1501 1979 1568 iche
1829 1538 1975 1630 en
1846 1634 1966 1712 ist.
1844 1699 1965 1777 rein
1823 1748 1959 1814 ##ter¬
1854 1798 1955 1859 der
1826 1843 1967 1913 Fung
1826 1897 1953 1965 igen
1818 1944 1964 2016 Mhg
1823 1993 1957 2050 Wür¬
1822 2041 1962 2104 Ein¬
1825 2093 1950 2160 sinen
1807 2175 1940 2259 schie
1810 2238 1941 2310 rüh,
1804 2284 1937 2361 Wer¬
1819 2344 1940 2411 chen
1811 2389 1937 2456 #ute,
1810 2442 1943 2505 eser
1816 2490 1939 2550 iche
1812 2532 1932 2594 bot¬
1816 2587 1932 2654 ges
1822 2642 1929 2696 len
1815 2682 1928 2744 und
1812 2733 1931 2796 Jund
1806 2787 1929 2850 Mei
1807 2838 1917 2893 jene
1802 2883 1913 2946 seit¬
1798 2929 1930 3002 Züne
1791 2983 1922 3046 eich
1786 3032 1924 3097 Sten
1786 3078 1917 3143 sben.
1782 3129 1899 3200 man
1962 180 2454 280 box 2175
2188 1499 2937 1601 Deutsches Volsktheater.
2057 1569 3132 1671 Mit allen Ehren eines Premierenerfolges wurde Artur
1979 1600 3117 1717 Schnitzlers Einakterzyklus „Lebendige Stunden“
1981 1678 3127 1766 in den Spielplan aufgenommen, obwohl die Darstellung
1981 1727 3117 1822 manches zu wünschen übrig ließ. Vier Hauptrollen in den
1981 1761 3116 1859 vier wertvollen Einaktern hat jetzt Ferdinand Onn o
1974 1824 3122 1915 inne, konnte aber nur als sterbender Journalist Rademacher
1978 1876 3112 1957 (in „Die letzten Masken“) seine geschätzte Eigenart zeigen.
1977 1930 3106 2001 Als Dichter Heinrich in dem nachdenklichen und stimmungs¬
1975 1973 3120 2061 vollen Stück ist er zu mimosenhaft, für den Literaten
1982 2015 3115 2112 Gilbert in dem köstlichen Schwank „Literatur“ fehlt ihm
1980 2076 3113 2159 der Humor. Hier hat auch die sonst so vortreffliche Anne¬
1968 2113 3103 2207 marie Steinsieck enttäuscht. Für das dumm-ge¬
1970 2169 3107 2255 schwätzige, nicht ganz saubere Literatenweibchen ist sie
1965 2212 3098 2305 zu vornehm. Hervorragende Leistungen: Aurel Nowotny,
1953 2264 3096 2350 der sich zum Charakterdarsteller ersten Ranges ent¬
1964 2310 3102 2405 wickelt, als Schauspieler Florian in den erschütternden
1960 2362 3091 2452 „Letzten Masken“, die wir trotz der allzustarken
1959 2416 3090 2491 Theatralik zu Schnitzlers besten Einaktern zählen.
1959 2457 3086 2549 Ferner Erika Wagner als wunderschöne, feinnervige
1953 2509 3093 2616 Pauline in der „Frau mit dem Dolche“. Vortrefflich in
1950 2550 3088 2650 Maske und Auffassung Karl Forest und Hans
1945 2594 3088 2687 Lackner. Ueber eine schöne Begabung, die schon
1951 2652 3087 2752 jüngst auffiel, verfügt der junge Herr Egon Jordan. Sein
1952 2702 3084 2786 Liebhaber in der „Frau mit dem Dolche“ ist wohl unfertig,
1947 2736 3090 2839 aber echt und feurig. Andere Anfänger sind allzu laut und
1948 2796 3088 2889 stürmisch, er ist allzu leise und zurückhaltend, ein Mangel,
1937 2837 3085 2924 der sympathisch ist und gute Entwicklung erhoffen läßt.
1951 2891 3085 2980 Von seltener Natürlichkeit wieder Herr Oskar Sima in
1938 2932 2525 3011 einer winzigen Episodenrolle.
2036 2990 3071 3084 Artur Schnitzler, der stürmisch gerufen wunde, mußte
1935 3046 3071 3143 nach dem dritten und vierten Stücke immer wieder vor
1947 3088 2411 3169 der Rampe erscheinen.
2874 3119 3030 3189 O. A.
2226 3169 2681 3289 Kleniaseb###“
3105 2065 3213 2157 M4
3179 2347 3231 2391 6
3109 2375 3231 2436 eint
3115 2425 3211 2479 die
3144 2514 3198 2556 m
3110 2543 3207 2609 „M
3097 2588 3215 2642 nach
3102 2648 3229 2726 Poh
3098 2702 3230 2775 Klin
3075 3025 3188 3122 erk
3084 3096 3179 3158 stäf
3083 3144 3171 3215 13.
3035 3196 3182 3275 # soll
