3436 4320
2092 222 2534 324 box 21/2
271 226 1939 321 16.1. Lebendige Stunden zuklus
1025 956 1151 1041 176
1516 946 1937 1060 Theater-Korrespondenz.
1018 1058 2433 1147 Geschäftsleute Theaterstücke. In der modernen theatralischen Welt ist dem¬
1022 1121 2433 1209 entsprechend das wirklich entscheidende Kriterium eines Theaterstückes nicht
1032 1179 2428 1254 sein dramatisch=literarischer Werth, sondern sein in Geld umzusetzender
1020 1234 2439 1307 Gefallwerth beim Publikum. Ob ein Stück aufgeführt wird und wie oft
1016 1309 2427 1368 es aufgeführt wird, hängt nie von seiner literarischen Bedeutung ab. Die
1017 1355 2428 1407 „Reiherfedern“ verschwanden klanglos. „Es lebe das Leben“ geht über
1017 1401 2424 1481 Hunderte von Theatern der ganzen Welt. Johannes Schlafs „Meister
1019 1442 2425 1527 Oelze“ bringt keine Tantième. Das „weiße Rößl“ der Herren Blumenthal
1016 1524 2429 1595 und Kadelburg hat in knappen zwei Jahren nach unwiderrufenen Zeitungs¬
1016 1570 2420 1638 berichten 600 000 Mark seinen Autoren eingebracht. Ein Publikum für
1019 1613 2428 1677 Theatervorstellungen giebt es jeder Zeit in ganz Deutschland, so lange
1019 1689 2420 1750 man im Verfolg des wirthschaftlichen Aufschwungs wohlhabend genug ist.
1012 1715 2420 1782 Theater existiren auch immer genug, da stets welche hinzugegründet werden
1011 1783 2430 1866 können. Das Wichtigste sind zugkräftige Stücke. Denn ohne die ist das
1026 1836 2421 1914 Theater kein Geschäft. Also sind doch schließlich das Wichtigste in der
1020 1881 2431 1980 Theaterwelt die Theaterschriftsteller. Auf sie allein kommt schließlich
1016 1933 1227 2004 Alles an.
1102 1995 2422 2070 Und nun erwäge man dies: In Deutschland hat jede größere Stadt
1010 2049 2424 2110 ihr eigenes Theater. Aber auch jedes kleinste Landstädtchen bis zu
1020 2103 2430 2173 2000 Einwohnern herab wird alljährlich und regelmäßig von einer reisenden
1020 2165 2418 2238 Theatergesellschaft besucht, die stets nach Möglichkeit das Neueste mitbringt.
1012 2190 2420 2287 Alle diese Theater existiren um des „Geschäftes“ willen, am letzten Ende.
1015 2267 2419 2323 Denn reicht der Gewinn nicht mehr aus, gehen sie unter allen Umständen.
1015 2331 2422 2394 zu Grunde. Auch die Hof= und Stadttheater sind keineswegs dem „Ge¬
1017 2377 2419 2424 schäft“ entzogen. Nur der Intendani kann sich halten, der gar keine oder
1015 2442 2414 2505 ganz geringe Zuschüsse braucht. Vom Gedeihen aller dieser Theater hängt
1018 2491 2426 2563 in Deutschland die Existenz von vielen Tausend Menschen ab. Da die
1018 2522 2414 2616 Theater wieder vom Erfolg des Theaterschriftstellers abhängen, so ist in
1002 2595 2417 2667 der That dieser der Herr von vielen Tausenden, deren Brotgeber. Was
1014 2636 2410 2718 will dagegen ein Krupp! Dazu kommt noch, daß solch ein Theaterschrift¬
1016 2689 2413 2778 steller niemals in die Lage kommt, den „Herrn“ hervorkehren zu müssen.
1006 2760 2411 2826 Er hat Alles zu bedeuten und doch nichts zu sagen. Er hat es also leicht,
1001 2815 2418 2880 ein über alle Maßen „beliebter“ Herr zu sein, dessen Beliebtheit durch
1001 2856 2319 2929 keinen sozialen Haß einer „ausgebeuteten Klasse“ beeinträchtigt wird.
1105 2913 2404 2977 Das also ist die wirthschaftliche Unterlage, der materielle Unterbau,
1014 2983 2416 3043 aus dem sich dann die ideologische Existenz des Theaterschriftstellers empor¬
1005 3016 2418 3082 hebt und aus dem heraus sie sich psychologisch verstehen läßt. Zum Bewußt¬
1011 3080 2406 3155 sein kommt ihm seine soziale und volkswirthschaftliche Bedeutung nicht
1008 3130 2409 3206 direkt, indem er sich sagt oder indem ihm gesagt wird: so und soviele
1011 3190 2415 3253 Tausend Menschen leben von Deiner Produktion. Direkt kommt er gar
999 3235 2412 3317 nicht mit dieser Masse in Berührung. Zum Bewußtsein kommt ihm sein
1006 3296 2417 3348 Einfluß und seine Bedeutung durch die hohen Einnahmen und durch die
1013 3350 2423 3423 fast tägliche Namensnennung in irgend einer Zeitung. Die hohen
1008 3399 2417 3496 materiellen Einnahmen taxirt er natürlich nicht als das, was sie in Wahr¬
