3484 4384
363 150 2036 256 16.1. Lebendige Stunden zyklus
2168 152 2633 252 box 21/2
1302 1103 2486 1234 larität in erster Linie zu danken hatte. Die großen Sym¬
1297 1176 2489 1280 pathien, die schon Wilhelm Scherer der romantischen Richtung
1295 1209 2482 1311 in Bauernfelds Werken entgegenbrachte, erweisen sich bei
1299 1254 2477 1346 näherem Zusehen als sehr gerechtfertigt. Aus den romanti¬
1287 1307 2481 1400 schen Jugendlustspielen „Der Musikant von Augsburg“ und
1292 1365 2477 1440 „Die Geschwister von Nürnberg“, aus des gereiften Meister¬
1294 1384 2481 1475 köstlicher historischer Komödie „Landfrieden“, vor allem aber
1287 1442 2476 1533 aus dem lieblichen Zauberspiel „Fortunat“ strahlt uns die
1282 1479 2479 1556 ganze sonnige und lebensfrohe, träumerische und märchen¬
1283 1511 2471 1619 duftende Romantik des vormärzlichen Wien in den lichten
1286 1555 2476 1657 Farben eines Märchenbildes von Meister Schwind entgegen.
1290 1613 2468 1683 Was der Unverstand des Wiener Theaterpublikums von 1835
1294 1651 2468 1748 gelegentlich der ersten Aufführung des „Fortunat“ in der
1290 1688 2465 1775 Josephstadt an dem Dichter gesündigt hat, wurde von der
1284 1729 2479 1835 literarischen Kritik längst wieder gut gemacht, seit das Stück
1273 1782 2466 1862 in der Gesammtausgabe der Bauernfeld'schen Schriften der
1264 1802 2459 1919 Oeffentlichkeit, der es über 35 Jahre vorenthalten war, zu¬
1269 1853 2461 1956 gänglich gemacht ist. Insbesondere ist es den Bemühungen
1278 1909 2462 2006 Scherers und neuerdings denen Glossys und Horners im
1272 1944 2456 2046 Grillparzer Jahrbuch und des Letzteren biographischer Arbeit
1265 1999 2451 2076 zu danken, daß der dichterische Werth des „Fortunat“ die ge¬
1273 2036 2458 2150 bührende Würdigung erfahren hat. Nur auf der Bühne ist
1273 2079 2454 2182 Bauernfelds prächtiger Wanderbursche noch nicht zu seinem
1259 2126 2456 2219 vollen Rechte gelangt. Die einzige bisherige Aufführung
1268 2162 2455 2266 neueren Datums, am Wiener Kaiser=Jubiläumstheater
1273 2202 2452 2310 (April 1900) von Müller=Guttenbrunn ins Leben gerufen,
1261 2245 2451 2343 wurde durch eine, wie es scheint, nicht sonderlich gelungene
1250 2295 2448 2397 Darstellung und eine unzureichende Musik beeinträchtigt. Mit
1258 2335 2431 2428 berechtigtem Interesse wird man der bevorstehenden For¬
1257 2366 2441 2479 tunat=Aufführung des Karlsruher Hoftheaters entgegensehen;
1259 2411 2439 2519 sie soll, wie wir hören, die ersten Kräfte des hiesigen Schau¬
1251 2472 2439 2560 spiels ins Treffen führen und durch eine neu zu dem Werke
1254 2503 2438 2614 komponirte Musik von Selmar Meyrowitz, eines begabten,
1251 2554 2428 2644 an der hiesigen Bühne wirkenden jungen Musikers, ihre
1240 2589 1745 2667 Unterstützung finden.—
1316 2646 2432 2749 L. Berlin, 5. Jan. Mehr als vier neue Stücke an einem
1237 2675 2433 2786 Abend kann sich wahrhaftig kein Theater leisten! Das Deutsche
1239 2733 2430 2827 Theater hat gestern ins Volle gegriffen, und seinem Publikum
1244 2794 2431 2903 gleich vier Einakter, allerdings vom selben Autor, geboten.
1242 2833 2440 2944 Arthur Schnitzler, der hochbegabte Wiener Poet, errang
1688 2899 2196 3020 SCL 6
