<?xml version="1.0" encoding="UTF-8" standalone="yes"?>
<PcGts xmlns="http://schema.primaresearch.org/PAGE/gts/pagecontent/2013-07-15" xmlns:xsi="http://www.w3.org/2001/XMLSchema-instance" xsi:schemaLocation="http://schema.primaresearch.org/PAGE/gts/pagecontent/2013-07-15 http://schema.primaresearch.org/PAGE/gts/pagecontent/2013-07-15/pagecontent.xsd">
    <Metadata>
        <Creator>prov=University of Rostock/Institute of Mathematics/CITlab/Gundram Leifert/gundram.leifert@uni-rostock.de:name=ONB_Newseye_GT_M1+(htr_id=10810)::::v=2.4.2
prov=University of Rostock/Institute of Mathematics/CITlab/Tobias Gruening/tobias.gruening@uni-rostock.de:name=de.uros.citlab.module.baseline2polygon.B2PSeamMultiOriented:v=2.4.2
prov=University of Rostock/Institute of Mathematics/CITlab/Tobias Gruening/tobias.gruening@uni-rostock.de:name=/mnt/transkribus/LA/DEA/URO/LA_news_onb_att.pb:de.uros.citlab.segmentation.CITlab_LA_ML:v=2.4.2
Transkribus</Creator>
        <Created>2019-10-07T11:36:21.822+02:00</Created>
        <LastChange>2019-10-08T19:53:42.477+02:00</LastChange>
        <TranskribusMetadata docId="223975" pageId="9502661" pageNr="583" tsid="16608315" status="IN_PROGRESS" userId="40391" imgUrl="https://files.transkribus.eu/Get?id=XXDVNNDCXVYJBYSKSFLINMQD&amp;fileType=view" xmlUrl="https://files.transkribus.eu/Get?id=QLAEEOWTZAHUIZECCKHOIEGY" imageId="6192879"/>
    </Metadata>
    <Page imageFilename="223975_0583.jpeg" imageWidth="3484" imageHeight="4320">
        <ReadingOrder>
            <OrderedGroup id="ro_1711449984534" caption="Regions reading order">
                <RegionRefIndexed index="0" regionRef="r1"/>
                <RegionRefIndexed index="1" regionRef="r2"/>
                <RegionRefIndexed index="2" regionRef="r3"/>
                <RegionRefIndexed index="3" regionRef="r4"/>
            </OrderedGroup>
        </ReadingOrder>
        <TextRegion orientation="0.0" id="r1" custom="readingOrder {index:0;}">
            <Coords points="326,258 326,4193 1989,4193 1989,258"/>
            <TextLine id="r1l1" custom="readingOrder {index:0;}">
                <Coords points="316,300 1999,310 1924,226 317,237"/>
                <Baseline points="326,281 409,287 492,292 575,296 658,299 741,301 824,303 908,304 991,305 1074,305 1157,305 1240,305 1323,305 1406,304 1490,303 1573,303 1656,303 1739,302 1822,302 1905,303 1989,303"/>
                <TextEquiv>
                    <Unicode>16.1. Lebendige Stunden— zyklus</Unicode>
                </TextEquiv>
            </TextLine>
            <TextLine id="r1l2" custom="readingOrder {index:1;}">
                <Coords points="800,669 899,657 916,636 1083,650 1142,615 1254,612 1236,432 1097,444 982,426 957,440 846,417 777,439"/>
                <Baseline points="807,634 832,637 858,640 883,641 909,641 935,640 960,638 986,635 1012,631 1037,628 1063,624 1089,620 1114,615 1140,612 1166,608 1191,606 1217,603 1243,601"/>
                <TextEquiv>
                    <Unicode>A</Unicode>
                </TextEquiv>
            </TextLine>
            <TextLine id="r1l3" custom="readingOrder {index:2;}">
                <Coords points="1225,700 1612,711 1612,642 1562,657 1514,644 1425,660 1367,639 1225,665"/>
                <Baseline points="1236,699 1262,699 1288,699 1314,699 1340,699 1366,699 1392,700 1419,700 1445,700 1471,701 1497,701 1523,701 1549,701 1575,700 1602,700"/>
                <TextEquiv>
                    <Unicode>27. März 1905.</Unicode>
                </TextEquiv>
            </TextLine>
            <TextLine id="r1l4" custom="readingOrder {index:3;}">
                <Coords points="610,777 1672,805 1697,726 1548,765 1470,732 611,737"/>
                <Baseline points="620,770 673,769 726,769 779,770 833,770 886,771 939,772 993,773 1046,775 1099,776 1153,778 1206,779 1259,781 1312,782 1366,783 1419,784 1472,784 1526,784 1579,784 1632,784 1686,783"/>
                <TextEquiv>
                    <Unicode>der benachbarten Steiermark angehörig, die größte</Unicode>
                </TextEquiv>
            </TextLine>
            <TextLine id="r1l5" custom="readingOrder {index:4;}">
                <Coords points="635,830 1693,863 1694,806 1593,792 636,778"/>
                <Baseline points="645,821 696,821 748,821 800,821 852,822 904,822 956,823 1008,824 1060,825 1112,826 1164,827 1215,828 1267,830 1319,830 1371,831 1423,832 1475,833 1527,834 1579,835 1631,835 1683,836"/>
                <TextEquiv>
                    <Unicode>Zeit seiner Jugend in Krain verbrachte und auch in</Unicode>
                </TextEquiv>
            </TextLine>
            <TextLine id="r1l6" custom="readingOrder {index:5;}">
                <Coords points="641,875 1694,890 1653,846 1431,830 642,828"/>
                <Baseline points="651,868 702,869 754,870 805,871 857,872 909,873 960,874 1012,875 1063,876 1115,877 1167,878 1218,878 1270,879 1321,880 1373,881 1425,881 1476,882 1528,883 1579,883 1631,883 1683,884"/>
                <TextEquiv>
                    <Unicode>Laibach seine Gymnasialstudien vollendete. Das ge¬</Unicode>
                </TextEquiv>
            </TextLine>
            <TextLine id="r1l7" custom="readingOrder {index:6;}">
                <Coords points="637,926 1692,944 1678,892 638,878"/>
                <Baseline points="649,916 700,917 752,918 803,919 855,920 907,920 958,921 1010,922 1062,922 1113,923 1165,924 1217,925 1268,925 1320,926 1372,927 1423,928 1475,930 1527,931 1578,932 1630,934 1682,935"/>
                <TextEquiv>
                    <Unicode>schmackvoll ausgestattete, über 26 Bogen starke Buch</Unicode>
                </TextEquiv>
            </TextLine>
            <TextLine id="r1l8" custom="readingOrder {index:7;}">
                <Coords points="637,981 1687,996 1688,946 638,927"/>
                <Baseline points="647,968 698,968 750,968 801,969 853,969 904,970 956,971 1007,972 1059,973 1110,975 1162,976 1214,977 1265,978 1317,979 1368,979 1420,980 1471,980 1523,980 1574,980 1626,979 1678,978"/>
                <TextEquiv>
                    <Unicode>ist mit einem Bildnisse des zu früh heimgegangenen</Unicode>
                </TextEquiv>
            </TextLine>
            <TextLine id="r1l9" custom="readingOrder {index:8;}">
                <Coords points="643,1022 1637,1049 1697,1040 1698,992 643,977"/>
                <Baseline points="653,1015 704,1016 756,1017 807,1017 859,1018 911,1019 962,1020 1014,1021 1066,1022 1117,1023 1169,1023 1221,1024 1272,1025 1324,1026 1376,1026 1427,1027 1479,1028 1531,1028 1582,1028 1634,1029 1686,1029"/>
                <TextEquiv>
                    <Unicode>Dichters geziert, bringt in der Einleitung eine kurze</Unicode>
                </TextEquiv>
            </TextLine>
            <TextLine id="r1l10" custom="readingOrder {index:9;}">
                <Coords points="633,1064 1698,1088 1684,1038 634,1018"/>
                <Baseline points="643,1063 695,1065 747,1066 799,1067 851,1068 904,1069 956,1070 1008,1071 1060,1072 1112,1073 1165,1073 1217,1074 1269,1074 1321,1075 1373,1076 1426,1076 1478,1077 1530,1078 1582,1078 1634,1079 1687,1080"/>
                <TextEquiv>
                    <Unicode>Lebensskizze Aichelburgs sowie eine Übersicht seiner</Unicode>
                </TextEquiv>
            </TextLine>
            <TextLine id="r1l11" custom="readingOrder {index:10;}">
                <Coords points="634,1114 1638,1148 1692,1142 1693,1088 634,1080"/>
                <Baseline points="645,1112 696,1112 748,1113 800,1115 852,1116 904,1117 956,1118 1008,1119 1060,1120 1112,1121 1164,1122 1215,1123 1267,1124 1319,1124 1371,1125 1423,1126 1475,1127 1527,1127 1579,1128 1631,1129 1683,1129"/>
                <TextEquiv>
                    <Unicode>dichterischen Tätigkeit. Mit kundiger Hand wurden</Unicode>
                </TextEquiv>
            </TextLine>
            <TextLine id="r1l12" custom="readingOrder {index:11;}">
                <Coords points="641,1171 1658,1193 1693,1187 1694,1142 642,1119"/>
                <Baseline points="651,1160 702,1161 754,1162 805,1163 857,1164 909,1165 960,1166 1012,1166 1063,1167 1115,1168 1167,1169 1218,1170 1270,1171 1321,1171 1373,1172 1425,1173 1476,1173 1528,1174 1579,1175 1631,1176 1683,1177"/>
                <TextEquiv>
                    <Unicode>in der uns vorliegenden Ausgabe die besten Erzeng¬</Unicode>
                </TextEquiv>
            </TextLine>
            <TextLine id="r1l13" custom="readingOrder {index:12;}">
                <Coords points="570,1227 583,1228 587,1224 597,1225 606,1219 610,1224 620,1224 624,1175 614,1174 607,1178 603,1173 584,1186 573,1186"/>
                <Baseline points="582,1204 612,1206"/>
                <TextEquiv>
                    <Unicode>19</Unicode>
                </TextEquiv>
            </TextLine>
            <TextLine id="r1l14" custom="readingOrder {index:13;}">
                <Coords points="635,1232 746,1208 1660,1244 1695,1184 636,1165"/>
                <Baseline points="645,1210 696,1211 748,1211 800,1212 852,1214 904,1215 956,1216 1008,1217 1060,1218 1112,1219 1164,1220 1215,1221 1267,1222 1319,1223 1371,1224 1423,1224 1475,1225 1527,1225 1579,1225 1631,1225 1683,1224"/>
                <TextEquiv>
                    <Unicode>nisse des dichterischen Schaffens Aichelburgs nieder¬</Unicode>
                </TextEquiv>
            </TextLine>
            <TextLine id="r1l15" custom="readingOrder {index:14;}">
                <Coords points="558,1281 568,1280 578,1273 590,1273 594,1268 601,1268 607,1274 611,1271 620,1271 617,1219 606,1220 602,1224 586,1225 568,1242 556,1243"/>
                <Baseline points="566,1259 608,1257"/>
                <TextEquiv>
                    <Unicode>n</Unicode>
                </TextEquiv>
            </TextLine>
            <TextLine id="r1l16" custom="readingOrder {index:15;}">
                <Coords points="634,1266 1699,1304 1700,1250 1644,1230 1026,1240 737,1208 635,1233"/>
                <Baseline points="644,1261 696,1260 748,1260 800,1260 852,1261 905,1261 957,1262 1009,1263 1061,1264 1113,1265 1166,1266 1218,1267 1270,1269 1322,1270 1374,1271 1427,1272 1479,1273 1531,1274 1583,1275 1635,1276 1688,1277"/>
                <TextEquiv>
                    <Unicode>gelegt und zu einer anmutigen Sammlung vereinigt,</Unicode>
                </TextEquiv>
            </TextLine>
            <TextLine id="r1l17" custom="readingOrder {index:16;}">
                <Coords points="568,1324 579,1323 586,1314 599,1315 605,1319 618,1318 614,1266 607,1266 601,1269 595,1267 581,1281 579,1279 565,1280"/>
                <Baseline points="578,1306 606,1304"/>
                <TextEquiv>
                    <Unicode>u</Unicode>
                </TextEquiv>
            </TextLine>
            <TextLine id="r1l18" custom="readingOrder {index:17;}">
                <Coords points="630,1308 1587,1343 1683,1305 631,1264"/>
                <Baseline points="641,1307 692,1307 744,1308 795,1309 847,1310 898,1311 950,1313 1001,1313 1053,1314 1104,1315 1156,1317 1208,1317 1259,1318 1311,1319 1362,1320 1414,1321 1465,1322 1517,1323 1568,1324 1620,1325 1672,1326"/>
                <TextEquiv>
                    <Unicode>deren Poesie insbesondere im ersten Teile („Hoch¬</Unicode>
                </TextEquiv>
            </TextLine>
            <TextLine id="r1l19" custom="readingOrder {index:18;}">
                <Coords points="560,1378 619,1352 1694,1385 1694,1354 1612,1327 561,1319"/>
                <Baseline points="572,1353 627,1354 683,1355 738,1356 794,1357 849,1359 905,1360 960,1361 1016,1362 1071,1363 1127,1364 1183,1365 1238,1366 1294,1367 1349,1368 1405,1370 1460,1370 1516,1371 1571,1372 1627,1373 1683,1375"/>
                <TextEquiv>
                    <Unicode>l=(deutsche Gedichte und Dialektdichtungen“) mit voller</Unicode>
                </TextEquiv>
            </TextLine>
            <TextLine id="r1l20" custom="readingOrder {index:19;}">
                <Coords points="551,1410 1682,1436 1650,1381 552,1370"/>
                <Baseline points="562,1401 617,1402 672,1404 728,1405 783,1406 839,1407 894,1409 950,1410 1005,1411 1061,1412 1116,1413 1171,1414 1227,1415 1282,1416 1338,1418 1393,1419 1449,1420 1504,1421 1560,1422 1615,1424 1671,1425"/>
                <TextEquiv>
                    <Unicode>Kraft den Leser in ihren Bann zwingt und anhaltend</Unicode>
                </TextEquiv>
            </TextLine>
            <TextLine id="r1l21" custom="readingOrder {index:20;}">
                <Coords points="548,1451 559,1450 565,1454 574,1454 584,1464 589,1465 593,1461 599,1467 616,1466 613,1416 599,1417 586,1411 582,1414 576,1412 565,1415 559,1409 546,1409"/>
                <Baseline points="560,1454 604,1452"/>
                <TextEquiv>
                    <Unicode>er</Unicode>
                </TextEquiv>
            </TextLine>
            <TextLine id="r1l22" custom="readingOrder {index:21;}">
                <Coords points="631,1464 1681,1486 1682,1440 632,1417"/>
                <Baseline points="641,1456 692,1456 744,1457 795,1457 847,1458 898,1459 950,1460 1001,1461 1053,1462 1104,1463 1156,1464 1207,1465 1259,1466 1310,1467 1362,1468 1413,1469 1465,1469 1516,1470 1568,1470 1619,1470 1671,1470"/>
                <TextEquiv>
                    <Unicode>fesselt. Wir wollen damit nicht sagen, daß allen Ge¬</Unicode>
                </TextEquiv>
            </TextLine>
            <TextLine id="r1l23" custom="readingOrder {index:22;}">
                <Coords points="543,1505 559,1506 563,1502 568,1506 570,1504 587,1518 591,1518 597,1511 620,1513 618,1465 600,1468 593,1461 583,1466 570,1454 541,1453"/>
                <Baseline points="554,1504 582,1500 610,1502"/>
                <TextEquiv>
                    <Unicode>t¬</Unicode>
                </TextEquiv>
            </TextLine>
            <TextLine id="r1l24" custom="readingOrder {index:23;}">
                <Coords points="626,1507 1610,1535 1683,1528 1684,1490 627,1463"/>
                <Baseline points="636,1499 687,1501 739,1503 791,1505 843,1506 895,1508 946,1509 998,1510 1050,1511 1102,1512 1154,1513 1205,1514 1257,1515 1309,1515 1361,1516 1413,1516 1464,1517 1516,1517 1568,1518 1620,1518 1672,1519"/>
                <TextEquiv>
                    <Unicode>dichten Aichelburgs der gleiche poctische Wert zukäme</Unicode>
                </TextEquiv>
            </TextLine>
            <TextLine id="r1l25" custom="readingOrder {index:24;}">
                <Coords points="543,1553 558,1554 566,1550 579,1560 591,1555 600,1563 608,1563 628,1545 641,1547 638,1489 622,1487 590,1518 581,1514 561,1527 542,1526"/>
                <Baseline points="554,1552 579,1548 605,1547 631,1549"/>
                <TextEquiv>
                    <Unicode>00</Unicode>
                </TextEquiv>
            </TextLine>
            <TextLine id="r1l26" custom="readingOrder {index:25;}">
                <Coords points="645,1557 1685,1579 1686,1527 1657,1525 646,1524"/>
                <Baseline points="656,1549 709,1551 763,1552 816,1554 870,1555 924,1556 977,1557 1031,1559 1085,1559 1138,1560 1192,1561 1245,1563 1299,1563 1353,1565 1406,1566 1460,1567 1514,1568 1567,1569 1621,1571 1675,1572"/>
                <TextEquiv>
                    <Unicode>— aber in der erdrückenden Mehrzahl finden sich darin</Unicode>
                </TextEquiv>
            </TextLine>
            <TextLine id="r1l27" custom="readingOrder {index:26;}">
                <Coords points="534,1596 1688,1627 1688,1590 1510,1572 617,1552 534,1581"/>
                <Baseline points="544,1599 600,1600 657,1602 713,1602 770,1603 827,1604 883,1605 940,1606 997,1607 1053,1607 1110,1608 1167,1609 1223,1610 1280,1610 1337,1611 1393,1612 1450,1614 1507,1615 1563,1616 1620,1618 1677,1620"/>
                <TextEquiv>
                    <Unicode>rsolch zarte Sprossen eines tief empfindenden Gemütes,</Unicode>
                </TextEquiv>
            </TextLine>
            <TextLine id="r1l28" custom="readingOrder {index:27;}">
                <Coords points="533,1656 1678,1685 1696,1638 533,1618"/>
                <Baseline points="544,1650 601,1650 658,1651 715,1652 772,1653 829,1654 886,1655 943,1656 1000,1657 1057,1658 1114,1659 1171,1661 1228,1662 1285,1663 1342,1664 1399,1665 1456,1666 1513,1667 1570,1668 1627,1669 1685,1670"/>
                <TextEquiv>
                    <Unicode>ie=einer gottbegnadeten Dichterseele, daß sie sich getrost</Unicode>
                </TextEquiv>
            </TextLine>
            <TextLine id="r1l29" custom="readingOrder {index:28;}">
                <Coords points="542,1708 1680,1731 1681,1685 1587,1671 543,1677"/>
                <Baseline points="552,1699 607,1700 663,1700 719,1701 775,1701 831,1702 887,1703 942,1704 998,1704 1054,1705 1110,1706 1166,1707 1222,1708 1278,1709 1333,1710 1389,1711 1445,1712 1501,1713 1557,1715 1613,1716 1669,1717"/>
                <TextEquiv>
                    <Unicode>ac, den hervorragendsten lyrischen Produkten an die Seite</Unicode>
                </TextEquiv>
            </TextLine>
            <TextLine id="r1l30" custom="readingOrder {index:29;}">
                <Coords points="530,1776 541,1776 547,1769 561,1769 574,1758 596,1751 613,1740 623,1740 622,1715 612,1716 601,1710 597,1714 587,1706 578,1708 568,1704 556,1711 543,1707 539,1711 529,1712"/>
                <Baseline points="540,1747 576,1745 612,1745"/>
                <TextEquiv>
                    <Unicode>r¬</Unicode>
                </TextEquiv>
            </TextLine>
            <TextLine id="r1l31" custom="readingOrder {index:30;}">
                <Coords points="618,1770 1562,1784 1681,1762 1682,1725 619,1712"/>
                <Baseline points="628,1751 680,1751 732,1752 784,1752 836,1753 888,1753 940,1754 993,1755 1045,1756 1097,1757 1149,1757 1201,1758 1253,1759 1305,1760 1358,1760 1410,1761 1462,1762 1514,1762 1566,1762 1618,1762 1671,1762"/>
                <TextEquiv>
                    <Unicode>stellen lassen. Und wie oft deckt einzig und allein</Unicode>
                </TextEquiv>
            </TextLine>
            <TextLine id="r1l32" custom="readingOrder {index:31;}">
                <Coords points="542,1822 1634,1829 1678,1821 1679,1767 543,1768"/>
                <Baseline points="552,1797 607,1798 663,1798 719,1799 775,1800 830,1801 886,1801 942,1802 998,1803 1053,1804 1109,1805 1165,1806 1221,1807 1276,1807 1332,1808 1388,1809 1444,1810 1499,1810 1555,1811 1611,1811 1667,1812"/>
                <TextEquiv>
                    <Unicode>cke das Mäntelchen der wohlakkreditierten Firma zahl¬</Unicode>
                </TextEquiv>
            </TextLine>
            <TextLine id="r1l33" custom="readingOrder {index:32;}">
                <Coords points="533,1860 552,1856 563,1864 568,1857 579,1863 589,1860 597,1853 612,1854 609,1810 586,1816 569,1809 547,1825 531,1826"/>
                <Baseline points="542,1848 571,1846 600,1844"/>
                <TextEquiv>
                    <Unicode>en</Unicode>
                </TextEquiv>
            </TextLine>
            <TextLine id="r1l34" custom="readingOrder {index:33;}">
                <Coords points="624,1856 1679,1879 1680,1833 1605,1821 625,1816"/>
                <Baseline points="635,1847 686,1848 738,1848 790,1848 841,1849 893,1850 945,1851 996,1852 1048,1852 1100,1854 1152,1855 1203,1857 1255,1858 1307,1859 1358,1860 1410,1861 1462,1863 1513,1863 1565,1864 1617,1865 1669,1866"/>
                <TextEquiv>
                    <Unicode>reiche Schwächen... Unserer Auffassung nach be¬</Unicode>
                </TextEquiv>
            </TextLine>
            <TextLine id="r1l35" custom="readingOrder {index:34;}">
                <Coords points="621,1897 1615,1927 1692,1912 1693,1880 622,1845"/>
                <Baseline points="631,1897 683,1898 736,1899 788,1899 841,1900 893,1901 946,1901 998,1902 1051,1903 1103,1903 1156,1904 1208,1905 1261,1906 1313,1907 1366,1908 1418,1909 1471,1910 1523,1911 1576,1912 1628,1913 1681,1914"/>
                <TextEquiv>
                    <Unicode>kundet sich Aichelburgs Talent am besten in jenen</Unicode>
                </TextEquiv>
            </TextLine>
            <TextLine id="r1l36" custom="readingOrder {index:35;}">
                <Coords points="627,1951 1665,1978 1678,1922 627,1906"/>
                <Baseline points="637,1944 688,1945 740,1946 791,1947 843,1948 894,1949 946,1950 997,1950 1049,1951 1100,1951 1152,1952 1203,1952 1255,1953 1306,1953 1358,1954 1409,1955 1461,1956 1512,1956 1564,1957 1615,1959 1667,1960"/>
                <TextEquiv>
                    <Unicode>Gedichten, deren Sujet der Natur sowie dem Liebes¬</Unicode>
                </TextEquiv>
            </TextLine>
            <TextLine id="r1l37" custom="readingOrder {index:36;}">
                <Coords points="624,2007 1687,2027 1687,1975 625,1947"/>
                <Baseline points="635,1993 687,1994 739,1996 791,1997 843,1998 895,1999 947,2000 999,2001 1051,2002 1103,2002 1156,2003 1208,2004 1260,2005 1312,2006 1364,2006 1416,2007 1468,2008 1520,2009 1572,2010 1624,2010 1677,2012"/>
                <TextEquiv>
                    <Unicode>leben des Dichters entnommen ist; aber auch in den</Unicode>
                </TextEquiv>
            </TextLine>
            <TextLine id="r1l38" custom="readingOrder {index:37;}">
                <Coords points="544,2052 558,2052 560,2055 579,2043 587,2047 596,2045 608,2056 620,2057 623,1996 610,1994 589,2010 580,2012 572,2005 562,2007 556,2002 545,2002"/>
                <Baseline points="555,2040 583,2038 611,2042"/>
                <TextEquiv>
                    <Unicode>m</Unicode>
                </TextEquiv>
            </TextLine>
            <TextLine id="r1l39" custom="readingOrder {index:38;}">
                <Coords points="622,2047 1624,2073 1675,2037 623,2008"/>
                <Baseline points="633,2042 684,2043 736,2044 787,2044 839,2045 890,2046 942,2047 993,2048 1045,2049 1096,2050 1148,2051 1200,2052 1251,2053 1303,2054 1354,2055 1406,2056 1457,2056 1509,2057 1560,2058 1612,2058 1664,2059"/>
                <TextEquiv>
                    <Unicode>Dialektdichtungen betätigt sich glücklich seine Veranla¬</Unicode>
                </TextEquiv>
            </TextLine>
            <TextLine id="r1l40" custom="readingOrder {index:39;}">
                <Coords points="545,2107 568,2106 572,2109 578,2105 585,2109 614,2105 610,2044 597,2047 595,2045 593,2048 568,2047 564,2052 541,2051"/>
                <Baseline points="554,2092 602,2089"/>
                <TextEquiv>
                    <Unicode>ist</Unicode>
                </TextEquiv>
            </TextLine>
            <TextLine id="r1l41" custom="readingOrder {index:40;}">
                <Coords points="624,2102 1608,2123 1685,2119 1686,2078 625,2062"/>
                <Baseline points="634,2095 686,2095 738,2095 790,2095 842,2096 894,2096 946,2097 998,2097 1050,2098 1102,2099 1154,2100 1206,2101 1258,2102 1310,2103 1362,2104 1414,2104 1466,2105 1518,2106 1570,2107 1622,2108 1675,2109"/>
                <TextEquiv>
                    <Unicode>gung, allerdings in anderer Art; es steckt in diesen</Unicode>
                </TextEquiv>
            </TextLine>
            <TextLine id="r1l42" custom="readingOrder {index:41;}">
                <Coords points="627,2150 1684,2161 1664,2110 628,2100"/>
                <Baseline points="637,2142 688,2142 740,2142 792,2142 844,2143 896,2143 948,2144 999,2145 1051,2146 1103,2147 1155,2149 1207,2150 1259,2151 1311,2152 1362,2153 1414,2154 1466,2155 1518,2156 1570,2157 1622,2157 1674,2157"/>
                <TextEquiv>
                    <Unicode>flott, beinahe übermütig hingeworfenen Reimen ein</Unicode>
                </TextEquiv>
            </TextLine>
            <TextLine id="r1l43" custom="readingOrder {index:42;}">
                <Coords points="627,2197 1681,2218 1670,2160 628,2152"/>
                <Baseline points="637,2193 688,2192 740,2192 792,2192 844,2192 895,2192 947,2193 999,2194 1051,2196 1102,2197 1154,2198 1206,2199 1258,2201 1309,2203 1361,2204 1413,2205 1465,2205 1516,2206 1568,2206 1620,2205 1672,2204"/>
                <TextEquiv>
                    <Unicode>Witz, der durch Tränen lächelt, hie und da tiefe</Unicode>
                </TextEquiv>
            </TextLine>
            <TextLine id="r1l44" custom="readingOrder {index:43;}">
                <Coords points="620,2244 1673,2269 1673,2219 1603,2211 621,2196"/>
                <Baseline points="631,2238 682,2239 734,2240 785,2241 837,2242 889,2243 940,2244 992,2245 1043,2246 1095,2247 1147,2247 1198,2248 1250,2249 1301,2249 1353,2250 1405,2251 1456,2251 1508,2252 1559,2253 1611,2254 1663,2255"/>
                <TextEquiv>
                    <Unicode>Lebensweisheit in dem bescheidensten Gewande. Die</Unicode>
                </TextEquiv>
            </TextLine>
            <TextLine id="r1l45" custom="readingOrder {index:44;}">
                <Coords points="621,2291 1455,2326 1665,2313 1666,2268 622,2245"/>
                <Baseline points="631,2286 682,2288 733,2289 784,2290 836,2291 887,2293 938,2293 989,2294 1041,2296 1092,2296 1143,2297 1194,2298 1246,2299 1297,2300 1348,2300 1399,2301 1451,2302 1502,2303 1553,2303 1604,2304 1656,2305"/>
                <TextEquiv>
                    <Unicode>Sammlung enthält eben alles Mögliche, tiefernste Be¬</Unicode>
                </TextEquiv>
            </TextLine>
            <TextLine id="r1l46" custom="readingOrder {index:45;}">
                <Coords points="621,2344 1653,2367 1672,2318 622,2292"/>
                <Baseline points="631,2340 682,2340 734,2340 785,2340 837,2341 888,2342 940,2342 991,2343 1043,2344 1094,2345 1146,2346 1197,2347 1249,2348 1300,2349 1352,2350 1403,2351 1455,2352 1506,2353 1558,2353 1609,2354 1661,2354"/>
                <TextEquiv>
                    <Unicode>trachtungen neben flatterhaften Gedanken einer rein</Unicode>
                </TextEquiv>
            </TextLine>
            <TextLine id="r1l47" custom="readingOrder {index:46;}">
                <Coords points="609,2384 1672,2410 1672,2379 1612,2359 609,2365"/>
                <Baseline points="619,2387 671,2387 723,2388 775,2389 827,2390 879,2390 931,2391 984,2392 1036,2393 1088,2394 1140,2394 1192,2395 1244,2396 1296,2396 1349,2397 1401,2398 1453,2398 1505,2399 1557,2399 1609,2399 1662,2400"/>
                <TextEquiv>
                    <Unicode>augenblicklichen Stimmung, goldigen Sonnenschein</Unicode>
                </TextEquiv>
            </TextLine>
            <TextLine id="r1l48" custom="readingOrder {index:47;}">
                <Coords points="618,2442 1687,2469 1648,2410 618,2405"/>
                <Baseline points="628,2436 680,2437 732,2438 785,2438 837,2439 890,2440 942,2441 994,2442 1047,2442 1099,2443 1152,2444 1204,2445 1256,2445 1309,2446 1361,2447 1414,2447 1466,2448 1518,2449 1571,2449 1623,2449 1676,2450"/>
                <TextEquiv>
                    <Unicode>nebst dunklen Nachtgespenstern, abgeklärte Ruhe nebst</Unicode>
                </TextEquiv>
            </TextLine>
            <TextLine id="r1l49" custom="readingOrder {index:48;}">
                <Coords points="611,2483 1480,2520 1672,2509 1673,2465 1071,2471 612,2433"/>
                <Baseline points="622,2485 676,2485 731,2486 786,2487 840,2487 895,2488 950,2489 1004,2490 1059,2491 1114,2491 1168,2492 1223,2494 1278,2495 1332,2496 1387,2497 1442,2498 1496,2500 1551,2501 1606,2503 1661,2504"/>
                <TextEquiv>
                    <Unicode>lodernder Leidenschaft. — In den epischen Dichtungen</Unicode>
                </TextEquiv>
            </TextLine>
            <TextLine id="r1l50" custom="readingOrder {index:49;}">
                <Coords points="619,2541 1677,2571 1678,2523 1631,2508 620,2493"/>
                <Baseline points="629,2536 680,2535 732,2535 784,2535 836,2535 888,2536 940,2536 992,2537 1044,2538 1096,2539 1148,2540 1199,2541 1251,2542 1303,2544 1355,2545 1407,2546 1459,2548 1511,2549 1563,2550 1615,2551 1667,2552"/>
                <TextEquiv>
                    <Unicode>(„Schmeidograd“ und „Frau Therese“) macht sich</Unicode>
                </TextEquiv>
            </TextLine>
            <TextLine id="r1l51" custom="readingOrder {index:50;}">
                <Coords points="609,2588 1676,2604 1633,2558 610,2532"/>
                <Baseline points="619,2586 671,2586 723,2586 775,2587 828,2587 880,2587 932,2587 985,2588 1037,2588 1089,2589 1142,2589 1194,2590 1246,2591 1298,2591 1351,2593 1403,2594 1455,2595 1508,2597 1560,2599 1612,2601 1665,2603"/>
                <TextEquiv>
                    <Unicode>Scheffels, beziehungsweise Baumbachs Einfluß gel¬</Unicode>
                </TextEquiv>
            </TextLine>
            <TextLine id="r1l52" custom="readingOrder {index:51;}">
                <Coords points="607,2632 1638,2669 1664,2621 608,2589"/>
                <Baseline points="617,2636 668,2636 720,2636 772,2635 824,2635 876,2635 928,2636 979,2636 1031,2637 1083,2637 1135,2638 1187,2639 1239,2640 1291,2641 1342,2642 1394,2644 1446,2645 1498,2646 1550,2648 1602,2650 1654,2651"/>
                <TextEquiv>
                    <Unicode>tend; insbesondere kann dies in betreff der Leichtig¬</Unicode>
                </TextEquiv>
            </TextLine>
            <TextLine id="r1l53" custom="readingOrder {index:52;}">
                <Coords points="607,2678 1418,2713 1676,2705 1677,2668 608,2632"/>
                <Baseline points="618,2682 670,2682 722,2682 775,2682 827,2682 880,2683 932,2684 984,2685 1037,2686 1089,2687 1142,2688 1194,2689 1246,2690 1299,2691 1351,2693 1404,2694 1456,2695 1508,2696 1561,2697 1613,2697 1666,2698"/>
                <TextEquiv>
                    <Unicode>keit, womit der Dichter die Sprache meistert, und der</Unicode>
                </TextEquiv>
            </TextLine>
            <TextLine id="r1l54" custom="readingOrder {index:53;}">
                <Coords points="614,2741 1674,2769 1673,2702 615,2699"/>
                <Baseline points="624,2734 676,2734 728,2734 780,2734 832,2734 884,2735 936,2735 988,2736 1040,2736 1092,2737 1144,2738 1196,2739 1248,2740 1300,2740 1352,2742 1404,2743 1456,2744 1508,2745 1560,2746 1612,2748 1664,2749"/>
                <TextEquiv>
                    <Unicode>glatten Form gesagt werden. Inhaltlich dürften sich</Unicode>
                </TextEquiv>
            </TextLine>
            <TextLine id="r1l55" custom="readingOrder {index:54;}">
                <Coords points="615,2779 1471,2813 1623,2807 1674,2764 615,2739"/>
                <Baseline points="625,2781 676,2781 728,2781 780,2782 832,2782 884,2783 936,2784 988,2784 1040,2785 1092,2786 1144,2786 1195,2787 1247,2788 1299,2789 1351,2790 1403,2790 1455,2791 1507,2791 1559,2792 1611,2793 1663,2793"/>
                <TextEquiv>
                    <Unicode>die beiden Dichtungen mit den rein lyrischen Gedich¬</Unicode>
                </TextEquiv>
            </TextLine>
            <TextLine id="r1l56" custom="readingOrder {index:55;}">
                <Coords points="611,2830 1582,2871 1674,2848 1675,2808 612,2784"/>
                <Baseline points="621,2832 673,2832 725,2832 777,2832 829,2832 881,2833 933,2833 985,2834 1037,2834 1089,2835 1142,2836 1194,2837 1246,2838 1298,2839 1350,2840 1402,2841 1454,2842 1506,2843 1558,2844 1610,2845 1663,2846"/>
                <TextEquiv>
                    <Unicode>ten nicht messen können. Den Anstoß zu dem Musik¬</Unicode>
                </TextEquiv>
            </TextLine>
            <TextLine id="r1l57" custom="readingOrder {index:56;}">
                <Coords points="602,2882 1617,2911 1665,2897 1666,2850 673,2848 603,2822"/>
                <Baseline points="613,2878 665,2878 717,2879 769,2879 821,2880 873,2881 925,2882 977,2883 1029,2884 1081,2884 1134,2885 1186,2887 1238,2888 1290,2889 1342,2890 1394,2891 1446,2892 1498,2893 1550,2894 1602,2895 1655,2896"/>
                <TextEquiv>
                    <Unicode>drama „Die Toteninsel“, womit die Sammlung ab¬</Unicode>
                </TextEquiv>
            </TextLine>
            <TextLine id="r1l58" custom="readingOrder {index:57;}">
                <Coords points="600,2953 933,2931 1669,2963 1670,2902 601,2882"/>
                <Baseline points="610,2931 662,2931 714,2930 767,2930 819,2930 872,2931 924,2931 977,2932 1029,2933 1082,2933 1134,2935 1186,2935 1239,2937 1291,2938 1344,2939 1396,2940 1449,2941 1501,2942 1554,2943 1606,2943 1659,2944"/>
                <TextEquiv>
                    <Unicode>schließt, scheint intensive Betrachtung von Böcklins</Unicode>
                </TextEquiv>
            </TextLine>
            <TextLine id="r1l59" custom="readingOrder {index:58;}">
                <Coords points="597,2993 1666,2992 1666,2961 1590,2947 597,2954"/>
                <Baseline points="608,2980 660,2979 712,2979 765,2979 817,2979 870,2980 922,2980 974,2981 1027,2982 1079,2983 1132,2984 1184,2985 1236,2987 1289,2988 1341,2989 1394,2990 1446,2991 1498,2992 1551,2993 1603,2993 1656,2994"/>
                <TextEquiv>
                    <Unicode>gleichnamigem Gemälde gegeben zu haben; die</Unicode>
                </TextEquiv>
            </TextLine>
            <TextLine id="r1l60" custom="readingOrder {index:59;}">
                <Coords points="604,3022 997,3052 1305,3030 1502,3063 1677,3043 1678,3014 605,2989"/>
                <Baseline points="615,3023 667,3024 720,3026 772,3028 825,3029 878,3030 930,3031 983,3032 1035,3033 1088,3034 1141,3035 1193,3036 1246,3036 1298,3037 1351,3038 1404,3038 1456,3039 1509,3040 1561,3040 1614,3041 1667,3042"/>
                <TextEquiv>
                    <Unicode>düstere Stimmung gelangt darin vortrefflich zum</Unicode>
                </TextEquiv>
            </TextLine>
            <TextLine id="r1l61" custom="readingOrder {index:60;}">
                <Coords points="605,3072 1657,3100 1658,3044 930,3032 897,3057 606,3022"/>
                <Baseline points="615,3072 666,3072 718,3073 769,3073 821,3074 873,3074 924,3075 976,3076 1027,3077 1079,3078 1131,3080 1182,3081 1234,3082 1285,3083 1337,3084 1389,3085 1440,3086 1492,3087 1543,3088 1595,3089 1647,3090"/>
                <TextEquiv>
                    <Unicode>Ausdrucke. — Die ausgewählten Dichtungen Aichel¬</Unicode>
                </TextEquiv>
            </TextLine>
            <TextLine id="r1l62" custom="readingOrder {index:61;}">
                <Coords points="603,3127 1643,3159 1726,3153 1728,3084 604,3081"/>
                <Baseline points="615,3118 670,3119 725,3120 780,3121 835,3122 890,3123 945,3124 1000,3125 1055,3126 1110,3127 1165,3128 1220,3129 1275,3131 1330,3132 1385,3133 1440,3135 1495,3137 1550,3138 1605,3141 1660,3143 1716,3145"/>
                <TextEquiv>
                    <Unicode>burgs sind, in ihrer Gänze betrachtet, in hohem Grade</Unicode>
                </TextEquiv>
            </TextLine>
            <TextLine id="r1l63" custom="readingOrder {index:62;}">
                <Coords points="603,3178 637,3170 684,3186 716,3173 809,3171 845,3198 882,3200 932,3183 932,3137 898,3127 865,3135 784,3127 757,3140 724,3125 676,3136 624,3124 603,3132"/>
                <Baseline points="613,3170 638,3169 664,3169 690,3169 716,3168 741,3168 767,3168 793,3168 819,3168 844,3168 870,3168 896,3168 922,3169"/>
                <TextEquiv>
                    <Unicode>nn</Unicode>
                </TextEquiv>
            </TextLine>
            <TextLine id="r1l64" custom="readingOrder {index:63;}">
                <Coords points="1102,3188 1231,3204 1421,3192 1518,3219 1690,3223 1692,3159 1655,3148 1104,3138"/>
                <Baseline points="1114,3175 1142,3175 1170,3175 1198,3176 1227,3177 1255,3178 1283,3179 1312,3179 1340,3180 1368,3182 1397,3182 1425,3183 1453,3184 1481,3185 1510,3185 1538,3186 1566,3186 1595,3187 1623,3187 1651,3186 1680,3186"/>
                <TextEquiv>
                    <Unicode>Ggn Bihliothet zu</Unicode>
                </TextEquiv>
            </TextLine>
            <TextLine id="r1l65" custom="readingOrder {index:64;}">
                <Coords points="609,3242 632,3233 646,3239 661,3231 680,3235 698,3224 734,3238 759,3222 823,3229 823,3173 717,3174 700,3185 669,3185 646,3171 608,3177"/>
                <Baseline points="619,3216 646,3214 674,3213 702,3212 729,3212 757,3212 785,3213 813,3214"/>
                <TextEquiv>
                    <Unicode>schmittken.</Unicode>
                </TextEquiv>
            </TextLine>
            <TextLine id="r1l66" custom="readingOrder {index:65;}">
                <Coords points="682,3259 789,3298 1666,3325 1667,3281 1544,3244 1433,3266 683,3228"/>
                <Baseline points="692,3263 740,3269 788,3274 836,3278 885,3281 933,3284 981,3287 1029,3288 1078,3290 1126,3291 1174,3292 1222,3293 1271,3293 1319,3294 1367,3295 1415,3295 1464,3296 1512,3297 1560,3298 1608,3300 1657,3302"/>
                <TextEquiv>
                    <Unicode>** (Deutsche Bühne.) Dem Theaterabende,</Unicode>
                </TextEquiv>
            </TextLine>
            <TextLine id="r1l67" custom="readingOrder {index:66;}">
                <Coords points="594,3325 1598,3365 1662,3364 1663,3328 792,3300 595,3254"/>
                <Baseline points="604,3328 656,3329 708,3329 761,3330 813,3331 865,3332 918,3332 970,3334 1022,3335 1075,3336 1127,3337 1179,3339 1232,3340 1284,3341 1336,3342 1389,3343 1441,3344 1493,3346 1546,3347 1598,3348 1651,3349"/>
                <TextEquiv>
                    <Unicode>der zum Vorteile des braven Chorpersonales insze¬</Unicode>
                </TextEquiv>
            </TextLine>
            <TextLine id="r1l68" custom="readingOrder {index:67;}">
                <Coords points="609,3382 1670,3394 1670,3359 1614,3355 610,3347"/>
                <Baseline points="620,3379 672,3379 724,3379 776,3380 828,3381 880,3382 932,3383 984,3385 1036,3386 1088,3388 1140,3389 1192,3390 1244,3392 1296,3393 1348,3394 1400,3395 1452,3395 1504,3395 1556,3395 1608,3394 1660,3393"/>
                <TextEquiv>
                    <Unicode>niert wurde, verdanken wir die Bekanntschaft mit</Unicode>
                </TextEquiv>
            </TextLine>
            <TextLine id="r1l69" custom="readingOrder {index:68;}">
                <Coords points="606,3434 1613,3463 1663,3439 1533,3393 1349,3415 607,3382"/>
                <Baseline points="616,3429 667,3429 719,3430 771,3430 823,3431 875,3432 926,3433 978,3434 1030,3435 1082,3436 1134,3437 1185,3438 1237,3439 1289,3440 1341,3440 1393,3442 1444,3442 1496,3443 1548,3443 1600,3444 1652,3444"/>
                <TextEquiv>
                    <Unicode>zwei fesselnden Novitäten, von denen Artur Schnitz¬</Unicode>
                </TextEquiv>
            </TextLine>
            <TextLine id="r1l70" custom="readingOrder {index:69;}">
                <Coords points="596,3478 1659,3512 1660,3455 597,3424"/>
                <Baseline points="606,3475 658,3476 710,3477 762,3478 814,3479 866,3480 918,3480 971,3481 1023,3482 1075,3482 1127,3483 1179,3484 1231,3484 1283,3485 1336,3486 1388,3488 1440,3489 1492,3490 1544,3492 1596,3494 1649,3496"/>
                <TextEquiv>
                    <Unicode>lers Schauspiel „Die letzten Masken“ tiefen Eindruck</Unicode>
                </TextEquiv>
            </TextLine>
            <TextLine id="r1l71" custom="readingOrder {index:70;}">
                <Coords points="611,3531 1494,3557 1663,3544 1664,3510 611,3483"/>
                <Baseline points="622,3525 673,3526 725,3527 776,3528 828,3529 879,3530 931,3531 982,3532 1034,3533 1085,3534 1137,3535 1188,3535 1240,3536 1291,3537 1343,3538 1394,3539 1446,3540 1497,3541 1549,3542 1600,3543 1652,3544"/>
                <TextEquiv>
                    <Unicode>hinterließ. Es ist dem Zyklus, bestehend aus vier</Unicode>
                </TextEquiv>
            </TextLine>
            <TextLine id="r1l72" custom="readingOrder {index:71;}">
                <Coords points="605,3570 1605,3605 1669,3596 1670,3561 605,3533"/>
                <Baseline points="615,3572 667,3573 719,3574 771,3575 823,3576 875,3577 927,3578 980,3578 1032,3579 1084,3580 1136,3581 1188,3581 1240,3583 1292,3584 1345,3585 1397,3586 1449,3588 1501,3589 1553,3591 1605,3594 1658,3597"/>
                <TextEquiv>
                    <Unicode>Einaktern, „Lebendige Stunden“ entnommen und bil¬</Unicode>
                </TextEquiv>
            </TextLine>
            <TextLine id="r1l73" custom="readingOrder {index:72;}">
                <Coords points="594,3635 1663,3639 1663,3612 1572,3596 595,3587"/>
                <Baseline points="605,3622 657,3623 709,3624 762,3625 814,3626 866,3627 919,3627 971,3628 1023,3629 1076,3630 1128,3630 1180,3631 1233,3632 1285,3633 1337,3634 1390,3635 1442,3637 1494,3638 1547,3639 1599,3641 1652,3643"/>
                <TextEquiv>
                    <Unicode>det dessen Abschluß. Die Energie des schaffenden Ge¬</Unicode>
                </TextEquiv>
            </TextLine>
            <TextLine id="r1l74" custom="readingOrder {index:73;}">
                <Coords points="594,3665 1619,3705 1659,3660 594,3634"/>
                <Baseline points="604,3670 656,3670 708,3672 760,3673 812,3674 865,3675 917,3676 969,3677 1021,3678 1073,3679 1126,3681 1178,3682 1230,3683 1282,3684 1334,3685 1387,3686 1439,3687 1491,3688 1543,3688 1595,3689 1648,3690"/>
                <TextEquiv>
                    <Unicode>nius, die Leidenschaft des Ehrgeizes ist stärker als der</Unicode>
                </TextEquiv>
            </TextLine>
            <TextLine id="r1l75" custom="readingOrder {index:74;}">
                <Coords points="602,3731 1606,3757 1654,3742 1655,3696 602,3681"/>
                <Baseline points="613,3719 664,3720 716,3722 767,3723 819,3724 870,3725 922,3725 973,3726 1025,3727 1076,3727 1128,3728 1180,3729 1231,3730 1283,3731 1334,3731 1386,3733 1437,3734 1489,3735 1540,3737 1592,3739 1644,3741"/>
                <TextEquiv>
                    <Unicode>Tod, sie gibt dem Sterbenden Lebenskraft und flößt</Unicode>
                </TextEquiv>
            </TextLine>
            <TextLine id="r1l76" custom="readingOrder {index:75;}">
                <Coords points="599,3781 1614,3807 1650,3794 1651,3744 600,3729"/>
                <Baseline points="609,3769 660,3769 712,3770 763,3770 815,3771 866,3772 918,3772 969,3773 1021,3774 1072,3775 1124,3776 1176,3778 1227,3779 1279,3780 1330,3782 1382,3783 1433,3785 1485,3786 1536,3788 1588,3789 1640,3791"/>
                <TextEquiv>
                    <Unicode>selbst dem rettungslos Verlorenen neue Hoffnung ein.</Unicode>
                </TextEquiv>
            </TextLine>
            <TextLine id="r1l77" custom="readingOrder {index:76;}">
                <Coords points="601,3833 1400,3833 1661,3869 1662,3800 1635,3796 602,3781"/>
                <Baseline points="612,3818 664,3820 716,3821 768,3822 820,3823 872,3824 924,3825 976,3826 1028,3827 1080,3827 1132,3828 1184,3828 1236,3829 1288,3830 1340,3831 1392,3832 1444,3833 1496,3835 1548,3837 1600,3839 1652,3841"/>
                <TextEquiv>
                    <Unicode>Zwei Sterbende, ein schwindsüchtiger Schauspieler</Unicode>
                </TextEquiv>
            </TextLine>
            <TextLine id="r1l78" custom="readingOrder {index:77;}">
                <Coords points="601,3870 1557,3907 1646,3903 1647,3853 601,3833"/>
                <Baseline points="611,3868 662,3869 713,3869 764,3871 816,3871 867,3872 918,3873 969,3873 1021,3874 1072,3875 1123,3876 1174,3877 1226,3877 1277,3879 1328,3880 1379,3881 1431,3882 1482,3884 1533,3885 1584,3887 1636,3889"/>
                <TextEquiv>
                    <Unicode>und ein in den letzten Stadien der Tuberkulose dahin¬</Unicode>
                </TextEquiv>
            </TextLine>
            <TextLine id="r1l79" custom="readingOrder {index:78;}">
                <Coords points="607,3926 1603,3953 1657,3948 1658,3904 608,3872"/>
                <Baseline points="618,3915 669,3917 720,3918 772,3920 823,3921 875,3922 926,3923 977,3924 1029,3924 1080,3925 1132,3925 1183,3926 1234,3927 1286,3928 1337,3929 1389,3930 1440,3932 1491,3934 1543,3936 1594,3939 1646,3941"/>
                <TextEquiv>
                    <Unicode>siechender Journalist, bilden die Hauptpersonen, die</Unicode>
                </TextEquiv>
            </TextLine>
            <TextLine id="r1l80" custom="readingOrder {index:79;}">
                <Coords points="592,3970 1313,3973 1650,4018 1651,3937 593,3916"/>
                <Baseline points="602,3963 653,3965 705,3967 757,3968 809,3969 861,3971 913,3971 964,3972 1016,3973 1068,3974 1120,3975 1172,3975 1224,3976 1276,3977 1327,3978 1379,3979 1431,3981 1483,3983 1535,3985 1587,3988 1639,3991"/>
                <TextEquiv>
                    <Unicode>ihre Meinungen im gemeinsamen Krankenzimmer</Unicode>
                </TextEquiv>
            </TextLine>
            <TextLine id="r1l81" custom="readingOrder {index:80;}">
                <Coords points="593,4015 1639,4040 1592,3991 594,3971"/>
                <Baseline points="604,4012 655,4014 706,4016 757,4017 809,4018 860,4020 911,4020 962,4021 1014,4022 1065,4023 1116,4024 1167,4025 1219,4025 1270,4026 1321,4027 1372,4028 1424,4030 1475,4031 1526,4032 1577,4034 1629,4037"/>
                <TextEquiv>
                    <Unicode>des Spitals austauschen. Die verlöschenden Lebens¬</Unicode>
                </TextEquiv>
            </TextLine>
            <TextLine id="r1l82" custom="readingOrder {index:81;}">
                <Coords points="600,4069 1534,4082 1643,4113 1609,4040 601,4025"/>
                <Baseline points="610,4061 661,4063 712,4065 763,4066 814,4068 866,4069 917,4070 968,4071 1019,4072 1070,4073 1122,4073 1173,4074 1224,4075 1275,4075 1326,4076 1378,4077 1429,4077 1480,4078 1531,4079 1582,4079 1634,4080"/>
                <TextEquiv>
                    <Unicode>geister raffen sich nochmals in leidenschaftlichem Auf¬</Unicode>
                </TextEquiv>
            </TextLine>
            <TextLine id="r1l83" custom="readingOrder {index:82;}">
                <Coords points="599,4120 1639,4150 1652,4106 600,4070"/>
                <Baseline points="609,4110 660,4112 712,4113 763,4115 815,4116 867,4117 918,4118 970,4118 1021,4119 1073,4120 1125,4120 1176,4121 1228,4122 1279,4123 1331,4124 1383,4125 1434,4126 1486,4127 1537,4129 1589,4131 1641,4133"/>
                <TextEquiv>
                    <Unicode>flackern zu kühnen künstlerischen Plänen empor, die</Unicode>
                </TextEquiv>
            </TextLine>
            <TextLine id="r1l84" custom="readingOrder {index:83;}">
                <Coords points="598,4164 1655,4175 1647,4135 599,4120"/>
                <Baseline points="609,4161 660,4162 712,4164 764,4165 816,4167 868,4168 919,4169 971,4169 1023,4170 1075,4171 1127,4172 1178,4173 1230,4174 1282,4175 1334,4175 1386,4177 1437,4177 1489,4179 1541,4179 1593,4181 1645,4182"/>
                <TextEquiv>
                    <Unicode>beim gutmütigen Schauspieler von bitterer Selbst¬</Unicode>
                </TextEquiv>
            </TextLine>
            <TextEquiv>
                <Unicode>16.1. Lebendige Stunden— zyklus
A
27. März 1905.
der benachbarten Steiermark angehörig, die größte
Zeit seiner Jugend in Krain verbrachte und auch in
Laibach seine Gymnasialstudien vollendete. Das ge¬
schmackvoll ausgestattete, über 26 Bogen starke Buch
ist mit einem Bildnisse des zu früh heimgegangenen
Dichters geziert, bringt in der Einleitung eine kurze
Lebensskizze Aichelburgs sowie eine Übersicht seiner
dichterischen Tätigkeit. Mit kundiger Hand wurden
in der uns vorliegenden Ausgabe die besten Erzeng¬
19
nisse des dichterischen Schaffens Aichelburgs nieder¬
n
gelegt und zu einer anmutigen Sammlung vereinigt,
u
deren Poesie insbesondere im ersten Teile („Hoch¬
l=(deutsche Gedichte und Dialektdichtungen“) mit voller
Kraft den Leser in ihren Bann zwingt und anhaltend
er
fesselt. Wir wollen damit nicht sagen, daß allen Ge¬
t¬
dichten Aichelburgs der gleiche poctische Wert zukäme
00
— aber in der erdrückenden Mehrzahl finden sich darin
rsolch zarte Sprossen eines tief empfindenden Gemütes,
ie=einer gottbegnadeten Dichterseele, daß sie sich getrost
ac, den hervorragendsten lyrischen Produkten an die Seite
r¬
stellen lassen. Und wie oft deckt einzig und allein
cke das Mäntelchen der wohlakkreditierten Firma zahl¬
en
reiche Schwächen... Unserer Auffassung nach be¬
kundet sich Aichelburgs Talent am besten in jenen
Gedichten, deren Sujet der Natur sowie dem Liebes¬
leben des Dichters entnommen ist; aber auch in den
m
Dialektdichtungen betätigt sich glücklich seine Veranla¬
ist
gung, allerdings in anderer Art; es steckt in diesen
flott, beinahe übermütig hingeworfenen Reimen ein
Witz, der durch Tränen lächelt, hie und da tiefe
Lebensweisheit in dem bescheidensten Gewande. Die
Sammlung enthält eben alles Mögliche, tiefernste Be¬
trachtungen neben flatterhaften Gedanken einer rein
augenblicklichen Stimmung, goldigen Sonnenschein
nebst dunklen Nachtgespenstern, abgeklärte Ruhe nebst
lodernder Leidenschaft. — In den epischen Dichtungen
(„Schmeidograd“ und „Frau Therese“) macht sich
Scheffels, beziehungsweise Baumbachs Einfluß gel¬
tend; insbesondere kann dies in betreff der Leichtig¬
keit, womit der Dichter die Sprache meistert, und der
glatten Form gesagt werden. Inhaltlich dürften sich
die beiden Dichtungen mit den rein lyrischen Gedich¬
ten nicht messen können. Den Anstoß zu dem Musik¬
drama „Die Toteninsel“, womit die Sammlung ab¬
schließt, scheint intensive Betrachtung von Böcklins
gleichnamigem Gemälde gegeben zu haben; die
düstere Stimmung gelangt darin vortrefflich zum
Ausdrucke. — Die ausgewählten Dichtungen Aichel¬
burgs sind, in ihrer Gänze betrachtet, in hohem Grade
nn
Ggn Bihliothet zu
schmittken.
** (Deutsche Bühne.) Dem Theaterabende,
der zum Vorteile des braven Chorpersonales insze¬
niert wurde, verdanken wir die Bekanntschaft mit
zwei fesselnden Novitäten, von denen Artur Schnitz¬
lers Schauspiel „Die letzten Masken“ tiefen Eindruck
hinterließ. Es ist dem Zyklus, bestehend aus vier
Einaktern, „Lebendige Stunden“ entnommen und bil¬
det dessen Abschluß. Die Energie des schaffenden Ge¬
nius, die Leidenschaft des Ehrgeizes ist stärker als der
Tod, sie gibt dem Sterbenden Lebenskraft und flößt
selbst dem rettungslos Verlorenen neue Hoffnung ein.
Zwei Sterbende, ein schwindsüchtiger Schauspieler
und ein in den letzten Stadien der Tuberkulose dahin¬
siechender Journalist, bilden die Hauptpersonen, die
ihre Meinungen im gemeinsamen Krankenzimmer
des Spitals austauschen. Die verlöschenden Lebens¬
geister raffen sich nochmals in leidenschaftlichem Auf¬
flackern zu kühnen künstlerischen Plänen empor, die
beim gutmütigen Schauspieler von bitterer Selbst¬</Unicode>
            </TextEquiv>
        </TextRegion>
        <TextRegion orientation="0.0" id="r2" custom="readingOrder {index:1;}">
            <Coords points="2014,265 2014,4190 3241,4190 3241,265"/>
            <TextLine id="r2l1" custom="readingOrder {index:0;}">
                <Coords points="2004,287 2089,318 2191,291 2230,312 2258,302 2284,324 2318,310 2394,330 2470,309 2471,242 2380,221 2338,237 2299,220 2192,255 2086,251 2049,227 2005,245"/>
                <Baseline points="2014,289 2040,289 2066,289 2092,289 2118,290 2145,290 2171,291 2197,292 2223,293 2250,294 2276,294 2302,295 2328,295 2355,296 2381,296 2407,296 2433,295 2460,295"/>
                <TextEquiv>
                    <Unicode>box 21/5</Unicode>
                </TextEquiv>
            </TextLine>
            <TextLine id="r2l2" custom="readingOrder {index:1;}">
                <Coords points="2202,710 2738,728 2776,718 2777,671 2715,657 2668,681 2609,646 2419,665 2282,661 2261,644 2203,662"/>
                <Baseline points="2212,707 2239,708 2267,709 2295,710 2322,711 2350,712 2378,713 2405,714 2433,715 2461,715 2489,716 2516,716 2544,717 2572,718 2599,718 2627,719 2655,719 2682,719 2710,719 2738,719 2766,719"/>
                <TextEquiv>
                    <Unicode>Laibacher Zeitung Nr. 70.</Unicode>
                </TextEquiv>
            </TextLine>
            <TextLine id="r2l3" custom="readingOrder {index:2;}">
                <Coords points="2135,797 3106,830 3220,808 3221,777 2135,755"/>
                <Baseline points="2145,793 2198,794 2251,795 2304,795 2357,796 2411,796 2464,797 2517,798 2570,799 2623,799 2677,800 2730,801 2783,801 2836,802 2889,803 2943,803 2996,804 3049,805 3102,805 3155,806 3209,806"/>
                <TextEquiv>
                    <Unicode>Insbesondere zeigte Herr Glaß als schwindsüchtiger)¬</Unicode>
                </TextEquiv>
            </TextLine>
            <TextLine id="r2l4" custom="readingOrder {index:3;}">
                <Coords points="2126,852 3085,870 3229,844 3192,806 2127,802"/>
                <Baseline points="2137,842 2191,843 2245,844 2299,844 2353,845 2407,846 2461,847 2515,848 2569,849 2623,850 2678,851 2732,852 2786,853 2840,853 2894,854 2948,854 3002,854 3056,854 3110,854 3164,853 3219,853"/>
                <TextEquiv>
                    <Unicode>Schauspieler in Maske und Sprache seine schöne, oftsb</Unicode>
                </TextEquiv>
            </TextLine>
            <TextLine id="r2l5" custom="readingOrder {index:4;}">
                <Coords points="2116,894 3089,925 3245,889 3246,850 2116,851"/>
                <Baseline points="2127,887 2182,889 2237,890 2293,892 2348,893 2404,895 2459,896 2514,897 2570,899 2625,900 2681,901 2736,902 2791,903 2847,903 2902,903 2958,903 3013,903 3068,903 3124,902 3179,902 3235,900"/>
                <TextEquiv>
                    <Unicode>bewährte Begabung. Herr Orell gestaltete den ster=?</Unicode>
                </TextEquiv>
            </TextLine>
            <TextLine id="r2l6" custom="readingOrder {index:5;}">
                <Coords points="2122,947 3197,976 3241,960 3243,888 3061,934 2972,904 2123,904"/>
                <Baseline points="2132,933 2186,936 2241,938 2296,941 2351,942 2406,943 2461,944 2516,945 2571,946 2626,946 2681,946 2735,947 2790,947 2845,948 2900,948 2955,949 3010,950 3065,952 3120,954 3175,957 3230,959"/>
                <TextEquiv>
                    <Unicode>benden Journalisten in erschütternden Tönen. Zus#</Unicode>
                </TextEquiv>
            </TextLine>
            <TextLine id="r2l7" custom="readingOrder {index:6;}">
                <Coords points="2115,988 3185,1027 3186,967 2115,950"/>
                <Baseline points="2124,983 2176,985 2229,988 2281,990 2334,991 2387,992 2439,994 2492,994 2544,995 2597,995 2650,996 2702,996 2755,997 2807,997 2860,997 2913,998 2965,998 3018,999 3070,1000 3123,1000 3176,1001"/>
                <TextEquiv>
                    <Unicode>dem Erfolge trug das einfach=natürliche Spiel von</Unicode>
                </TextEquiv>
            </TextLine>
            <TextLine id="r2l8" custom="readingOrder {index:7;}">
                <Coords points="2117,1049 3247,1078 3248,1003 3215,996 3177,1029 2119,989"/>
                <Baseline points="2128,1032 2183,1036 2238,1039 2294,1040 2349,1042 2405,1043 2460,1044 2515,1044 2571,1044 2626,1044 2682,1044 2737,1044 2792,1044 2848,1044 2903,1045 2959,1046 3014,1049 3069,1052 3125,1056 3180,1060 3236,1067"/>
                <TextEquiv>
                    <Unicode>Herrn Hanus und Fräulein Ott verdienstvoll bei. 18#</Unicode>
                </TextEquiv>
            </TextLine>
            <TextLine id="r2l9" custom="readingOrder {index:8;}">
                <Coords points="2124,1090 3157,1120 3183,1077 2124,1052"/>
                <Baseline points="2134,1082 2185,1084 2237,1085 2289,1086 2341,1087 2393,1088 2445,1089 2497,1090 2549,1091 2601,1092 2653,1092 2704,1093 2756,1094 2808,1094 2860,1095 2912,1096 2964,1097 3016,1098 3068,1100 3120,1101 3172,1103"/>
                <TextEquiv>
                    <Unicode>Die Darsteller wurden durch Beifall und Widmung</Unicode>
                </TextEquiv>
            </TextLine>
            <TextLine id="r2l10" custom="readingOrder {index:9;}">
                <Coords points="2114,1131 3039,1166 3174,1156 3175,1115 2114,1104"/>
                <Baseline points="2124,1130 2178,1132 2233,1134 2288,1135 2342,1137 2397,1138 2452,1139 2506,1140 2561,1140 2616,1141 2670,1142 2725,1143 2780,1143 2834,1144 2889,1145 2944,1146 2998,1147 3053,1149 3108,1151 3163,1153"/>
                <TextEquiv>
                    <Unicode>von Ehrengaben ausgezeichnet. — Das Lustspiel von</Unicode>
                </TextEquiv>
            </TextLine>
            <TextLine id="r2l11" custom="readingOrder {index:10;}">
                <Coords points="3182,1166 3205,1165 3213,1160 3215,1162 3225,1153 3232,1157 3234,1155 3236,1157 3246,1156 3244,1119 3230,1120 3225,1118 3216,1127 3207,1123 3199,1123 3191,1130 3180,1131"/>
                <Baseline points="3193,1157 3235,1155"/>
                <TextEquiv>
                    <Unicode>K</Unicode>
                </TextEquiv>
            </TextLine>
            <TextLine id="r2l12" custom="readingOrder {index:11;}">
                <Coords points="2123,1190 3021,1218 3173,1205 3174,1166 2124,1142"/>
                <Baseline points="2133,1180 2184,1182 2236,1185 2287,1186 2339,1188 2390,1189 2442,1190 2493,1191 2545,1192 2596,1192 2648,1193 2699,1193 2751,1194 2802,1194 2854,1194 2905,1195 2957,1195 3008,1196 3060,1197 3111,1198 3163,1199"/>
                <TextEquiv>
                    <Unicode>Cavalleti, „Jephtas Tochter“ schildert in liebenswür¬</Unicode>
                </TextEquiv>
            </TextLine>
            <TextLine id="r2l13" custom="readingOrder {index:12;}">
                <Coords points="3182,1242 3218,1246 3224,1244 3234,1233 3245,1233 3245,1190 3232,1190 3220,1200 3209,1198 3199,1204 3182,1204"/>
                <Baseline points="3193,1233 3235,1233"/>
                <TextEquiv>
                    <Unicode>E</Unicode>
                </TextEquiv>
            </TextLine>
            <TextLine id="r2l14" custom="readingOrder {index:13;}">
                <Coords points="2109,1227 3148,1264 3168,1206 2331,1214 2109,1185"/>
                <Baseline points="2120,1228 2171,1229 2223,1231 2275,1232 2327,1234 2379,1235 2431,1236 2482,1238 2534,1239 2586,1240 2638,1241 2690,1242 2742,1243 2794,1244 2845,1245 2897,1246 2949,1246 3001,1246 3053,1247 3105,1247 3157,1247"/>
                <TextEquiv>
                    <Unicode>dig=feiner Weise die Bekehrung eines Lebemannes</Unicode>
                </TextEquiv>
            </TextLine>
            <TextLine id="r2l15" custom="readingOrder {index:14;}">
                <Coords points="2115,1282 3242,1324 3243,1253 3196,1242 2116,1253"/>
                <Baseline points="2126,1275 2181,1279 2236,1282 2291,1285 2347,1286 2402,1288 2457,1289 2513,1290 2568,1290 2623,1290 2679,1290 2734,1291 2789,1291 2844,1291 2900,1292 2955,1293 3010,1294 3066,1297 3121,1299 3176,1302 3232,1306"/>
                <TextEquiv>
                    <Unicode>durch ein geistvolles und gemütsreiches Mädchen,</Unicode>
                </TextEquiv>
            </TextLine>
            <TextLine id="r2l16" custom="readingOrder {index:15;}">
                <Coords points="2119,1350 3070,1358 3190,1347 3191,1314 2120,1283"/>
                <Baseline points="2129,1328 2181,1330 2234,1331 2286,1333 2339,1334 2392,1335 2444,1336 2497,1337 2549,1338 2602,1339 2655,1339 2707,1340 2760,1340 2812,1341 2865,1341 2918,1342 2970,1342 3023,1342 3075,1342 3128,1342 3181,1342"/>
                <TextEquiv>
                    <Unicode>wozu sogar die Bibel mithelfen muß. Herr Kamm¬</Unicode>
                </TextEquiv>
            </TextLine>
            <TextLine id="r2l17" custom="readingOrder {index:16;}">
                <Coords points="2106,1381 3252,1390 3233,1348 2106,1354"/>
                <Baseline points="2116,1380 2172,1380 2228,1381 2284,1381 2341,1382 2397,1383 2453,1383 2509,1384 2566,1385 2622,1386 2678,1387 2734,1388 2791,1388 2847,1389 2903,1390 2959,1390 3016,1391 3072,1391 3128,1391 3184,1391 3241,1390"/>
                <TextEquiv>
                    <Unicode>auf und die Damen Valerius und Leopoldi#</Unicode>
                </TextEquiv>
            </TextLine>
            <TextLine id="r2l18" custom="readingOrder {index:17;}">
                <Coords points="2113,1429 3169,1459 3244,1451 3245,1397 3001,1419 2113,1381"/>
                <Baseline points="2123,1430 2178,1430 2234,1431 2289,1431 2345,1432 2400,1433 2456,1434 2511,1435 2567,1436 2622,1437 2678,1438 2734,1439 2789,1439 2845,1440 2900,1440 2956,1441 3011,1441 3067,1440 3122,1440 3178,1439 3234,1438"/>
                <TextEquiv>
                    <Unicode>sowie Herr Orell führten die Novität zu freund=K</Unicode>
                </TextEquiv>
            </TextLine>
            <TextLine id="r2l19" custom="readingOrder {index:18;}">
                <Coords points="2109,1485 3236,1497 3236,1449 3184,1436 2972,1460 2109,1431"/>
                <Baseline points="2120,1479 2175,1478 2230,1478 2285,1479 2341,1480 2396,1481 2451,1482 2507,1483 2562,1485 2617,1486 2673,1487 2728,1489 2783,1489 2838,1490 2894,1490 2949,1490 3004,1489 3060,1487 3115,1486 3170,1483 3226,1479"/>
                <TextEquiv>
                    <Unicode>lichem Erfolge. — Die Künstler der Oper und Ope=?</Unicode>
                </TextEquiv>
            </TextLine>
            <TextLine id="r2l20" custom="readingOrder {index:19;}">
                <Coords points="2116,1528 3223,1553 3209,1502 2117,1503"/>
                <Baseline points="2126,1524 2180,1526 2234,1528 2288,1530 2343,1531 2397,1532 2451,1532 2506,1533 2560,1533 2614,1534 2669,1534 2723,1534 2777,1535 2831,1535 2886,1536 2940,1536 2994,1537 3049,1538 3103,1540 3157,1542 3212,1544"/>
                <TextEquiv>
                    <Unicode>rette hatten sich bereitwillig mit Solovorträgen in den g#</Unicode>
                </TextEquiv>
            </TextLine>
            <TextLine id="r2l21" custom="readingOrder {index:20;}">
                <Coords points="2113,1588 3103,1589 3176,1615 3191,1563 2114,1533"/>
                <Baseline points="2123,1574 2175,1576 2228,1578 2281,1579 2334,1580 2387,1581 2440,1582 2493,1583 2546,1583 2599,1583 2652,1583 2704,1584 2757,1584 2810,1584 2863,1585 2916,1585 2969,1586 3022,1587 3075,1588 3128,1590 3181,1592"/>
                <TextEquiv>
                    <Unicode>Dienst der guten Sache gestellt und bewiesen, daß sie</Unicode>
                </TextEquiv>
            </TextLine>
            <TextLine id="r2l22" custom="readingOrder {index:21;}">
                <Coords points="2110,1634 3185,1638 3106,1591 2110,1592"/>
                <Baseline points="2121,1628 2173,1628 2226,1628 2279,1628 2331,1628 2384,1629 2437,1629 2489,1630 2542,1630 2595,1631 2648,1632 2700,1633 2753,1633 2806,1634 2858,1635 2911,1635 2964,1636 3016,1637 3069,1637 3122,1638 3175,1638"/>
                <TextEquiv>
                    <Unicode>sich auch auf dem Konzertboden heimisch fühlen. Ohne:</Unicode>
                </TextEquiv>
            </TextLine>
            <TextLine id="r2l23" custom="readingOrder {index:22;}">
                <Coords points="2108,1688 3148,1705 3183,1699 3184,1636 3075,1660 2108,1634"/>
                <Baseline points="2119,1677 2171,1677 2224,1678 2276,1678 2329,1678 2382,1679 2434,1679 2487,1679 2540,1679 2592,1680 2645,1680 2698,1680 2750,1681 2803,1681 2856,1682 2908,1682 2961,1683 3014,1684 3066,1685 3119,1686 3172,1686"/>
                <TextEquiv>
                    <Unicode>daß wir in ihre trefflichen Darbietungen näher ein¬</Unicode>
                </TextEquiv>
            </TextLine>
            <TextLine id="r2l24" custom="readingOrder {index:23;}">
                <Coords points="2102,1736 3181,1738 3181,1710 3071,1685 2102,1693"/>
                <Baseline points="2112,1726 2164,1726 2217,1727 2270,1727 2323,1727 2376,1727 2429,1728 2482,1728 2535,1728 2588,1729 2641,1729 2693,1729 2746,1730 2799,1730 2852,1731 2905,1731 2958,1731 3011,1732 3064,1732 3117,1733 3170,1733"/>
                <TextEquiv>
                    <Unicode>gingen, mögen sich die Damen Lendry, Palveni</Unicode>
                </TextEquiv>
            </TextLine>
            <TextLine id="r2l25" custom="readingOrder {index:24;}">
                <Coords points="2108,1780 3150,1808 3171,1758 2252,1728 2108,1751"/>
                <Baseline points="2119,1777 2171,1775 2223,1775 2275,1774 2327,1774 2379,1775 2431,1775 2483,1776 2535,1777 2587,1778 2640,1779 2692,1780 2744,1781 2796,1782 2848,1783 2900,1784 2952,1784 3004,1785 3056,1785 3108,1784 3161,1784"/>
                <TextEquiv>
                    <Unicode>und Nigra, die Herren Schlegel, Nadolo¬</Unicode>
                </TextEquiv>
            </TextLine>
            <TextLine id="r2l26" custom="readingOrder {index:25;}">
                <Coords points="2109,1834 3166,1834 3166,1803 3112,1788 2109,1780"/>
                <Baseline points="2119,1822 2170,1823 2222,1823 2274,1824 2326,1825 2378,1825 2429,1826 2481,1827 2533,1827 2585,1828 2637,1829 2688,1830 2740,1830 2792,1831 2844,1831 2896,1832 2947,1832 2999,1832 3051,1832 3103,1831 3155,1831"/>
                <TextEquiv>
                    <Unicode>witsch und Loibner mit einem Pauschallobe be¬</Unicode>
                </TextEquiv>
            </TextLine>
            <TextLine id="r2l27" custom="readingOrder {index:26;}">
                <Coords points="2102,1885 3115,1903 3165,1891 3166,1835 2103,1847"/>
                <Baseline points="2113,1876 2165,1875 2217,1874 2269,1873 2321,1873 2373,1873 2425,1873 2477,1874 2529,1874 2581,1875 2634,1875 2686,1876 2738,1877 2790,1877 2842,1878 2894,1879 2946,1879 2998,1880 3050,1880 3102,1881 3155,1881"/>
                <TextEquiv>
                    <Unicode>gnügen; sie erfreuten sich rauschenden Beifalles. Zwei</Unicode>
                </TextEquiv>
            </TextLine>
            <TextLine id="r2l28" custom="readingOrder {index:27;}">
                <Coords points="2101,1918 3097,1951 3165,1942 3166,1904 2101,1881"/>
                <Baseline points="2111,1919 2163,1920 2215,1921 2267,1921 2319,1922 2372,1922 2424,1923 2476,1924 2528,1924 2580,1925 2633,1926 2685,1926 2737,1927 2789,1928 2841,1928 2894,1929 2946,1929 2998,1930 3050,1931 3102,1931 3155,1932"/>
                <TextEquiv>
                    <Unicode>Lieder italienischer Komponisten aus dem 16. und</Unicode>
                </TextEquiv>
            </TextLine>
            <TextLine id="r2l29" custom="readingOrder {index:28;}">
                <Coords points="2107,1973 3170,2001 3170,1935 2108,1919"/>
                <Baseline points="2117,1968 2169,1968 2221,1968 2273,1969 2325,1969 2377,1970 2429,1970 2481,1971 2533,1972 2585,1973 2638,1974 2690,1974 2742,1975 2794,1976 2846,1976 2898,1977 2950,1977 3002,1977 3054,1977 3106,1976 3159,1976"/>
                <TextEquiv>
                    <Unicode>17. Jahrhundert forderten durch ihre Anmut, vortreff¬</Unicode>
                </TextEquiv>
            </TextLine>
            <TextLine id="r2l30" custom="readingOrder {index:29;}">
                <Coords points="2096,2040 3167,2029 3167,2002 3072,1985 2096,1977"/>
                <Baseline points="2107,2020 2159,2020 2212,2021 2264,2021 2317,2021 2369,2021 2422,2022 2474,2022 2527,2022 2579,2022 2632,2023 2684,2023 2737,2024 2789,2024 2842,2025 2894,2025 2947,2026 2999,2026 3052,2027 3104,2028 3157,2028"/>
                <TextEquiv>
                    <Unicode>lich von Herrn Nadolowitsch vorgetragen, stär¬</Unicode>
                </TextEquiv>
            </TextLine>
            <TextLine id="r2l31" custom="readingOrder {index:30;}">
                <Coords points="2108,2083 3175,2104 3176,2050 3120,2031 2109,2029"/>
                <Baseline points="2118,2069 2170,2069 2222,2070 2275,2070 2327,2070 2380,2071 2432,2071 2484,2072 2537,2072 2589,2073 2642,2074 2694,2074 2746,2075 2799,2075 2851,2075 2904,2075 2956,2075 3008,2075 3061,2075 3113,2074 3166,2073"/>
                <TextEquiv>
                    <Unicode>keres Interesse heraus. Mit zwei dem Wiener Volks¬</Unicode>
                </TextEquiv>
            </TextLine>
            <TextLine id="r2l32" custom="readingOrder {index:31;}">
                <Coords points="2111,2131 3153,2138 3174,2094 2111,2085"/>
                <Baseline points="2121,2117 2173,2118 2225,2119 2277,2120 2329,2120 2381,2121 2433,2121 2486,2121 2538,2121 2590,2122 2642,2122 2694,2122 2746,2122 2798,2122 2851,2123 2903,2123 2955,2124 3007,2124 3059,2125 3111,2126 3164,2128"/>
                <TextEquiv>
                    <Unicode>sängertum angehörigen Couplets ziemlich derber</Unicode>
                </TextEquiv>
            </TextLine>
            <TextLine id="r2l33" custom="readingOrder {index:32;}">
                <Coords points="2093,2164 3166,2191 3167,2133 3090,2126 2094,2135"/>
                <Baseline points="2104,2164 2156,2165 2209,2165 2261,2166 2314,2167 2367,2167 2419,2168 2472,2169 2524,2169 2577,2170 2630,2171 2682,2171 2735,2172 2787,2172 2840,2173 2893,2174 2945,2174 2998,2175 3050,2176 3103,2176 3156,2177"/>
                <TextEquiv>
                    <Unicode>Natur entfesselte Herr Schiller große Heiterkeit.</Unicode>
                </TextEquiv>
            </TextLine>
            <TextLine id="r2l34" custom="readingOrder {index:33;}">
                <Coords points="2152,2218 3173,2229 3122,2180 2152,2180"/>
                <Baseline points="2162,2209 2212,2210 2262,2211 2312,2213 2362,2214 2412,2215 2462,2216 2512,2217 2562,2218 2612,2219 2662,2220 2712,2221 2762,2221 2812,2222 2862,2222 2912,2223 2962,2223 3012,2223 3062,2223 3112,2223 3162,2222"/>
                <TextEquiv>
                    <Unicode> Die dritte Aufführung des Schauspieles „Die Brü¬</Unicode>
                </TextEquiv>
            </TextLine>
            <TextLine id="r2l35" custom="readingOrder {index:34;}">
                <Coords points="2100,2267 3177,2305 3178,2221 2100,2227"/>
                <Baseline points="2109,2264 2161,2264 2214,2264 2267,2264 2320,2265 2373,2265 2426,2266 2478,2266 2531,2267 2584,2267 2637,2268 2690,2268 2743,2269 2796,2270 2848,2270 2901,2271 2954,2271 3007,2272 3060,2272 3113,2273 3166,2273"/>
                <TextEquiv>
                    <Unicode>der von St. Bernhard“ war vorgestern wieder sehr</Unicode>
                </TextEquiv>
            </TextLine>
            <TextLine id="r2l36" custom="readingOrder {index:35;}">
                <Coords points="2095,2312 3170,2342 3170,2303 3106,2280 2095,2289"/>
                <Baseline points="2106,2318 2158,2317 2211,2316 2264,2316 2316,2316 2369,2316 2422,2316 2474,2316 2527,2316 2580,2317 2633,2318 2685,2318 2738,2319 2791,2319 2843,2320 2896,2320 2949,2320 3001,2321 3054,2321 3107,2320 3160,2320"/>
                <TextEquiv>
                    <Unicode>gut besucht und wurde mit großem Beifalle aufgenom¬</Unicode>
                </TextEquiv>
            </TextLine>
            <TextLine id="r2l37" custom="readingOrder {index:36;}">
                <Coords points="2094,2380 3107,2391 3165,2387 3166,2337 2095,2334"/>
                <Baseline points="2104,2361 2156,2362 2209,2362 2261,2363 2314,2363 2366,2364 2419,2364 2471,2364 2524,2365 2576,2365 2629,2366 2682,2366 2734,2367 2787,2367 2839,2368 2892,2368 2944,2369 2997,2369 3049,2370 3102,2370 3155,2371"/>
                <TextEquiv>
                    <Unicode>men. — Heute findet zum Vorteile des Schauspielers</Unicode>
                </TextEquiv>
            </TextLine>
            <TextLine id="r2l38" custom="readingOrder {index:37;}">
                <Coords points="2104,2413 3029,2434 3144,2431 3163,2388 2104,2372"/>
                <Baseline points="2114,2409 2168,2410 2223,2411 2278,2411 2332,2412 2387,2413 2442,2414 2496,2414 2551,2415 2606,2416 2660,2417 2715,2417 2770,2418 2824,2418 2879,2418 2934,2418 2988,2418 3043,2418 3098,2418 3153,2417"/>
                <TextEquiv>
                    <Unicode>und Regisseurs Herrn Weißmüller die Erstauf¬</Unicode>
                </TextEquiv>
            </TextLine>
            <TextLine id="r2l39" custom="readingOrder {index:38;}">
                <Coords points="2103,2463 3037,2487 3170,2475 3171,2438 2104,2428"/>
                <Baseline points="2114,2462 2166,2462 2218,2462 2270,2462 2323,2463 2375,2463 2427,2463 2480,2464 2532,2464 2584,2465 2637,2465 2689,2466 2741,2466 2793,2467 2846,2467 2898,2468 2950,2469 3003,2469 3055,2470 3107,2470 3160,2471"/>
                <TextEquiv>
                    <Unicode>führung von H. Heyermanns' jun. Fischertragödie „Die</Unicode>
                </TextEquiv>
            </TextLine>
            <TextLine id="r2l40" custom="readingOrder {index:39;}">
                <Coords points="2092,2517 3166,2535 3141,2474 2093,2459"/>
                <Baseline points="2103,2510 2155,2511 2208,2511 2260,2512 2313,2512 2366,2512 2418,2513 2471,2513 2524,2513 2576,2513 2629,2513 2682,2513 2734,2513 2787,2513 2840,2513 2892,2514 2945,2514 2998,2515 3050,2516 3103,2517 3156,2518"/>
                <TextEquiv>
                    <Unicode>Hoffnung auf Segen“ statt. Das geistvolle Werk des</Unicode>
                </TextEquiv>
            </TextLine>
            <TextLine id="r2l41" custom="readingOrder {index:40;}">
                <Coords points="2100,2571 3165,2584 3165,2532 3082,2519 2100,2517"/>
                <Baseline points="2110,2560 2162,2560 2214,2561 2266,2561 2318,2561 2371,2561 2423,2562 2475,2562 2527,2562 2579,2562 2632,2563 2684,2563 2736,2563 2788,2563 2840,2564 2893,2564 2945,2565 2997,2565 3049,2566 3101,2566 3154,2567"/>
                <TextEquiv>
                    <Unicode>holländischen dramatischen Dichters, das wie sein</Unicode>
                </TextEquiv>
            </TextLine>
            <TextLine id="r2l42" custom="readingOrder {index:41;}">
                <Coords points="2090,2609 3087,2635 3166,2610 3160,2564 2091,2576"/>
                <Baseline points="2100,2610 2152,2609 2205,2609 2258,2609 2311,2609 2363,2609 2416,2609 2469,2610 2522,2610 2574,2610 2627,2611 2680,2611 2733,2612 2785,2612 2838,2613 2891,2613 2944,2614 2996,2614 3049,2615 3102,2616 3155,2616"/>
                <TextEquiv>
                    <Unicode>hier erfolgreich gegebenes Stück „Kettenglieder“ von</Unicode>
                </TextEquiv>
            </TextLine>
            <TextLine id="r2l43" custom="readingOrder {index:42;}">
                <Coords points="2097,2654 3153,2689 3154,2627 2097,2618"/>
                <Baseline points="2108,2657 2159,2658 2211,2658 2263,2658 2314,2659 2366,2659 2418,2659 2469,2659 2521,2660 2573,2660 2625,2660 2676,2661 2728,2661 2780,2662 2831,2662 2883,2662 2935,2663 2986,2664 3038,2665 3090,2665 3142,2666"/>
                <TextEquiv>
                    <Unicode>natürlicher Ehrlichkeit und poesievoller Vertiefung er¬</Unicode>
                </TextEquiv>
            </TextLine>
            <TextLine id="r2l44" custom="readingOrder {index:43;}">
                <Coords points="2103,2717 3053,2738 3159,2730 3160,2689 2103,2669"/>
                <Baseline points="2114,2707 2165,2708 2217,2708 2269,2709 2320,2709 2372,2710 2424,2710 2475,2710 2527,2711 2579,2711 2631,2711 2682,2711 2734,2712 2786,2712 2837,2712 2889,2713 2941,2713 2992,2714 3044,2714 3096,2715 3148,2715"/>
                <TextEquiv>
                    <Unicode>füllt ist, hat, von den meisten deutschen Bühnen in¬</Unicode>
                </TextEquiv>
            </TextLine>
            <TextLine id="r2l45" custom="readingOrder {index:44;}">
                <Coords points="2086,2766 3157,2788 3157,2728 3087,2717 2086,2729"/>
                <Baseline points="2097,2756 2149,2756 2201,2756 2254,2756 2306,2757 2359,2757 2411,2758 2464,2758 2516,2759 2569,2760 2621,2760 2673,2761 2726,2761 2778,2762 2831,2762 2883,2762 2936,2762 2988,2762 3041,2762 3093,2761 3146,2760"/>
                <TextEquiv>
                    <Unicode>szeniert, überall bedeutenden Eindruck gemacht. Der</Unicode>
                </TextEquiv>
            </TextLine>
            <TextLine id="r2l46" custom="readingOrder {index:45;}">
                <Coords points="2091,2803 3165,2809 3165,2772 2092,2766"/>
                <Baseline points="2102,2801 2154,2803 2207,2804 2259,2806 2312,2807 2365,2808 2417,2809 2470,2810 2522,2810 2575,2811 2628,2811 2680,2811 2733,2811 2785,2811 2838,2811 2891,2810 2943,2810 2996,2810 3048,2809 3101,2809 3154,2808"/>
                <TextEquiv>
                    <Unicode>Besuch kann zudem auch mit Rücksicht auf den ver¬</Unicode>
                </TextEquiv>
            </TextLine>
            <TextLine id="r2l47" custom="readingOrder {index:46;}">
                <Coords points="2090,2855 3061,2877 3159,2864 3160,2826 2091,2809"/>
                <Baseline points="2100,2846 2152,2848 2204,2850 2257,2852 2309,2853 2362,2855 2414,2856 2466,2857 2519,2857 2571,2858 2624,2859 2676,2859 2728,2860 2781,2860 2833,2860 2886,2860 2938,2860 2990,2859 3043,2859 3095,2858 3148,2857"/>
                <TextEquiv>
                    <Unicode>dienstvollen Benefizianten, der nun die dritte Saison</Unicode>
                </TextEquiv>
            </TextLine>
            <TextLine id="r2l48" custom="readingOrder {index:47;}">
                <Coords points="2095,2914 2923,2906 3151,2942 3167,2855 2095,2866"/>
                <Baseline points="2106,2901 2158,2902 2210,2903 2263,2904 2315,2905 2368,2906 2420,2907 2473,2908 2525,2909 2578,2910 2630,2910 2682,2911 2735,2911 2787,2912 2840,2912 2892,2912 2945,2912 2997,2912 3050,2912 3102,2912 3155,2911"/>
                <TextEquiv>
                    <Unicode>an der deutschen Bühne in Laibach mit Pflichteifer</Unicode>
                </TextEquiv>
            </TextLine>
            <TextLine id="r2l49" custom="readingOrder {index:48;}">
                <Coords points="2081,2957 2844,2991 2936,2956 3121,2968 3122,2941 2922,2906 2082,2918"/>
                <Baseline points="2091,2951 2144,2951 2198,2952 2251,2953 2305,2953 2359,2954 2412,2955 2466,2955 2520,2956 2573,2956 2627,2957 2680,2957 2734,2958 2788,2958 2841,2958 2895,2959 2949,2959 3002,2959 3056,2959 3110,2959"/>
                <TextEquiv>
                    <Unicode>und ernstem Willen tätig ist, empfohlen werden.</Unicode>
                </TextEquiv>
            </TextLine>
            <TextLine id="r2l50" custom="readingOrder {index:49;}">
                <Coords points="3019,3021 3031,3020 3035,3024 3045,3017 3064,3021 3068,3016 3083,3020 3103,3010 3114,3010 3112,2968 3095,2967 3087,2972 3083,2968 3074,2970 3066,2966 3046,2984 3037,2978 3031,2983 3027,2979 3016,2979"/>
                <Baseline points="3028,3012 3053,3008 3078,3007 3104,3008"/>
                <TextEquiv>
                    <Unicode>J.</Unicode>
                </TextEquiv>
            </TextLine>
            <TextLine id="r2l51" custom="readingOrder {index:50;}">
                <Coords points="2215,3057 2292,3083 3147,3078 3147,3018 2933,3021 2825,2989 2215,3032"/>
                <Baseline points="2225,3059 2270,3059 2316,3059 2361,3060 2407,3061 2452,3061 2498,3062 2543,3063 2589,3064 2634,3065 2680,3065 2726,3066 2771,3067 2817,3068 2862,3068 2908,3068 2953,3068 2999,3068 3044,3067 3090,3066 3136,3065"/>
                <TextEquiv>
                    <Unicode>— (JulesVernet.) Wie aus Amiens gemel¬</Unicode>
                </TextEquiv>
            </TextLine>
            <TextLine id="r2l52" custom="readingOrder {index:51;}">
                <Coords points="2098,3118 3117,3123 3157,3119 3158,3050 3008,3084 2099,3066"/>
                <Baseline points="2108,3105 2159,3106 2211,3107 2263,3108 2315,3109 2367,3110 2419,3111 2471,3112 2523,3113 2575,3113 2627,3114 2678,3114 2730,3115 2782,3115 2834,3115 2886,3115 2938,3115 2990,3115 3042,3114 3094,3114 3146,3113"/>
                <TextEquiv>
                    <Unicode>det wird, ist der Schriftsteller Jules Verne am 24. d.</Unicode>
                </TextEquiv>
            </TextLine>
            <TextLine id="r2l53" custom="readingOrder {index:52;}">
                <Coords points="2097,3169 2173,3192 2251,3162 3041,3177 3099,3155 3100,3120 2097,3115"/>
                <Baseline points="2108,3153 2157,3153 2206,3153 2255,3154 2304,3156 2353,3157 2402,3158 2451,3160 2500,3161 2549,3162 2598,3164 2647,3165 2696,3166 2745,3166 2794,3166 2843,3166 2892,3165 2941,3164 2990,3162 3039,3159 3088,3155"/>
                <TextEquiv>
                    <Unicode>gestorben. Er hat ein Alter von 77 Jahren erreicht.</Unicode>
                </TextEquiv>
            </TextLine>
            <TextLine id="r2l54" custom="readingOrder {index:53;}">
                <Coords points="2249,3223 3116,3235 3139,3233 3140,3150 2963,3190 2896,3163 2249,3169"/>
                <Baseline points="2259,3218 2302,3216 2346,3215 2389,3214 2433,3214 2476,3214 2520,3214 2563,3214 2607,3215 2650,3216 2694,3217 2737,3218 2781,3219 2824,3219 2868,3220 2911,3221 2955,3221 2998,3221 3042,3221 3085,3220 3129,3218"/>
                <TextEquiv>
                    <Unicode>(„Wiener Mode.“) Aus allen Zentral¬</Unicode>
                </TextEquiv>
            </TextLine>
            <TextLine id="r2l55" custom="readingOrder {index:54;}">
                <Coords points="2085,3272 3061,3288 3148,3274 3149,3226 2086,3230"/>
                <Baseline points="2096,3261 2148,3262 2200,3262 2252,3262 2304,3263 2356,3263 2408,3264 2460,3265 2512,3265 2564,3266 2616,3266 2668,3267 2720,3267 2772,3268 2824,3268 2876,3268 2928,3269 2980,3269 3032,3268 3084,3268 3137,3268"/>
                <TextEquiv>
                    <Unicode>punkten der Mode werden seit einiger Zeit Nachrichten</Unicode>
                </TextEquiv>
            </TextLine>
            <TextLine id="r2l56" custom="readingOrder {index:55;}">
                <Coords points="2091,3313 3150,3322 3150,3283 3081,3272 2091,3276"/>
                <Baseline points="2102,3311 2153,3311 2205,3311 2257,3312 2309,3312 2361,3313 2413,3314 2464,3314 2516,3315 2568,3315 2620,3316 2672,3316 2724,3316 2776,3316 2827,3316 2879,3316 2931,3316 2983,3316 3035,3315 3087,3315 3139,3314"/>
                <TextEquiv>
                    <Unicode>in die Welt gesandt, die den Glauben hervorrufen sol¬</Unicode>
                </TextEquiv>
            </TextLine>
            <TextLine id="r2l57" custom="readingOrder {index:56;}">
                <Coords points="2093,3366 3097,3380 3155,3361 3155,3307 2093,3333"/>
                <Baseline points="2103,3362 2155,3363 2207,3363 2259,3364 2311,3364 2363,3364 2415,3365 2467,3365 2519,3365 2571,3364 2623,3364 2675,3364 2727,3364 2779,3364 2831,3364 2883,3363 2935,3363 2987,3363 3039,3363 3091,3363 3144,3363"/>
                <TextEquiv>
                    <Unicode>len, als ob die Zeit der Blusen vorüber wäre. Der</Unicode>
                </TextEquiv>
            </TextLine>
            <TextLine id="r2l58" custom="readingOrder {index:57;}">
                <Coords points="2092,3411 3144,3428 3144,3376 3044,3363 2092,3377"/>
                <Baseline points="2103,3413 2154,3413 2206,3413 2257,3413 2309,3413 2360,3413 2412,3413 2463,3413 2515,3413 2566,3413 2618,3414 2670,3414 2721,3414 2773,3415 2824,3415 2876,3415 2927,3415 2979,3415 3030,3415 3082,3415 3134,3414"/>
                <TextEquiv>
                    <Unicode>Anlaß zu diesen Ausstreuungen ist leicht einzusehen;</Unicode>
                </TextEquiv>
            </TextLine>
            <TextLine id="r2l59" custom="readingOrder {index:58;}">
                <Coords points="2083,3458 2744,3487 3152,3461 3152,3424 3100,3417 2083,3409"/>
                <Baseline points="2092,3461 2144,3460 2197,3459 2249,3459 2302,3459 2354,3460 2407,3460 2459,3461 2512,3461 2564,3462 2617,3462 2669,3463 2722,3463 2774,3464 2827,3464 2879,3464 2932,3464 2984,3464 3037,3463 3089,3462 3142,3461"/>
                <TextEquiv>
                    <Unicode>an der Bluse wird nach der Auffassung großer Mode¬</Unicode>
                </TextEquiv>
            </TextLine>
            <TextLine id="r2l60" custom="readingOrder {index:59;}">
                <Coords points="2090,3520 3147,3518 3147,3468 2090,3464"/>
                <Baseline points="2101,3510 2152,3509 2204,3509 2256,3509 2308,3510 2359,3510 2411,3510 2463,3511 2515,3511 2566,3512 2618,3512 2670,3512 2722,3513 2773,3513 2825,3513 2877,3513 2929,3513 2980,3513 3032,3513 3084,3512 3136,3511"/>
                <TextEquiv>
                    <Unicode>firmen zu wenig verdient. Aber gerade deshalb blei¬</Unicode>
                </TextEquiv>
            </TextLine>
            <TextLine id="r2l61" custom="readingOrder {index:60;}">
                <Coords points="2083,3575 3119,3571 3144,3515 2083,3519"/>
                <Baseline points="2093,3559 2145,3560 2197,3561 2249,3561 2301,3561 2353,3561 2405,3561 2457,3561 2509,3561 2561,3561 2613,3560 2665,3560 2717,3560 2769,3559 2821,3559 2873,3559 2925,3559 2977,3559 3029,3559 3081,3559 3133,3560"/>
                <TextEquiv>
                    <Unicode>ben die Frauen dem liebgewordenen, eleganten und</Unicode>
                </TextEquiv>
            </TextLine>
            <TextLine id="r2l62" custom="readingOrder {index:61;}">
                <Coords points="2084,3616 3149,3626 3149,3564 2084,3576"/>
                <Baseline points="2095,3609 2147,3609 2199,3608 2251,3608 2303,3608 2356,3608 2408,3608 2460,3608 2512,3608 2564,3608 2617,3608 2669,3608 2721,3609 2773,3609 2825,3609 2878,3609 2930,3609 2982,3610 3034,3610 3086,3611 3139,3611"/>
                <TextEquiv>
                    <Unicode>doch billigen Kleidungsstücke treu, und die Bluse ist</Unicode>
                </TextEquiv>
            </TextLine>
            <TextLine id="r2l63" custom="readingOrder {index:62;}">
                <Coords points="2080,3681 2791,3653 3053,3678 3141,3665 3141,3622 2080,3635"/>
                <Baseline points="2090,3660 2142,3659 2194,3659 2246,3658 2298,3658 2350,3658 2402,3658 2454,3658 2506,3658 2558,3658 2610,3658 2662,3658 2714,3658 2766,3658 2818,3659 2870,3659 2922,3659 2974,3658 3026,3658 3078,3658 3131,3657"/>
                <TextEquiv>
                    <Unicode>noch lange nicht tot. Dies beweist so recht deutlich das</Unicode>
                </TextEquiv>
            </TextLine>
            <TextLine id="r2l64" custom="readingOrder {index:63;}">
                <Coords points="2073,3718 3109,3718 3144,3664 2073,3673"/>
                <Baseline points="2083,3706 2135,3707 2188,3707 2240,3707 2293,3707 2345,3707 2398,3707 2450,3706 2503,3706 2555,3706 2608,3706 2660,3706 2713,3706 2765,3706 2818,3706 2870,3706 2923,3706 2975,3706 3028,3707 3080,3707 3133,3708"/>
                <TextEquiv>
                    <Unicode>neueste Heft der „Wiener Mode“. Wenn diese maß¬</Unicode>
                </TextEquiv>
            </TextLine>
            <TextLine id="r2l65" custom="readingOrder {index:64;}">
                <Coords points="2075,3765 3136,3783 3153,3720 2215,3711 2075,3742"/>
                <Baseline points="2086,3760 2138,3758 2191,3757 2244,3756 2297,3755 2350,3754 2403,3754 2455,3754 2508,3754 2561,3754 2614,3754 2667,3754 2720,3754 2773,3755 2825,3755 2878,3755 2931,3755 2984,3756 3037,3756 3090,3756 3143,3756"/>
                <TextEquiv>
                    <Unicode>gebende Zeitschrift der Bluse eine eigene farbige Bei¬</Unicode>
                </TextEquiv>
            </TextLine>
            <TextLine id="r2l66" custom="readingOrder {index:65;}">
                <Coords points="2083,3809 3150,3805 3081,3759 2083,3764"/>
                <Baseline points="2094,3806 2146,3805 2198,3804 2250,3804 2303,3804 2355,3804 2407,3804 2460,3804 2512,3804 2564,3804 2617,3805 2669,3805 2721,3805 2773,3806 2826,3806 2878,3806 2930,3806 2983,3806 3035,3805 3087,3805 3140,3804"/>
                <TextEquiv>
                    <Unicode>lage widmet, so darf man beruhigt sagen, daß die</Unicode>
                </TextEquiv>
            </TextLine>
            <TextLine id="r2l67" custom="readingOrder {index:66;}">
                <Coords points="2084,3866 3074,3872 3143,3844 3143,3809 2084,3820"/>
                <Baseline points="2095,3853 2146,3854 2198,3855 2250,3856 2302,3856 2354,3856 2406,3856 2457,3855 2509,3855 2561,3854 2613,3853 2665,3852 2717,3852 2769,3851 2820,3850 2872,3850 2924,3850 2976,3850 3028,3850 3080,3851 3132,3852"/>
                <TextEquiv>
                    <Unicode>fesche, bequeme Bluse auch im kommenden Sommer</Unicode>
                </TextEquiv>
            </TextLine>
            <TextLine id="r2l68" custom="readingOrder {index:67;}">
                <Coords points="2080,3906 3137,3901 3112,3860 2080,3867"/>
                <Baseline points="2090,3902 2141,3903 2193,3903 2245,3902 2297,3902 2349,3902 2401,3902 2452,3901 2504,3901 2556,3901 2608,3901 2660,3901 2712,3901 2764,3901 2815,3902 2867,3902 2919,3903 2971,3904 3023,3905 3075,3907 3127,3909"/>
                <TextEquiv>
                    <Unicode>allgemein getragen werden wird. Auf diese Beilage,</Unicode>
                </TextEquiv>
            </TextLine>
            <TextLine id="r2l69" custom="readingOrder {index:68;}">
                <Coords points="2087,3972 3091,3971 3139,3963 3139,3898 2087,3911"/>
                <Baseline points="2096,3951 2147,3951 2199,3952 2250,3952 2302,3952 2354,3952 2405,3952 2457,3952 2509,3952 2560,3951 2612,3951 2664,3951 2715,3951 2767,3951 2819,3951 2870,3951 2922,3951 2974,3951 3025,3951 3077,3952 3129,3952"/>
                <TextEquiv>
                    <Unicode>eine Musterleistung des Dreifarbendruckes, sei deshalb</Unicode>
                </TextEquiv>
            </TextLine>
            <TextLine id="r2l70" custom="readingOrder {index:69;}">
                <Coords points="2070,4038 2165,4041 2244,4013 2431,4014 2463,4034 2562,4012 2664,4026 2664,3978 2562,3954 2531,3969 2275,3972 2221,3955 2175,3975 2069,3972"/>
                <Baseline points="2079,4007 2107,4006 2136,4006 2165,4005 2193,4005 2222,4004 2251,4004 2279,4004 2308,4004 2337,4003 2366,4003 2394,4003 2423,4003 2452,4003 2480,4003 2509,4003 2538,4002 2566,4002 2595,4001 2624,4000 2653,3999"/>
                <TextEquiv>
                    <Unicode>ganz besonders hingewiesen.</Unicode>
                </TextEquiv>
            </TextLine>
            <TextLine id="r2l71" custom="readingOrder {index:70;}">
                <Coords points="2398,4182 2456,4193 2544,4193 2558,4180 2587,4193 2818,4187 2818,4122 2806,4120 2596,4124 2552,4105 2473,4118 2456,4103 2398,4126"/>
                <Baseline points="2408,4178 2434,4177 2461,4177 2487,4177 2514,4177 2541,4177 2567,4177 2594,4177 2620,4177 2647,4177 2674,4177 2700,4178 2727,4178 2753,4177 2780,4177 2807,4177"/>
                <TextEquiv>
                    <Unicode>Telegramme</Unicode>
                </TextEquiv>
            </TextLine>
            <TextEquiv>
                <Unicode>box 21/5
Laibacher Zeitung Nr. 70.
Insbesondere zeigte Herr Glaß als schwindsüchtiger)¬
Schauspieler in Maske und Sprache seine schöne, oftsb
bewährte Begabung. Herr Orell gestaltete den ster=?
benden Journalisten in erschütternden Tönen. Zus#
dem Erfolge trug das einfach=natürliche Spiel von
Herrn Hanus und Fräulein Ott verdienstvoll bei. 18#
Die Darsteller wurden durch Beifall und Widmung
von Ehrengaben ausgezeichnet. — Das Lustspiel von
K
Cavalleti, „Jephtas Tochter“ schildert in liebenswür¬
E
dig=feiner Weise die Bekehrung eines Lebemannes
durch ein geistvolles und gemütsreiches Mädchen,
wozu sogar die Bibel mithelfen muß. Herr Kamm¬
auf und die Damen Valerius und Leopoldi#
sowie Herr Orell führten die Novität zu freund=K
lichem Erfolge. — Die Künstler der Oper und Ope=?
rette hatten sich bereitwillig mit Solovorträgen in den g#
Dienst der guten Sache gestellt und bewiesen, daß sie
sich auch auf dem Konzertboden heimisch fühlen. Ohne:
daß wir in ihre trefflichen Darbietungen näher ein¬
gingen, mögen sich die Damen Lendry, Palveni
und Nigra, die Herren Schlegel, Nadolo¬
witsch und Loibner mit einem Pauschallobe be¬
gnügen; sie erfreuten sich rauschenden Beifalles. Zwei
Lieder italienischer Komponisten aus dem 16. und
17. Jahrhundert forderten durch ihre Anmut, vortreff¬
lich von Herrn Nadolowitsch vorgetragen, stär¬
keres Interesse heraus. Mit zwei dem Wiener Volks¬
sängertum angehörigen Couplets ziemlich derber
Natur entfesselte Herr Schiller große Heiterkeit.
 Die dritte Aufführung des Schauspieles „Die Brü¬
der von St. Bernhard“ war vorgestern wieder sehr
gut besucht und wurde mit großem Beifalle aufgenom¬
men. — Heute findet zum Vorteile des Schauspielers
und Regisseurs Herrn Weißmüller die Erstauf¬
führung von H. Heyermanns' jun. Fischertragödie „Die
Hoffnung auf Segen“ statt. Das geistvolle Werk des
holländischen dramatischen Dichters, das wie sein
hier erfolgreich gegebenes Stück „Kettenglieder“ von
natürlicher Ehrlichkeit und poesievoller Vertiefung er¬
füllt ist, hat, von den meisten deutschen Bühnen in¬
szeniert, überall bedeutenden Eindruck gemacht. Der
Besuch kann zudem auch mit Rücksicht auf den ver¬
dienstvollen Benefizianten, der nun die dritte Saison
an der deutschen Bühne in Laibach mit Pflichteifer
und ernstem Willen tätig ist, empfohlen werden.
J.
— (JulesVernet.) Wie aus Amiens gemel¬
det wird, ist der Schriftsteller Jules Verne am 24. d.
gestorben. Er hat ein Alter von 77 Jahren erreicht.
(„Wiener Mode.“) Aus allen Zentral¬
punkten der Mode werden seit einiger Zeit Nachrichten
in die Welt gesandt, die den Glauben hervorrufen sol¬
len, als ob die Zeit der Blusen vorüber wäre. Der
Anlaß zu diesen Ausstreuungen ist leicht einzusehen;
an der Bluse wird nach der Auffassung großer Mode¬
firmen zu wenig verdient. Aber gerade deshalb blei¬
ben die Frauen dem liebgewordenen, eleganten und
doch billigen Kleidungsstücke treu, und die Bluse ist
noch lange nicht tot. Dies beweist so recht deutlich das
neueste Heft der „Wiener Mode“. Wenn diese maß¬
gebende Zeitschrift der Bluse eine eigene farbige Bei¬
lage widmet, so darf man beruhigt sagen, daß die
fesche, bequeme Bluse auch im kommenden Sommer
allgemein getragen werden wird. Auf diese Beilage,
eine Musterleistung des Dreifarbendruckes, sei deshalb
ganz besonders hingewiesen.
Telegramme</Unicode>
            </TextEquiv>
        </TextRegion>
        <TextRegion orientation="0.0" id="r3" custom="readingOrder {index:2;}">
            <Coords points="3166,2609 3166,2762 3184,2762 3184,2609"/>
            <TextLine id="r3l1" custom="readingOrder {index:0;}">
                <Coords points="3158,2722 3195,2715 3163,2531 3151,2533 3144,2541 3136,2535 3126,2537"/>
                <Baseline points="3166,2712 3184,2709"/>
                <TextEquiv>
                    <Unicode></Unicode>
                </TextEquiv>
            </TextLine>
            <TextEquiv>
                <Unicode></Unicode>
            </TextEquiv>
        </TextRegion>
        <TextRegion orientation="0.0" id="r4" custom="readingOrder {index:3;}">
            <Coords points="3176,2202 3176,2443 3212,2443 3212,2202"/>
            <TextLine id="r4l1" custom="readingOrder {index:0;}">
                <Coords points="3175,2277 3187,2274 3200,2283 3204,2281 3223,2282 3219,2230 3209,2231 3206,2229 3197,2240 3189,2241 3184,2237 3172,2238"/>
                <Baseline points="3184,2270 3212,2268"/>
                <TextEquiv>
                    <Unicode>84</Unicode>
                </TextEquiv>
            </TextLine>
            <TextLine id="r4l2" custom="readingOrder {index:1;}">
                <Coords points="3167,2414 3177,2411 3179,2413 3184,2405 3193,2408 3197,2407 3202,2410 3222,2403 3216,2375 3203,2376 3200,2381 3194,2382 3175,2375 3171,2383 3160,2385"/>
                <Baseline points="3176,2410 3212,2402"/>
                <TextEquiv>
                    <Unicode>610</Unicode>
                </TextEquiv>
            </TextLine>
            <TextEquiv>
                <Unicode>84
610</Unicode>
            </TextEquiv>
        </TextRegion>
    </Page>
</PcGts>
