3484 4320
2118 198 2579 292 box 21/2
309 185 1979 309 16.1. Lebendige Stunden zyklus
1680 811 1807 892 550
963 950 2542 1006 mein alter Richard!“ Mein alter Richard! und möchte ihn töten. Folgendes
958 993 2531 1062 zeigt den Anstand in der Tragik. Beate offeriert dem Geliebten Kaviar; Suder¬
954 1048 2538 1107 mann bemerkt jedoch: „Richard verneigt sich ablehnend.“ Nachher sagt sie: „Das
963 1103 2528 1171 ist ja die berühmte Pastete, die Michaels Namen trägt; die lassen Sie vorüber¬
963 1178 2540 1221 gehn?“ Richard: „Verzeihung, Gräfin. Ich habe nicht acht gegeben.“ (Bedient sich.)
1071 1223 2541 1277 Das Gespräch geht nun auf ethische Dinge. Schon im Johannisfener kam
959 1270 2549 1332 die neue Ethik bei einer Privatfestlichkeit zum Ausdruck. Die Heldin schmäht
962 1342 2551 1398 jetzt Astarte, der man die Jungfrauenleiber in den Rachen warf. „Und diesem
969 1368 2540 1430 Astartenideal opfert man auch heut noch all unsre Seelen. Jawohl: die ein¬
967 1435 2546 1504 zelnen mögen verderben zu Millionen, wenn nur die Gesamtheit hübsch g'sund
952 1479 2545 1555 bleibt. Hahahaha!“ Richard erhebt sich und trinkt auf . . . das Haus Kelling¬
962 1544 2531 1612 hausen. Er weiht sein Glas (Doppelverschärfung) „meinem — unserem Freunde!“
961 1597 2122 1661 Graf Kellinghausen läßt ein „mißtöniges Lachen“ erklingen.
1073 1640 2549 1712 Die Spannung wird also nun mit zwei Mitteln geheizt: wir wissen, daß die
959 1716 2536 1772 Gräsin das Giftfläschchen bei sich hat; zweitens fürchtet man den Zornes=Aus¬
963 1757 2552 1819 bruch. Vom Herzschlag zu schweigen. Graf Kellinghausen ist auch „im Begriff
961 1817 2544 1881 loszubrechen". Er sagt, Baron Richard verdiene den ersten Platz, „wenn auch
958 1872 2554 1932 freilich ... ein Platz —“ Hier eben ist er „im Begriff loszubrechen.“ Sudermann
972 1924 2538 1994 bemerkt noch rechtzeitig: er wird „von dem angstgequälten Blick Beatens ge¬
958 1984 2552 2056 bändigt“. Um ein Haar! Die Reihe der Toaste ist hiermit nicht erschöpft. Beate
963 2026 2542 2094 spricht mehrere Uebelkeiten. „Irgendwo — da blüht was und leuchtet zu uns
963 2088 2530 2156 herüber, und dann schauern wir heimlich zusammen, heimlich wie der Verbrecher.“
968 2141 1610 2213 Hierauf erfolgt der Selbstmord.
1169 2198 2556 2258 . Der Staatssekretär äußert nachträglich zum Diener: „Mir war, sie hielt
967 2244 2560 2312 ein Fläschchen, ehe sie hinausging.“ Graf Kellinghausen öffnet den zurückgelassnen
958 2310 2548 2364 Brief. „Selbst wenn man das Gift in meinem Körper finden sollte ...“ „Als
958 2350 2553 2427 eine Glückssucherin, die ich mein Lebelang war, sterbe ich für sein, für Dein und
968 2406 1666 2487 unsrer Kinder Glück.“ Näh! Näh!
1702 2555 1815 2638 VI.
1083 2626 2555 2699 Dieses Werk bietet, wie der Leser erkennt, den dramatischen Fatzkestil
973 2692 2544 2769 in voller Reinheit. Das Wort ist nicht literarisch; aber das Werk auch nicht.
961 2751 2561 2826 Es giebt nur eine deckende Bezeichnung: der dramatische Fatzkestil. Anderes
967 2798 2554 2872 ist davon überhaupt nicht zu sagen. Wildgewordener Frauenroman, Friseurideal,
968 2872 2553 2930 verplumpter Sardon. Kurz: Sudermann. Und doch ist er mir lieber in diesem
971 2926 2544 2988 Stück als in manchem andren. Er heuchelt nicht mehr. Er bekennt schlank: Ich will
968 2973 2550 3030 ein Einheizer sein, ich bin von Natur ein Philippi, verstellt hab' ich mich oft genug,
966 3030 2555 3096 ich will wirken. Auf welche Art? Auf die gröbste. Auf welche Menschen?
971 3076 2554 3173 Auf die gröbsten. Und ich überspüle alles mit meiner gewissen fettigen Eleganz,
975 3135 1258 3219 ah, parbleu!
1078 3165 2544 3236 Warum rezensiert man gewisse Dinge? Darum: weil man glaubt, daß eine
979 3240 2550 3310 anständige Rezension bisweilen Aussicht hat, länger zu leben als ein Schmieren¬
981 3292 2560 3378 stück. Warum treibt man das Verfassen von Rezensionen? Um des Rezensenten
969 3365 2422 3421 willen. Nicht um des Publikums willen, noch um des Rezensierten willen.
1093 3397 2567 3466 Man betrachtet Dichter: wie ein Dichter Menschen betrachtet. Man be¬
971 3455 2562 3529 trachtet Dichter: als tragische oder halbtragische oder putzige Mitglieder dieser
