3392 4224
2103 119 3027 215 Den Abschlufs bildet das reizende Lustspiel „Li¬
1067 126 2066 211 Stunden, deren Herzblut die Zukunft eines kleinen!
2036 189 3016 263 steratur“ dessen Helden zwei verbummelte Typen
1068 208 2038 265 Epigonengeschlechtes befruchtet; sie sind todte Stun¬
2038 237 3020 308 einen Literatencafék von prächtiger Naturtreue sind.
1072 250 2034 311 den, die durch ihre Nachwirkung auf die Zukunft zu
2049 280 3019 360 Es ist die Schriftstellerin Margarethe, ein Mädchen
1069 308 2031 363 lebendigen werden. Vier Todtengesänge ertönen aus
2049 336 3031 413 mit sehr viel Vergangenheit, die sich ein täppischer,
1062 353 2036 416 diesen vier Einactern, Todtengesänge, die doppelt
2048 393 3032 450 literaturfeindlicher Baron aus diesem Milien als
1075 398 2035 458 traurig aus dem Munde eines unbedeutenden Zwerg¬
2039 435 3031 503 Braut holt, und deren ehemaliger Geliebter. Ein
1065 454 1406 520 volkes erklingen.
2043 467 3027 547 Sprühregen reizendster Motive ergießt sich aus diesem
1146 471 2038 558 Schnitzler holt sich diesmal seine Gestalten aus
2047 538 3025 607 Lustspiel, das mit überwältigender Heiterkeit wirkt.
1073 543 2043 613 Künstlerkreisen. Die egoistische Lebenslust der Deca¬
2092 587 3030 642 Es wurde von Frl. Osten und den Herren
1058 602 2047 654 denten mit ihrem übersättigten Gefühlsleben, ihrem
2039 651 3028 715 [Einer und Matuna zu reicher Wirkung ge¬
1073 646 2038 715 Anspruche auf das berüchtigte Durchsetzen der Indi¬
2045 690 2201 763 bracht.
1078 690 2046 754 vidualität steht gleichsam als Prolog an der Spitze
2113 705 3034 813 Das literarisch höchst beachtenswerte Werk be¬
1070 740 2042 805 des Cyclus: ein Schaffender, den der Aublick seiner
2055 787 3025 843 ansprucht mit seiner Fülle von Gedanken und dra¬
1068 806 2042 850 todtgeweihten, hinsiechenden Mutter, vor allem ihr
2052 832 3024 889 matischer Kraft ein Interesse in weit höherem Grade
1063 845 2035 899 unheimlich starrer Blick die Fähigkeit zur Arbeit
2054 881 3036 945 als die landläufige Marktware, dem es leider hier
1069 891 2036 949 rauht. Die Mutter, eine geschiedene Frau, endet frei¬
2051 934 3025 985 nicht in wünschenswertem Maße begegnete. In der
1076 930 2044 995 willig ihr Leben, um ihrem Sohne wieder zu leben¬
2053 980 3030 1054 Bekundung seines Geschmackes ehrt man schließlich
1073 999 2045 1045 digen Stunden zu verhelfen; aus einem Briefe der
2871 1033 3010 1109 f. e.
2047 1031 2426 1104 doch nur sich selbst.
1074 1039 2037 1099 Todten an den Lebensg ossen ihrer letzten Jahre
1068 1083 2045 1153 erfährt es der so reich B# hie und rettet sich mit
2104 1076 3043 1158 Gastspiel Odilon. Am Dienstag beginnt
1069 1123 2041 1199 einem moralischen Salton ale über diesen Mord
2043 1149 3039 1214 Frl. Odilon, der Liebling der Pilsner, ein zwei¬
1077 1186 2039 1245 ins Leben zurück. Man hat nicht die Empfindung,
2053 1175 3030 1266 abendliches Gastspiel, welches die „Camelien¬
1078 1236 2040 1298 dass der Gerettete des Opfers wert sei. Das epische
2050 1225 3036 1310 dame“ (Dienstag) und die „Zwillingsschwe¬
1079 1285 2049 1350 Sujet eignete sich besser zu einer Novelle, es ist,
2052 1295 3043 1354 ster“ (Mittwoch) umfassen wird. Die Künstlerin hat
1073 1325 2035 1409 ganz in Stimmung getaucht, von ###chologisch zarter
2058 1351 3023 1409 im Frühjahr eine Tourné durch Nordamerika absol¬
1070 1376 2047 1439 Zerbrechlichkeit, und stellt seine Wirkung allein auf
2048 1365 3042 1462 viert, und namentlich mit der künstlerischen Darstel,
1078 1435 2035 1488 die Kunst der Darsteller. Herr Matuna, der Sohn,
2050 1443 3037 1501 lung dieser zwei Rollen Sensation erregt, die noch
1077 1483 2047 1537 Herr Bürger, der Testamentsvollstrecker, gaben
2050 1498 3032 1557 durch das geradezu blendend prächtige Toiletten¬
1067 1521 2049 1594 einen besch idenen Extract, wo der Dichter die Quint¬
2039 1520 3041 1603 und Schmuckbeiwerk gehoben wurde. Den Abonnen¬
1069 1583 2038 1636 essenz des Lvens fordert; es gieng vieles von den
2058 1588 3045 1663 ten bleiben ihre Logen und Sitzplätze bis Montag
1076 1621 2051 1689 Feinheiten verloren. Herr Paulmann genügte
2056 1638 2553 1708 mittags 12 Uhr reserviert.
1078 1679 1600 1745 einer kleinen Gärtnerrolle.
1145 1714 2057 1793 Mit bewegten Pelsen setzt der zweite Einacter
1072 1766 2059 1837 ein, „Die Frau mit dem Dolche“ ein Fieber¬
2311 1754 2752 1863 Herrenhaus.
1077 1824 2056 1895 traumstück. Pauline, die Gattin eines Dichters, dem
2083 1834 2988 1912 (Telephonischer Bericht des „Pilsner Tagblatt“.)
1083 1868 2060 1926 sie mit einer reichen Vergangenheit nur todtes Ob¬
2572 1882 3007 1974 Wien, 6. December.
1077 1928 2064 1982 jekt poetischer Verkörperung ist, macht ihre Ansprüche,
2139 1938 3058 2039 Nach Eröffnung der Sitzung widmet der
1081 1973 2068 2038 Subject des Lebens zu sein, in der Singabe an einen
2058 2002 3038 2088 Vicepräsident Fürst Auersperg den ver¬
1082 2019 2054 2077 Freund geltend. Der Einacter spielt in einer Bilder¬
1074 2069 2041 2125 gallerie vor „der Frau mit dem Dolche“, dem Ge¬
2062 2055 3051 2131 storbenen Herrenhausmitgliedern Graf Franz
1077 2119 2056 2181 mälde eines unbekannten Künstlers aus dem 15. Jahr¬
2063 2115 3057 2182 Thun=Hohenstein=Sardagna und dem Grafen¬
1090 2146 3046 2239 hundert. Die im Innersten ihrer Seele zermarterte Belcredi warm empfundene Nachrufe, die das
1077 2207 2045 2288 Frau sitzt neben ihrem Geliebten nieder, eine Fieber¬
2055 2207 2531 2285 Haus stehend anhört.
1090 2265 2059 2320 phautasie erzählt ihr und uns die Entstehungsge¬
2133 2234 3038 2325 Sodann wird das Gesetz, betreffend die
1078 2305 2051 2371 schichte dieses Bildes, welche, ebenso wie dieses die
2052 2286 3041 2370 Festsetzung der Tageszeiten für die Erhebung
1081 2356 3037 2421 Züge Paulinens trägt, zugleich die Geschichte Pauli= von Wechselprotesten in erster Lesung ohne
1086 2399 3050 2478 neus ist: Dem Maler Remigio ist seine Frau ein Debatte der juridisch=politischen Commission zu¬
1076 2450 2264 2520 Modell, sie spielt keine Rolle in seinem Gefühlsleben,gewiesen.
2138 2477 3053 2572 Freiherr von Helfert begründet seinen
1092 2503 2065 2564 und da er, von einer Reise heimkehrend, sie von
1084 2550 2057 2613 seinem Schüler entehrt findet und die Gattin dem
2059 2550 3039 2616 Antrag wegen Erlassung eines Gesetzes zur
2066 2592 3046 2661 Sicherung des diocletianischen Palastes in Spalato.
1087 2612 2055 2664 Buhlen einen Dolch ins Herz stößt, tritt er kühlen
1088 2652 2048 2718 Blutes an seine Staffelei und malt nach dem Leben
2059 2640 3044 2711 Der Antrag wird der Specialcommission für
2065 2695 3044 2757 Kunst= und historische Denkmale zugewiesen.
1132 2701 2049 2765 „die Frau mit dem Dolche“. — In Frl. Osten's
2055 2755 3042 2816 Das Haus nimmt sodann einstimmig das Gesetz
1080 2759 2048 2814 Darstellung der Pauline fehlte der motivierende hy¬
1696 2796 2051 2864 verständlich macht.
2065 2783 3040 2868 betreffend die Gewährung von Steuer= und
1093 2806 1696 2864 sterische Zug, der Fieberträume
2070 2844 3035 2912 Gebüren=Begünstigungen und Veräußerung ära¬
1091 2850 2062 2913 Herr Brand (Leonhard) hielt sich im Schau= und
2066 2901 3033 2957 rischer Gründe an, ferner ein Gesetz, betreffend
1088 2910 2053 2961 Traumspiel auf der Höhe; auch Herr Paulmann
1090 2946 3041 3026 sand für den Maler Remigio den zutreffenden Ton. die Gewährung von Unterstützungen aus Staats¬
2058 3009 2913 3053 mitteln zur Linderung des Nothstandes.
1093 3010 2061 3058 Das Stück, das auch in scenischer Hinsicht wesentliche
2153 3031 3045 3108 Sodann zieht das Haus das vom Abge¬
1096 3051 2064 3116 Anforderungen stellt, ist das interessanteste unter
2061 3084 3048 3159 ordnetenhause beschlossene Terminhandels¬
1087 3101 1359 3168 den vieren.
2695 3140 3050 3211 Berichterstatter
2064 3141 2592 3211 gesetz in Verhandlung
1178 3134 2058 3215 Das ergreifendste sind „Die letzten Mas¬
2061 3176 3048 3252 Freiherr von Berger beschäftigt sich insbe¬
1089 3172 2067 3266 ken“. Es spielt im Krankenhause, seine Helden, ein
2067 3227 3051 3301 sondere mit dem Abänderungsantrag des § 12
1087 3240 2069 3308 Journalist und ein Schauspieler, sind Todescandi¬
2072 3285 3054 3344 und verweist auf die Zufallsmajorität, mit der
1093 3308 2060 3358 daten. Jeuer, ein nicht zur Geltung Gekommener,
2064 3333 3046 3403 dieser im Abgeordnetenhause angenommen wurde.
1104 3339 2067 3404 fühlt das pathologische Bedürfnis, noch vor dem Tode
2076 3392 3036 3441 Er empfiehlt die Annahme des § 12 in der
1101 3399 2058 3458 seinen mit Erfolgen gekrönten Collegen Alexander Weih¬
2065 3422 3050 3492 Herrenhausfassung.— Minoritätsberichterstat¬
1090 3439 2070 3502 gast, dessen Frau seine Geliebte war, dessen Kinder, seine
1092 3464 3060 3547 Kinder und dessen Erfolge seine Erfolge sind, zu sehenter Prinz Ferdinand Lobkowitz beantragt
1092 3527 3060 3612 und durch die Wucht der Anklagen zu vernichten. die Annahme der Abgeordnetenhausfassung. Er
1099 3595 3053 3640 Und da Weihgast kömmt, ist es die Geschichte von wendet sich gegen den Vorwurf, mit Rücksicht
1090 3623 3058 3693 dem Greise, der den Tod gerufen. Ein prächtiges, auf äußere Einflüsse seine Ueberzeugung ge¬
1099 3676 3060 3741 erschütterndes Duo: Dieser Sterbende, der dem Leben=sändert zu haben. Er verweist darauf, dass
2071 3721 3058 3790 viele Abgeordnete gegen den Antrag Schöpfer
1098 3742 2065 3791 den das Leben schenkt und dieser von Selbstbewusst¬
2075 3770 3048 3835 nur im Interesse der rascheren Erledigung der
1101 3779 2066 3847 sein durchsättigte Ehrenmann mit der ausgehöhlten
2073 3818 3060 3881 Vorlage gestimmt haben. — Graf Kuefstein
1095 3831 2063 3895 Ehre, der „morgen noch leben muss“. Die Darstellung
2073 3866 3045 3930 bittet, das Haus möge ein ähnliches Entgegen¬
1089 3889 2061 3946 war eine treffliche. — Der Journalist Rademacher
2072 3919 3052 3987 kommen zeigen, wie das Abgeordnetenhaus.
1107 3940 2065 4002 fand in Herrn Hartig einen vorzüglichen Inter¬
2075 3957 3055 4030 Gerade die Abgeordnetenhausfassung treffe den
1102 3977 2064 4037 preten, unterstützt von gleich tüchtigen Leistungen der
2075 4018 3053 4071 nichtofficiellen Terminhandel mehr als die
1108 4029 2073 4099 Herren Einer (Weihgast) und Brand (Schauspie¬
2053 4070 2485 4134 Herrenhausvorlage.
1107 4086 1410 4140 ler Jackwerth).
