3484 4384
2089 119 2535 235 box 21/3
269 126 1931 253 16.1. Lebendige Stunden zuklus
1487 868 1713 955 —.—
381 943 1755 1163 Vessenrit anes C. Gsnte, Gae e
390 1182 859 1311 vom1
1781 1346 1880 1444 6
1765 1422 3358 1502 Aehnlichkeit zwischen ihr und jener und ihre erhitzte Phantasie der beneidete
926 1457 1422 1559 Stadttheater.
1768 1484 3358 1549 läßt sie — auch den Zuschauern sichtbar — die Entstehungs= seiner Aufgebla
1777 1541 3359 1618 geschichte jenes Bildes erleben. Die Scene verändert sich, in seiner gan
940 1539 1425 1611 Lebendige Stunden.
1781 1579 3364 1659 und wir sehen die Werkstatt eines Malers in der Nähe von schwindet in de
580 1586 1589 1672 Einakter=Cyklus von Artbur Schnitzler.
1781 1625 3356 1712 Florenz. Paola hat ihrem Gauen zu der „Frau mit dem für hinreichend
636 1635 3362 1752 Am Sonntag Abend sahen wir Arthur Schnitzler's, Dolche“ Modell gestanden. Während er verreist war hat Leben begangen
525 1700 1802 1778 des bekannten Wiener= Dichters und Arztes, neuesten Einakter=Cyklus
1781 1743 3360 1819 sein Schüler Lionardio der Gattin Gunst genossen. Da kommt Abschiede. Dan
530 1740 1789 1823 „Lebendige Stunden“. Der etwas räthselhafte Ge¬
1785 1780 3361 1861 der Gatte zurück, und sie beichtet ihren Treubruch. Lionardio vor dem To
541 1805 1804 1866 sammttitel paßt wohl nur für die ersten drei Stücke, in denen
1771 1819 3350 1913 begehrt von dem Meister den Tod; der aber weist ihm volls Turrian gah
532 1855 1788 1918 vom Leben und Sterben gehandelt wird; das letzte Stück ist
1781 1884 3360 1963 Verachtung die Thür. Da ergreift Paola den Dolch, ersticht greifend durh
532 1900 3356 1950 Satyrdrama. Alle vier sind geistreich erfunden; aber bühnen= den Liebhaber und richtet dann den Stahl gegen die eigene Melt Zu
535 1955 1798 2020 wirksam sind nur die beiden letzten; am schwächsten ist das
1784 1980 3360 2064 Brust. Der Meister aber hat jetzt für die Frau auf dem fälligen Dichter
540 2010 1795 2071 erste Stück. So vortrefflich auch die vier Sachen gestern
1791 2029 3349 2111 noch unfertigen Bilde die rechte Stellung gefunden und macht lichkeit (nebenbe
536 2057 1798 2122 bei uns unter der Regie des Herrn Direktors Wahlberg
1779 2085 3031 2148 sich an die Vollendung desselben. Wieder verändert sich die
3099 2092 3348 2168 Eine sehr
536 2098 1799 2162 gespielt wurden, zu einem anhaltenden Beifall kam es nur
1788 2129 3338 2196 Scene, und wir sind wieder in der Gemäldegalerie. Die junge steller, alle ih
533 2144 1042 2228 nach dem letzten Stück.
1770 2191 3350 2258 Frau erwacht aus ihrem Traume; jetzt hat sie Mitleid werthen, enthält
621 2226 3344 2305 Das erste Stück „Lebendige Stunden“ scheint mit ihrem Verehrer und verspricht ihm, am Abend „Literatur“
440 2234 3347 2331 Abe die billige Wahrheit zeigen zu wollen daß man das Leben zu ihm zu kommen. — Die beiden Hauptrollen lagens so viele witzige
531 2308 3348 2380 den Todten nicht opfern darf. Es ist voll abstrakter Erörte= hier in den Händen des Fräuleins Betke und des Herrn gar nicht herau
528 2369 3356 2456 rungen und ohne dramatisches Leben. In einem Wiener Vor=[Brückner. In dem Traumbilde machten beide ihre Sachen eine an Abente#
448 2368 547 2443 Inl
531 2415 3351 2451 ort hören wir ein Zwiegespräch zwischen einem pensionirten besser als in der Wirklichkeitsscene wo sie sich hätten etwas ist Dichterin ge
458 2436 547 2516 91
543 2458 3342 2557 Beamten der sich mit Gartenbau die Zeit vertreibt, und einem leidenschaftlicher geben können. Die schwierige Verwandlung Hafen der Ehe
449 2501 526 2575 I.
542 2508 3341 2593 jungen Dichter, dem die lange Krankheit seiner Mutter die der modernen Galerie in das Gemach der Renaissance und man ist der a
452 2554 552 2615 th
536 2559 3346 2655 Freude am literarischen Schaffen geraubt hat. Der Alte ist die Umkleidung der beiden Darsteller hätte beschleunigt werden sie weiter schrift
532 2591 3331 2652 ein Freund und Verehrer der Verstorbenen gewesen und giebt müssen, damit der Zusammenhang nicht zerrissen wird; viel= hört, der sich
522 2645 3345 2746 sich ganz der Trauer hin, während der Sohn von der Arbeit leicht wäre es auch gut gewesen, wenn es während der Exemplare zum
522 2698 3339 2763 den einzigen Trost erwartet. Hierdurch in seinen Gefühlen Scenenveränderung im Zuschauerraum dunkel geblieben wäre. ihrer Verehrer
526 2755 3342 2795 verletzt, eröffnet der Alte dem Jungen nun, was nur er Das Gemälde „Die Frau mit dem Dolche“ war recht dürftig er geschrieben.
525 2796 3341 2887 allein weiß, daß die Verstorbene freiwillig ihrem Leben ein ausgefallen, und man verstand es nicht, daß gerade dies Stoff, nämlich
531 2853 2971 2944 Ende gemacht hat, weil sie sah, wie ihr qualvolles Leiden die Bild die Aufmerksamkeit der beiden Beschauer auf sich zog.
2989 2870 3341 2948 und sie gestehen
518 2884 1795 2976 Schaffenskraft des Sohnes lähmte. Aber auch diesen Schlag
1850 2926 3343 2995 Ergreifend ist das dritte Stück „Die letzten Mas=gewechselten Li#
515 2942 3349 3041 will der Sohn überwinden und sich durch künstlerisches ken“. Es führt uns in ein Wiener Krankenhaus. Dort konnten sie aber
519 2988 3274 3083 Schaffen des Opfers der Mutter würdig machen; die Todes=liegt ein alter Journalist und sieht dem Tode entgegen. Er schrieben?
527 3054 3340 3104 stunde der Mutter soll die „lebendige Stunde“ in seiner Kunst hat es trotz seines ernsten Strebens im Leben zu nichts ge=ehe sie ihn abse
522 3092 720 3157 werden.
737 3093 3339 3147 — Vortrefflich wurden der melancholische Alte von bracht, während ein befreundeter Kollege, ein Hohlkopf, zu der Baron vom
515 3146 1778 3229 Herrn Schaper und der junge Dichter von Herrn
1769 3167 3340 3231 Reichthum und Ehren gelangt ist. Vor seinem Tode will er nichten lassen,
524 3189 1034 3266 Brückner dargestellt.
1759 3211 3334 3276 diesem, den er grimmig haßt, doch einmal die Wahrheit sie entreißt es
625 3256 3330 3336 Recht absonderlich ist das zweite Stück , Die Frausagen; er will ihm auch sagen, daß er ihn mit seiner Frau Humor stellte
531 3291 3351 3380 mit dem Dolche." Eine junge heißblütige Frau trifft mehrere Jahre lang betrogen hat. Deshalb hat er ihn zu echt in seinen
524 3355 3330 3418 mit ihrem Verehrer in einer Gemäldegalerie zusammen; das sich gebeten. Vorher aber spielt er einem schwindsüchtigen[ Schaper als
518 3398 3341 3485 Stelldichein für den Abend, um das er bittet, verweigert sie Schauspieler, einem eitlen Komiker, der trotz der Nähe des seinen beschränk
521 3435 2910 3519 ihm. Beide betrachten das Bild eines alt=italienischen Todes noch zu allerhand Schnurren aufgelegt
2889 3466 3021 3539 ist,
3095 3466 3344 3552 Das Thea
517 3489 3022 3571 Meisters, das eine Frau mit einem Dolche darstellt. Die diese Abrechnungsscene einmal vor. Aber als nun
