3392 4224
2027 264 2522 364 box 21/3
1049 265 1171 345 St
240 281 1900 383 16.1. Lebendige Sunden - zyklus
2473 1245 3235 1322 5— Dsterreich, das waten Die
1710 1249 2023 1336 —ei-
135 1258 561 1338 en und gee# un
130 1285 3205 1392 invernehmen der Dreibundmächte zu getreten, wandte er zunächst der Ausgestaltung des Schul= Leitsterne seines Strebens. Ihnen ist er stets gefolgt und
132 1356 3214 1430 nkespiel doch nur immer den einen wesens in unserem Staate seine Aufmerksamkeit zu und dienicht nur die Wissenschaft, nicht nur unser Land, zu dessen
2022 1403 3224 1494 besten Söhnen er gehörte, sondern ganz Österreich hat Anlaß,
847 1422 2030 1476 Tätigkeit auf diesem Gebiete hat seinen Namen innig mit der
154 1412 862 1473 eUrheber sich eine neue Blamage in
2022 1450 2639 1532 seinen Heimgang zu beklagen
129 1454 867 1530 en konnten.: Die intriganten Herr¬
848 1466 2035 1516 Schöpfung des Reichsvolksschulgesetzes ver¬
140 1514 2046 1592 sen können, den Dreibund in den Be¬knüpft. Dieses Kleinod unserer Gesetzgebung, das nun schon
2842 1503 2945 1590 70
853 1630 2029 1691 Menschen und Dinge der Umgebung, alle Erlebnisse nur auf
2019 1624 3221 1704 Weihgast der gefeierte Dichter. Im Krankenhause, kurz vorm
848 1670 2028 1742 die in ihnen liegende Möglichkeit künstlerischer Verwertung
2029 1688 3209 1750 Sterben, will er seinei. Freund noch einmal all seinen Groll
133 1647 863 1807 dige Stunden ###
858 1712 2030 1796 zu betrachten. Paola ersticht den Geliebten einer einzigen
2025 1729 3212 1798 entgegenschleudern, ihm sagen, daß er seine Hohlheit durch¬
133 1740 738 1824 von Arthur Schnitzler.
847 1775 2034 1840 Nacht zu Füßen ihres Gemahls und Meisters. Wie sie da
2033 1780 3213 1845 schaut und daß das Weib des Freundes zu ihm flüchtete.
138 1801 603 1866 hrung am 8. Mai 1902.)
864 1823 2025 1888 steht, mit dem blutigen Dolch, versteinert und abwesend,
2019 1829 3210 1902 Daß sie, angewidert von ihrem Mann, zwei Jahre lang seine
131 1862 861 1933 sten und titelgebenden Einakter zeigt
847 1865 2042 1941 wird dem Meister Remigio die Inspiration zur Vollendung
2035 1880 3219 1933 Geliebte war. Daß sein Freund den Ruhm davontrug, daß
132 1922 866 1979 r der Liebe. Heinrich fühlt seine dich¬
854 1918 2026 1985 eines Bildes: „War dies der Sinn? Ist mein Gebet erhört,
2022 1920 3213 1974 er aber die lebendigen Stunden genoß. Weihgast kommt und
141 1962 860 2024 r Seite seiner dahinsiechenden Mutter
862 1961 2034 2037 daß für mein Bildnis mir Erleuchtung werde?“ Margarete
2032 1975 3208 2032 spricht von seinem Arger und seinen Sorgen, seiner Fa
149 2014 872 2068 nDruck von der Kranken aus, der
866 2006 2034 2075 („Literatur"“) und Gilbert haben sich geliebt und haben sich
2028 2019 3200 2095 milie, seinen Büchern, seinen Stücken, seinem sinkenden Ruym
862 2059 2038 2124 getrennt. Margarete will, noch bevor sie dem Aristokraten
2026 2075 3195 2131 Rademacher kann nicht sprechen. Er fühlt, wie klein un
125 2100 867 2176 Dichter wie ein Glück. Denn der
854 2112 2034 2170 Klemens als sein Weib folgt, den Roman dieser Liebe schrei¬
2024 2123 3204 2188 erbärmlich dies Leben ist, in dem er den Freund zurückläßt
133 2163 859 2214 itie noch drei Jahre dauern können.
860 2161 2036 2225 ben. Dasselbe tut Gilbert. Im vorletzten Kapitel kommt bei
2029 2174 3201 2239 „Wie armselig sind doch die Leute, die auch morgen noc
133 2208 860 2274 nde der Toten erfährt Heinrich, daß
866 2209 2038 2266 ihm wie bei ihr ihrer beider Briefwechsel vor. Wie ist das
2033 2212 3209 2275 leben müssen . . . .. Was hat unsereiner mit den Leuter
138 2252 868 2317 seinem Schaffen zum Opfer gebracht
855 2264 2039 2321 möglich? Margarete hat ihre Briefe aufgesetzt. Gilbert: „Auf¬
2029 2265 3205 2323 zu schaffen, die morgen noch auf der Welt sein werden?
126 2306 872 2366 et, um ihm nicht mehr ein Hindernis
864 2307 2037 2368 gesetzt — diese Briefe an mich, die wie in zitternder Eile
2023 2314 3211 2386 Jetzt hat er nichts mehr mit den Kleinlichkeiten dieser Wel
132 2347 874 2412 schüttert, aber nicht zerschmettert. Es
871 2347 2043 2416 hingeworfen schienen.“ „Noch ein Wort, Geliebter, eh' ich
2034 2347 3202 2420 zu schaffen. Er legt die letzte Maske ab. Und resigniert un
142 2398 884 2464 derung, zu beweisen, daß das Opfer
860 2400 2047 2468 schlafen gehe, mir fallen die Augen zu . . . .“ und dann,
2023 2411 3207 2489 tröstlich klingt das Stück aus: „Nachwelt gibt's auch nu¬
156 2428 876 2520 war. Der Freund der Mutter ist
867 2442 2040 2514 „wenn dir die Augen zugefallen waren, hast du ihn ins
2040 2452 2459 2528 für die Lebendigen.“
127 2486 866 2559 es so hinnimmt, „als wär' es ihre
865 2492 2041 2557 Reine geschrieben?!“ — Aber auch Gilberts Briefe kommen
2111 2492 3207 2568 Es steckt etwas wahrhaft Tragisches in diesem Wider¬
256 2551 873 2605 .Was ist deine ganze Schrei¬
853 2545 2030 2611 in seinem Roman vor. Also — auch aufgesetzt? „Oh nein,“
2033 2535 3209 2626 streit zwischen Leben und Kunst. Und es ist, als ob Schnitzler
130 2572 869 2645 s größte Genie bist, was ist sie denn
866 2597 2038 2660 verteidigt er sich, „ich hab' sie nur abgeschrieben, bevor ich
2026 2605 3209 2685 hier seine Antwort auf eine brennende Frage — nein, auf
158 2640 866 2709 so eine lebendige Stunde, in der
866 2628 2034 2701 sie an dich absandte. Sie sollten nicht verloren gehen.“ Das
2037 2655 3216 2724 einen Schlachtruf, der aber fast wie eine bange Frage klingt,
158 2690 862 2747 dem Lehnstuhl gesessen ist und zu
864 2685 2029 2757 ist das Satirspiel zur Tragödie der „Frau mit dem Dolche“.
2037 2698 3217 2770 hätte geben wollen. Die Einheit von Kunst und Leben! Ist
164 2738 872 2800 .“ Und Heinrich: „Lebendige Stun¬
866 2724 2034 2800 Intimste Beziehungen mit dem heimlichen Hintengedanken an
2025 2748 3220 2814 dieses Ziel erreichbar? Ist alle Mühe hier nicht vergebens?
125 2772 867 2840 cht länger als der letzte, der sich ihrer
860 2794 2029 2855 die „Literatur“. Sorgfältig konzipiertes Liebesgestammel,
2021 2788 3217 2864 Klafft hier kein ewiger Gegensatz. Ist nicht das Individuum,
129 2824 871 2897 er schlechteste Beruf, solchen Stunden
871 2837 2043 2905 Abschriften von flammender Raserei. Immer mit der Mög¬
2034 2839 3221 2912 mit seiner kurzen Lebensfrist und seiner Gebandenheit an die
124 2868 558 2949 er ihre Zeit hinaus.“
868 2872 2040 2941 lichkeit eines späteren Bruches, späterer Verwertung und
2038 2891 3214 2952 Zeit nicht immer und ewig nur das Opfer für die ewigen
121 2914 871 2994 das Leitmotiv der ganzen Reihe ent¬
868 2919 2036 2992 späterer Sensation vor Augen. Die Erfindung erschiene uns
2034 2922 3233 3010 Werte der Kunst? Kunst erfordert unerläßliche Arbeit an sich
148 2972 867 3037 und unzweifelhaft. Lebendige Stun¬
863 2994 3223 3061 fast zu kühn und prickelnd, wenn wir nicht durch Emil selbst, unablässiges, ernstes Wollen. Und Leben ist ein sanftes
122 3015 872 3089 Augenblicke unmittelbaren, glücklichsten
863 3029 3227 3105 Franzos wüßten, daß es solche Fälle wirklich gibt. Es ist Hingleiten, ein Vergehen in den Wellen der Zeit, das am
123 3064 877 3134 en, kostbar und flüchtig. Aber für den
865 3076 2053 3148 ein gut Teil Maskerade in diesen Gefühlen und Gefühlchen.
2031 3078 3237 3142 heitersten ist, wenn es kein Gestern und kein Morgen hat,
139 3120 881 3188 in ihrer frischen Nähe und Vertrau¬
952 3122 2044 3189 In den „letzten Masken“ zeigt uns Schnitzler Inva¬
2037 3134 3217 3207 Leben ist das Verschmelzen mit den Dingen, Kunst ihre
144 3173 867 3227 ihm ein sonderbares zweites Leben.
865 3166 2045 3241 liden der Literatur am Rande des Grabes. Hier — im An¬
2026 3185 3218 3255 Unterjochung und siegesgierige Erfassung. Im Individuui
143 3207 877 3280 Höherwerden. Sie werden neugebildet
865 3221 3221 3303 gesichte des Todes — erhebt sich die Idee des Zyklus' zu will die Natur ein namenloset Stück, eine Zahl in der Un¬
165 3258 877 3340 Kunstwerken, zu Ewigkeitswerten.
864 3270 3223 3329 wahrhafter Größe. Rademacher war Zeit seines Lebens der endlichkeit ihrer Geschöpfe, in der Kunst will sie den Sinn
156 3324 3235 3427 t in jeder schöpferischen Natur, alle arme Schlucker und unbedeutende Journalist, sein Freund und die Geheimnisse ihrer Gesetze und ihrer Ewigkeiten. Uns
