3436 4320
1094 191 1161 267 3
257 220 1908 296 16.1. Lebendige unden Zyklus
889 451 1352 549 Telephon 12801.
509 558 1738 630 Alex. Weigl's Unternehmen für Zeitungs-Ausschnitte
1534 610 1745 684 Ausschnitt
743 624 1436 763 „OBSERYER“
1574 664 1821 755 Nr. 58
411 741 1857 830 I. österr. behördl. conc. Bureau für Zeitungsberichte u. Personalnachrichten
641 814 1651 896 Wien, IX/1, Türkenstrasse 17.
819 889 1461 962 Filiale in Budapest: „Figyelö“-
411 946 1857 1026 Vertretungen in Berlin, Chicago, Genf, London, Newyork, Paris, Rom, Stockholm.
420 1083 939 1183 Ausschnitt aus:
1018 1087 1745 1268 Frendenblatt, Wien
427 1235 647 1342 vom:
643 1247 984 1356 118 170 L
710 1476 1551 1646 Feuilleton.
856 1656 1418 1761 Grazer Theaterbrief.
1588 1719 1793 1795 Im Mai.
545 1773 1823 1836 Eines sehr glücklich verlaufenen Gastspiels muß ich noch dankend
435 1834 1824 1891 erwähnen, des zweimaligen Auftretens L. Martinelli's. Sein Hub¬
445 1885 761 1942 mayr war mir
805 1875 1824 1939 rein zufällig — noch nicht bekannt. Jeder Dichter
442 1922 1831 1982 wird für einen seinen Absichten in solchem Maße entsprechenden
425 1979 1822 2044 Darsteller dankbar sein können. Auch Martinelli hat das „Spielen“
414 2022 1829 2079 überwunden; er kann hinter seiner Rolle verschwinden. Das macht
426 2065 1829 2126 ihn wie Jeden, der es soweit gebracht hat, liebenswerth. Das Stück
441 2120 1833 2182 selbst „Der Fleck auf der Ehr“ entspricht uns heute nicht mehr
440 2142 1822 2215 ganz. Seine Technik ist schon in vielen Stücken veraltet. Aber
429 2206 1840 2279 wirksam bleibt noch immer seine Mischung von tragischen, komischen
430 2259 1833 2304 und sentimentalen Elementen. Fräulein Sussin gab die Franzl und
440 2302 1828 2373 sang dabei sogar sehr geschmackvoll. Sie kann wirklich viel. Sehr
442 2360 1455 2424 tapfer war Fräulein Bleibtreu als Christine.
542 2399 1822 2456 Leider hört man, daß auch diese Künstlerin Graz verläßt. Es
428 2445 1829 2504 läuft überhaupt Alles davon. Wenn es so weiter geht, dann werden
438 2500 1833 2557 wir im nächsten Jahre zwar einen Direktor aber keine Künstler haben.
431 2538 1834 2596 Der Direktor hat übrigens unlängst selber um seine Demission gebeten.
436 2593 1833 2644 Ich vermag den Grund dieser, wie man sagt, jetzt überwundenen
430 2635 1835 2686 Direktionskrise nicht klar zu erkennen, aber gewiß ist, daß unser
431 2676 1825 2735 Theaterwesen bis jetzt nicht zur Ruhe kommen konnte und daß da¬
428 2719 1831 2790 durch ein guter Theil des Publikums verletzt wurde und das Inter¬
442 2774 1830 2829 esse theilweise verlor. Es ist unangenehm und lästig, fast alltäglich
431 2827 1833 2880 mit Theatergeschichten äußerlicher Art behelligt zu werden. In Wien
440 2870 1849 2915 ist von Mahler selten, von Schlenther so gut wie nie etwas zu hören
428 2918 1828 2959 und ebensowenig von den anderen Direktoren. Bei uns ist das leider
426 2961 1841 3029 ganz anders. Das muß Einen mindestens langweilen. Das Theater
439 3020 1844 3083 braucht wie jedes organische Gebilde Ruhe, wenn es sich ent¬
427 3063 715 3138 wickeln soll.
547 3089 1842 3160 Arthur Schnitzler's vier Einakter „Lebendige Stunden“
442 3144 1846 3216 haben mich sehr interessirt, auch die Vorstellung war im Großen gut.
441 3201 1850 3251 Es ist mir schwer, Schnitzler's poetisches Gespinnst zu zerfasern, ich
444 3237 1851 3312 fürchte, es bliebe zu viel an den Fingern. Ich könnte ihm wohl auch
434 3294 1841 3362 nicht gerecht werden, ich verstehe ihn nicht immer. Doch verstehe ich
425 3341 1856 3406 ihn genug, um seine Begabung für manche feine Stoffe zu sehen.
440 3388 1841 3447 Aber daß es gerade ihm, dem Ueberempfindlichen, so leicht wird,
1724 3435 1842 3492 mir
449 3441 1656 3490 Einen, ich möchte beinahe sagen, zu brutalisiren! Am besten
439 3472 1844 3550 „Die Frau mit dem Dolche“ gefallen, in der Hauptrolle vo# ulein
446 3528 1833 3579 Sussin hinreißend gespielt, namentlich in dem Traum=Intermi# Aber,
428 3572 1845 3643 daß Pauline „heute Abend“ „kommen“ wird, das willch## trotz¬
431 3613 1842 3672 dem nicht in den Kopf. Die Liebe, die nach Art eines # lichen
443 3659 1848 3721 Schnupfens wirkt, ist nicht schön. Ist sie denn in den K, zus die
443 3711 1835 3770 Schnitzler darstellt, etwas Anderes als eine Krankheitsersc##g?
430 3747 1837 3822 Und was sagt Paola nach der verhängnißvollen Nacht zu Lionardo?
671 3801 1532 3872 „Vernahmst Du andern Laut von diesen Lippen,
671 3848 1475 3901 Als den beklomm'nen Aufschrei wilder Lust?
658 3891 1398 3956 Es ist nicht mehr und also war es nie!“
546 3939 1843 3990 Die Dame ist aufrichtig, aber sehr ungerecht. Sie fühlt sich
444 3967 1847 4041 Lionardo gegenüber ganz rein. Doch das ist vielleicht in sonderbarer
436 4025 1843 4098 Dichterlaune erklügelt. Ich habe jedenfalls diese Gattung mensch¬
439 4090 1438 4148 licher Spatzenliebe noch nicht beobachten können.
1387 4116 1446 4155 01
2062 179 2523 278 box 21/3
1841 1495 3254 1583 den Konzessionen zu weit geht. Sehr stimmungsvoll waren die
1852 1568 3181 1619 Dekorationen des zweiten und dritten Aktes, auch der szenisch
1848 1616 3231 1677 äußerst schwierige erste Akt war theilweise gelungen. Später war mir
1839 1650 3246 1729 das Tempo zu schleppend, wie öfter, wenn der Direktor selber etwas
1845 1710 3248 1761 inszenirt. Schlecht passen die poetischen Landschaftsbilder zu den
1836 1765 3241 1815 Rüpelszenen, wenn man sie gar so behaglich ausbreitet. Fräulein
1844 1802 3235 1851 Deval und Herr de Grach haben ihre Sache sehr gut gemacht.
1839 1845 3238 1914 Leider haben auch sie zu sehr gedehnt. Boxmann war als Prospero
1837 1891 3240 1954 voll Würde. Eggeling spielte den Antonio. Gut natürlich. Ob nicht er
1848 1941 3249 2019 der richtige Darsteller des Caliban gewesen wäre? Herr Mebus spielte
1835 1990 3246 2053 diese schwierige grotesk=komische Figur. Nicht sehr glücklich. Seine Maske
1847 2037 3237 2098 war eher ekelhaft als wild und grauenhaft. Als verständiger Mann
1842 2071 3241 2143 zog er sich gut aus der Affaire. Bei Fräulein Ferron, die gewiß Vielen
1842 2126 3236 2181 als Ariel sehr gut gefallen hat, konnte man so recht sehen, wie schwierig
1838 2177 3246 2230 diese Rolle eigentlich ist. Eine einzige derbe Handbewegung, und weg ist die
1850 2220 3245 2277 Illusion vom zarten Luftgeist Ariel. Und daran scheiterte ihr Wollen.
1855 2271 3245 2342 Ich konnte leider nicht bis zum Ende der Vorstellung bleiben, aber
1844 2319 3243 2384 ich schied mit dem Bewußtsein, mir dieses sehr wohl in dem an¬
1851 2365 3070 2427 geschlagenen Style in meiner Phantasie ergänzen zu können.
1955 2387 3249 2469 Die alte Burgtheateraufführung des „Sturm“ steht mir noch
1848 2449 3253 2522 lebhaft vor Augen. E. Guglia schreibt dazu in seinem trefflichen
1842 2510 3239 2563 Mitterwurzerbuche: Gesehen im Jänner 1877. Es ist jedenfalls die¬
1843 2552 3247 2612 selbe Vorstellung gewesen, bei der auch ich war, denn so viel ich mich
1852 2600 3245 2669 erinnere, gingen wir damals meist miteinander in die Burg. Eigentlich
1835 2647 3244 2711 wundere ich mich, daß Guglia's treffliches Gedächtniß und allen
1839 2694 3254 2755 Regungen so leicht folgende Feder so wenig über Mitterwurzer's
1852 2748 3249 2800 Caliban berichtet. Mitterwurzer, der Große, war nie größer als in
1840 2791 3241 2869 dieser Gestalt einer Künstlerlaune des größten dramatischen Dichters.
2956 2836 3142 2897 R. M.
