3484 4256
248 251 2406 331 16.1. Lebendige Stunden zuklus box 21/5
1110 902 1520 997 Telephon 12801.
363 1083 1471 1205 2 Mawemererrahne An
364 1170 1523 1251 □ l. österr. behördl. konz. Unternehmen für Zeitungs-Ausschnitte
532 1223 1427 1314 Wien, I., Concordiaplatz 4.
764 1299 1218 1367 Vertretungen
399 1349 1528 1449 ∆ in Berlin, Budapest, Chicago, Christiania, Genf, Kopen¬
367 1392 1536 1463 hagen, London, Madrid, Mailand, Minneapolis, New-Vork,
373 1432 1504 1505 0 Paris, Rom, San Francisco, Stockholm, St. Petersburg.
783 1481 1192 1543 (Quellswangabe ohne Gewähr.)
371 1468 1481 1627 * Ausschnitt außiagisbürger Zeitung, demm
604 1600 909 1696 ·S 3 18c6
2541 1617 2964 1720 Telephon 12801.
387 1647 617 1729 vora:
456 1755 1398 1846 GFeater, Konzerte, vergnügungen
1800 1713 2931 1892 e
696 1825 1142 1908 Lessing=Theater
1795 1877 2952 1968 O l. österr. behördl. konz. Unternehmen für Zeitungs-Ausschnitte
540 1885 1397 1958 „Lebendige Stunden“ vier Einakter von
859 1923 1392 1994 — Es ist ein eigenartiger
465 1936 783 2002 Artur Sch###
1952 1928 2843 2039 Wien, I., Concordiaplatz 4.
473 1966 1396 2042 Genuß, seelische Empfindungen eines
1786 1993 1894 2060 —
2179 2004 2628 2079 Vertretungen
458 2019 1383 2078 Wichters Fleisch und Blut gewinnen zu sehen.
1818 2048 2949 2130 0 in Berlin, Budapest, Chicago, Christiania, Gent, Kopen¬
472 2070 1405 2126 Wir wissen, bevor der Vorhang sich zum ersten¬
1785 2098 2956 2162 hagen, London, Madrid, Mailand, Minneapolis, New-Vork,
460 2113 1396 2172 mal hebt, daß wir an diesem Abend nicht all¬
1803 2139 2929 2227 0 Paris, Rom, San Francisco, Stockholm, St. Petersburg.
464 2153 1386 2209 zu großen seelischen Erschütterungen wie beim
2187 2186 2606 2251 (Guclienangabe ohne Gewähr.)
473 2195 1385 2261 Drama ausgesetzt sein werden. Es sind so
468 2241 1396 2298 Kosthäppchen, Delikatessen, nicht direkt zum
1774 2224 2992 2389 * Ausschnitt auMORWAPTS. BERLIN
1770 2288 1879 2334 335
476 2289 1396 2350 satt werden, aber gar köstlich mundend. Der
2110 2291 2397 2388 •6 3 1308
463 2344 1391 2384 gemeinsame Gedanke, der so und soviel Ein¬
1761 2330 2033 2388 E vom:
468 2368 1386 2430 akter für einen Abend scheinbar zusammen;
1790 2379 2956 2475 Lessing=Theater. „Lebendige Stunden" von
474 2417 1385 2473 hält, ist gar nichts weiter, soll gar nichts
1707 2442 2952 2511 Artur Schnitzler. Die dramatische Ernte dieses Jahres ist so
462 2453 1401 2530 weiter sein als ein äußeres Band, nicht etwa
2045 2469 2966 2553 ###ter auf ältere Stücke zurückzugreifen beginnen.
461 2497 1397 2555 ein roter Faden, der sich durch alle hindurch¬
1711 2511 1949 2566 karg, det
1719 2524 2961 2589 Vor sechs Jahren hat Schnitzlers Einakterzyklus im Deutschen Theater
468 2549 1386 2603 zieht. Vielleicht hat aber doch Schnitzler ge¬
1714 2558 2958 2632 unter Brahms Interesse geweckt. Aber war der Eindruck so stark,
467 2588 1392 2658 wünscht, daß in seinen vier Einaktern etwas
1717 2589 2966 2669 daß jetzt eine Neubelebung drängte? Kaum. Schnitzler hat Stärkeres
468 2629 1394 2683 gemeinsames gesehen wird, das unter einem
1716 2637 2954 2705 der Bühne geschenkt, das nicht auf dem Repertoire ist. Die Kunst,
461 2678 1392 2728 höheren Gesichtspunkt aufgefaßt werde. Es
1720 2679 2953 2755 in der knappen Form des Höhepunktdramas, des fünften Aktstückes —
2275 2711 2965 2787 Lebensschicksale zu beleuchten und
463 2721 1399 2780 mag sein! Schon um deswillen mag es sein,
1728 2736 2223 2805 der dramatischen Novelle
463 2757 1386 2817 weil er das erste Stück der „Lebendigen Stun¬
1718 2753 2962 2851 wenn auch nicht starke, so doch feine, nachdenklich stimmende
1734 2794 2974 2868 oder auch heiteres Lächeln weckende Wirkungen zu erzielen,
458 2805 1392 2861 den“, die I eits vor Jahren von derselben
1737 2832 2971 2905 hat er auch in diesen mehr virtuos konstruierten denn Leben ge¬
465 2833 1393 2897 Direktion auf der Bühne des Deutschen Thea¬
1735 2870 2960 2945 wordenen Stücken verstanden. Freilich hatte man die dem ur¬
463 2891 1394 2952 ters zur Aufführung gebracht wurden, ge¬
1738 2906 2968 2993 sprünglichen Zyklus den Titel gebenden, aber in breite Stimmungs¬
473 2935 1382 2993 strichen und durch ein anderes ersetzt hat, das
1736 2936 2972 3031 malerei ausartenden „Lebendigen Stunden“ weggelassen und durch
462 2977 1383 3042 seinen Zwecken sich hier besser anpaßte. In
1744 2980 2974 3062 den strafferen Puppenspieler“ ersetzt, der ja auch zum älteren
467 3018 1392 3077 allen vier Stücken spielen Stunden, die weit
1739 3024 2961 3102 Bestande des Lessing=Theaters gehört. Das phantastische Traum¬
465 3060 1396 3119 in der Vergangenheit, im zweiten, der „Frau
1739 3051 2972 3135 weben „Die Frau mit dem Dolche“ erschien abgeblaßt und
458 3110 1390 3163 mit dem Dolch“, sogar in der gedachten Ver¬
1737 3105 2975 3190 litt unter einer illusionstörender Regie. Aber als Theater im guten
1738 3131 2984 3216 Sinn behaupteten sich „Die letzten Masken“, die resigniert
467 3145 1387 3205 gangenheit zurückliegen, eine große Rolle;
472 3191 1384 3249 sie werden noch einmal in der Gegenwart le¬
1739 3188 2680 3266 ausklingende Abrechnungsszene in der Sterbestunde.
1814 3193 2975 3288 Am frischesten erwies sich das sehr ergötzliche letzte Stück:
462 3232 1390 3285 bendig und üben auf die Entschließungen der
1750 3250 2985 3342 „Literatur“ in der eine gewisse Kaffeehausliteratur mit heiterer
1752 3308 2206 3399 Ironie verspottet wird.
1813 3324 2994 3404 Die Besetzung war zum Teil die alte. Bassermanns“
466 3346 1403 3411 Personen so oder so ein entscheidendes Ge¬
1741 3363 2992 3433 ziselierte Charakteristiken des erfolgreichen, aber innerlich armen
477 3403 1416 3457 wicht aus. Das Spiel der Schauspieler wer
1738 3414 2992 3500 Modeliteraten in den „Letzten Masken“ und der aristokratischen Kontrast¬
477 3438 1408 3520 wundervoll angepaßt den eleganten geistigen
1744 3468 2992 3534 figur in „Literatur“ Reichers meisterliche Verkörperung des alten,
479 3485 1418 3553 Florett=Fechtübungen des Dichters. Wer
1740 3494 2991 3570 verbitterten Journalisten rechtfertigten die Aufführung. Durchaus be¬
2882 3535 2957 3580 r.
482 3515 1410 3599 vielleicht auch nicht so ganz mit Schnitzler
1750 3547 2442 3627 achtenswert war auch Karl Forest.
489 3560 1417 3632 gehen wollte, Bassermann, Forest, Stieler und
481 3609 1414 3670 die Triesch rissen ihn mit fort. Es war ein
479 3665 1412 3716 entzückendes Variété schauspielerischen Kön¬
484 3697 1418 3773 nens, das der Abend bot. Jeder Nuance des
497 3748 1422 3812 Dichters wurden sie gerecht, ohne in Ueber¬
479 3794 1415 3845 treibung zu verfallen, petits kours der Dar¬
498 3830 1418 3911 stellerkunst, denen der laute Beifall der Zu¬
496 3882 1050 3956 schauer nicht versagt blieb.
