3436 4224
2121 114 2550 207 box 21/2
299 121 1979 229 16.1. Lebendige Stunden—Zyklus
2982 1385 3191 1465 Se
1670 1448 3315 1532 wiegt, dieses Drama gewollt als die „Lebendigen Stunden“ fällen giebt, nur
741 1415 1247 1575 dex Coldsc,
1670 1512 3360 1578 gekonnt zu haben, so viel bequemer ist es, statt einer Vers- fertige Konflikte, von des
1228 1475 1476 1639 %
806 1530 1193 1631 4 Bureau für
1670 1552 3363 1624 tragödie vier einaktige „Stücke“ zu geben, deren geistigerles ist auch in der beg
613 1567 716 1666 O
1673 1607 3356 1659 Gehalt von einem Theaterpublikum gerade noch bewältigt gründet, soweit wir ihn
661 1602 1377 1696 Zeitungsausschnitte und Verlag
1661 1646 3351 1709 werden kann. Wer vieles bringt, wird manchem etwas von hellem Kunstversta
679 1657 1382 1749 der Wissenschaftlichen Revue.
1656 1685 3327 1756 bringen, und ganz unbefriedigt ging am Sonnabend keiner ein Artist und ein Poet
1661 1746 3364 1800 aus dem Haus, in dem man vier an Art und Wert grund= Stunden“, die den Auft
595 1707 1494 1822 BERLIN N., Auguststr. 87 part.
1659 1775 3360 1849 verschiedene Nippes aneinandergekoppelt hatte, ein geben, ist am Schluß
762 1781 1335 1866 Telephon Amt III. No. 3051.
1664 1828 3309 1881 Dramolet, ein Traumstück, eine Tragikomödie und Was vorhergeht, ist
1662 1881 3343 1939 einen Schwank. Eine Laune des Autors hält siel skizzirten Figuren, die
888 1883 1217 1968 Ausschnitt
1655 1916 3351 1986 zusammen, die als Motto das Wort Paul Bourgets nahme zu erwecken. Si
531 1901 873 1978 T en unm Züreer
1000 1947 1099 2009 aus
1653 1958 3316 2006 vertrügen: tout est matière pour vous, für euch Künstler, Dolche“ verweigert,
520 1958 877 2022 GOLDSCHMID T. Auguststr. 87.
1659 2005 3331 2059 die ihr eurn Freuden und Schmerzen, tiefste und weheste, Halbkunst — in der
1666 2046 2880 2100 eurer Kunst dienstbar macht und machen müßt. Und immer
2866 2048 3335 2109 „Jenseits von Gut un
1663 2075 3338 2145 wieder klingt an, verweilend oder flüchtig, der Gedanke vom wenig individuellen Ver
1664 2126 3236 2199 Marionettenspiel des Lebens, der in der leicht melancho= Seelenwanderung
516 2113 1263 2220 Die Woit am Hontag, Berlin
1657 2182 3196 2235 lischen Welt Schnitzlers häufig wiederkehrt, an letzte Fragen korrupte Bühner
1654 2231 3173 2285 des rätselvollen Menschendaseins wird hier und da zaghafr sind unentbehr
1644 2264 3020 2327 gerührt, die in der dramatischen Kleinarbeit nicht zu beant= Dienste
3012 2277 3057 2323 6
787 2235 1150 2356 65 JAN. 1902
1651 2306 2938 2365 worten, nur zu bereden sind. Derlei stimmungvolle Erf
2971 2318 3016 2373 di
563 2301 709 2404 C
1665 2356 2905 2421 Spielereien weiß dieser Autor, dem eine Handlung auszu= v
1660 2395 2890 2458 spinnen Mühe kostet, mit einer oft raffinirten, doch nie
1659 2443 2863 2504 aufdringlichen Technik zu schaffen, säuberliche Erzeugnisse eines
1661 2484 2835 2551 vorgeschrittenen Kunsthandwerks, die dem Scharfblick und den
1665 2524 2829 2597 Jakt ihres mit weicher Grazie und kosender Anmut, mi
1657 2572 2841 2643 kgketter Ironie und leiser Lyrik begabten Bildners Ehre
1665 2620 2834 2682 machen, die nicht nachhaltig wirken, aber angenehm unter
1659 2649 2828 2715 chalten, ohne daß hinterher das ästhetische Gewissen mi
1649 2703 2831 2770 Vorwürfen sich einzustellen hätte. Doch daß die seelisch
3202 2718 3248 2775 ist
1646 2750 2843 2816 Ergriffenheit ausbleibt, daß das Zwingende fehlt, das von
1639 2772 2856 2847 der Notwendigkeit der Dinge überzeugt, das fällt nicht nur
3154 2804 3291 2863 besonde
930 2840 2860 2901 Herr Brahm hat nicht den littera=[der Kunstform des „Einakters“ zur Last, dessen natürliche
897 2901 2897 2958 Bühnenwirksamkeit von Schnitzlers Unausgeführtheit statt eines lebensvollen Gesamtbildessn
3158 2873 3311 2951 rworben
929 2937 2969 3021 zu erproben. So viel schwerer es die Augenblicksaufnahme von Einzelzügen und Ein-zahll
3041 2932 3380 3017 dringendere Aufg
