<?xml version="1.0" encoding="UTF-8" standalone="yes"?>
<PcGts xmlns="http://schema.primaresearch.org/PAGE/gts/pagecontent/2013-07-15" xmlns:xsi="http://www.w3.org/2001/XMLSchema-instance" xsi:schemaLocation="http://schema.primaresearch.org/PAGE/gts/pagecontent/2013-07-15 http://schema.primaresearch.org/PAGE/gts/pagecontent/2013-07-15/pagecontent.xsd">
    <Metadata>
        <Creator>prov=University of Rostock/Institute of Mathematics/CITlab/Gundram Leifert/gundram.leifert@uni-rostock.de:name=ONB_Newseye_GT_M1+(htr_id=10810)::::v=2.4.2
prov=University of Rostock/Institute of Mathematics/CITlab/Tobias Gruening/tobias.gruening@uni-rostock.de:name=de.uros.citlab.module.baseline2polygon.B2PSeamMultiOriented:v=2.4.2
prov=University of Rostock/Institute of Mathematics/CITlab/Tobias Gruening/tobias.gruening@uni-rostock.de:name=/mnt/transkribus/LA/DEA/URO/LA_news_onb_att.pb:de.uros.citlab.segmentation.CITlab_LA_ML:v=2.4.2
Transkribus</Creator>
        <Created>2019-10-07T11:33:47.604+02:00</Created>
        <LastChange>2019-10-08T13:08:14.696+02:00</LastChange>
        <TranskribusMetadata docId="223975" pageId="9500482" pageNr="102" tsid="16578937" status="IN_PROGRESS" userId="40391" imgUrl="https://files.transkribus.eu/Get?id=ZUHKZSQEHCZLRKHHHMMHBOEU&amp;fileType=view" xmlUrl="https://files.transkribus.eu/Get?id=FAGPQZBNDXAZFUDVFAKBDYUT" imageId="6190704"/>
    </Metadata>
    <Page imageFilename="223975_0102.jpeg" imageWidth="3484" imageHeight="4256">
        <ReadingOrder>
            <OrderedGroup id="ro_1711449709399" caption="Regions reading order">
                <RegionRefIndexed index="0" regionRef="r1"/>
                <RegionRefIndexed index="1" regionRef="r2"/>
            </OrderedGroup>
        </ReadingOrder>
        <TextRegion orientation="0.0" id="r1" custom="readingOrder {index:0;}">
            <Coords points="326,214 326,3944 1979,3944 1979,214"/>
            <TextLine id="r1l1" custom="readingOrder {index:0;}">
                <Coords points="315,230 556,281 1824,281 1989,261 1990,189 315,184"/>
                <Baseline points="326,235 408,241 491,245 573,249 656,252 739,254 821,255 904,257 987,257 1069,257 1152,257 1235,256 1317,256 1400,255 1483,255 1565,254 1648,254 1731,254 1813,255 1896,256 1979,258"/>
                <TextEquiv>
                    <Unicode>16.1. Lebendige Stunden— zyklus</Unicode>
                </TextEquiv>
            </TextLine>
            <TextLine id="r1l2" custom="readingOrder {index:1;}">
                <Coords points="859,1605 1012,1548 1119,1571 1199,1557 1277,1603 1335,1604 1453,1686 1519,1685 1533,1601 1442,1571 1389,1513 1289,1519 1219,1479 1113,1460 934,1498 879,1487"/>
                <Baseline points="872,1592 903,1577 935,1563 967,1552 999,1544 1031,1538 1062,1535 1094,1535 1126,1537 1158,1542 1190,1547 1221,1556 1253,1565 1285,1577 1317,1590 1349,1604 1380,1619 1412,1634 1444,1650 1476,1666 1508,1681"/>
                <TextEquiv>
                    <Unicode>ger Goldschone,</Unicode>
                </TextEquiv>
            </TextLine>
            <TextLine id="r1l3" custom="readingOrder {index:2;}">
                <Coords points="716,1661 741,1667 747,1659 763,1661 773,1653 793,1652 835,1627 858,1633 872,1629 851,1556 830,1566 816,1563 807,1577 786,1570 778,1581 759,1574 736,1584 721,1582 698,1600"/>
                <Baseline points="721,1643 747,1639 774,1632 801,1622 828,1613 855,1609"/>
                <TextEquiv>
                    <Unicode>Ot:</Unicode>
                </TextEquiv>
            </TextLine>
            <TextLine id="r1l4" custom="readingOrder {index:3;}">
                <Coords points="906,1649 1104,1667 1140,1646 1264,1642 1300,1667 1331,1668 1333,1622 1262,1595 1241,1608 1190,1583 1142,1582 1102,1613 1014,1578 941,1594 908,1587"/>
                <Baseline points="917,1641 942,1639 967,1637 992,1636 1018,1635 1043,1635 1068,1635 1094,1635 1119,1636 1144,1637 1170,1639 1195,1641 1220,1643 1246,1646 1271,1650 1296,1653 1322,1657"/>
                <TextEquiv>
                    <Unicode>+ Bureau für 4</Unicode>
                </TextEquiv>
            </TextLine>
            <TextLine id="r1l5" custom="readingOrder {index:4;}">
                <Coords points="763,1709 1011,1735 1293,1725 1457,1756 1459,1700 1441,1695 1050,1683 998,1651 943,1676 766,1653"/>
                <Baseline points="774,1699 807,1703 841,1706 875,1708 908,1709 942,1711 976,1712 1009,1713 1043,1714 1077,1715 1111,1716 1144,1717 1178,1718 1212,1720 1245,1721 1279,1723 1313,1726 1346,1728 1380,1732 1414,1735 1448,1740"/>
                <TextEquiv>
                    <Unicode>Zeitungsausschnitte und Verlag</Unicode>
                </TextEquiv>
            </TextLine>
            <TextLine id="r1l6" custom="readingOrder {index:5;}">
                <Coords points="754,1743 880,1779 989,1767 1266,1802 1436,1796 1439,1744 755,1714"/>
                <Baseline points="764,1751 797,1752 830,1754 863,1756 896,1757 929,1759 962,1760 995,1762 1028,1763 1061,1765 1095,1767 1128,1768 1161,1770 1194,1772 1227,1774 1260,1775 1293,1777 1326,1779 1359,1780 1392,1782 1426,1783"/>
                <TextEquiv>
                    <Unicode>der Wissenschaftlichen Revue.</Unicode>
                </TextEquiv>
            </TextLine>
            <TextLine id="r1l7" custom="readingOrder {index:6;}">
                <Coords points="681,1834 1551,1877 1553,1817 1490,1796 684,1774"/>
                <Baseline points="693,1814 735,1816 777,1818 820,1820 862,1822 905,1823 947,1825 989,1826 1032,1828 1074,1830 1117,1831 1159,1833 1201,1834 1244,1836 1286,1838 1329,1840 1371,1842 1413,1844 1456,1845 1498,1847 1541,1850"/>
                <TextEquiv>
                    <Unicode>BERLIN N., Auguststr. 87 part.</Unicode>
                </TextEquiv>
            </TextLine>
            <TextLine id="r1l8" custom="readingOrder {index:7;}">
                <Coords points="824,1884 964,1903 1128,1890 1195,1914 1225,1892 1302,1915 1326,1897 1382,1904 1383,1865 1283,1843 1102,1860 1008,1843 980,1856 950,1834 826,1843"/>
                <Baseline points="834,1871 860,1872 887,1873 914,1874 941,1875 968,1876 995,1877 1022,1878 1049,1879 1076,1880 1103,1882 1129,1883 1156,1884 1183,1885 1210,1887 1237,1888 1264,1889 1291,1892 1318,1893 1345,1894 1372,1897"/>
                <TextEquiv>
                    <Unicode>Telephon Amt III. No. 3051.</Unicode>
                </TextEquiv>
            </TextLine>
            <TextLine id="r1l9" custom="readingOrder {index:8;}">
                <Coords points="1193,1950 1600,1965 1602,1921 1564,1901 1528,1916 1494,1895 1438,1892 1367,1914 1272,1915 1243,1903 1195,1913"/>
                <Baseline points="1204,1934 1229,1934 1255,1934 1281,1935 1306,1936 1332,1937 1358,1938 1384,1940 1409,1942 1435,1943 1461,1945 1487,1946 1512,1948 1538,1949 1564,1950 1590,1950"/>
                <TextEquiv>
                    <Unicode></Unicode>
                </TextEquiv>
            </TextLine>
            <TextLine id="r1l10" custom="readingOrder {index:9;}">
                <Coords points="594,1985 910,1998 931,1992 933,1939 834,1928 796,1935 737,1922 596,1925"/>
                <Baseline points="604,1975 630,1977 656,1978 683,1979 709,1980 735,1981 762,1981 788,1982 814,1983 841,1984 867,1986 893,1987 920,1991"/>
                <TextEquiv>
                    <Unicode>Teveramn-Arennet</Unicode>
                </TextEquiv>
            </TextLine>
            <TextLine id="r1l11" custom="readingOrder {index:10;}">
                <Coords points="952,2001 1043,2001 1066,2017 1089,1999 1133,1999 1151,2012 1190,1999 1229,2012 1273,2005 1269,1957 1248,1965 1209,1949 1102,1935 1037,1957 996,1945 955,1954"/>
                <Baseline points="963,1986 988,1985 1013,1985 1038,1985 1063,1987 1088,1987 1113,1989 1138,1990 1163,1992 1188,1993 1213,1995 1238,1996 1264,1997"/>
                <TextEquiv>
                    <Unicode>Ausschnitt</Unicode>
                </TextEquiv>
            </TextLine>
            <TextLine id="r1l12" custom="readingOrder {index:11;}">
                <Coords points="561,2043 597,2024 926,2039 928,1992 809,1999 655,1982 609,1991 585,1969 564,1968"/>
                <Baseline points="572,2015 598,2015 624,2016 651,2018 677,2018 704,2020 730,2022 757,2023 783,2024 810,2025 836,2026 863,2026 889,2027 916,2027"/>
                <TextEquiv>
                    <Unicode>GOLDSCHMDT. Auguststr.87.</Unicode>
                </TextEquiv>
            </TextLine>
            <TextLine id="r1l13" custom="readingOrder {index:12;}">
                <Coords points="1056,2041 1072,2040 1080,2048 1089,2046 1111,2058 1136,2044 1140,2048 1153,2048 1154,2005 1142,2003 1133,2009 1121,2000 1111,2004 1107,1999 1098,2003 1090,1999 1082,2007 1057,2002"/>
                <Baseline points="1066,2041 1091,2041 1116,2042 1142,2043"/>
                <TextEquiv>
                    <Unicode>aus</Unicode>
                </TextEquiv>
            </TextLine>
            <TextLine id="r1l14" custom="readingOrder {index:13;}">
                <Coords points="899,2315 1153,2314 1190,2328 1375,2314 1378,2238 1243,2233 1211,2205 1116,2208 1075,2189 1025,2206 1005,2195 988,2211 904,2191"/>
                <Baseline points="910,2293 935,2292 960,2292 985,2292 1010,2292 1036,2293 1061,2294 1086,2294 1111,2295 1137,2296 1162,2298 1187,2299 1212,2300 1237,2301 1263,2303 1288,2304 1313,2305 1338,2306 1364,2307"/>
                <TextEquiv>
                    <Unicode>IVorwärts, Berlin</Unicode>
                </TextEquiv>
            </TextLine>
            <TextLine id="r1l15" custom="readingOrder {index:14;}">
                <Coords points="544,2418 587,2412 609,2398 623,2398 644,2415 664,2416 672,2407 693,2405 680,2265 659,2265 644,2278 622,2268 575,2274 570,2281 532,2274"/>
                <Baseline points="553,2395 578,2392 604,2387 629,2384 655,2383 681,2387"/>
                <TextEquiv>
                    <Unicode>#</Unicode>
                </TextEquiv>
            </TextLine>
            <TextLine id="r1l16" custom="readingOrder {index:15;}">
                <Coords points="1096,2398 1134,2388 1156,2404 1203,2409 1237,2432 1256,2418 1317,2437 1391,2422 1394,2371 1371,2374 1349,2362 1328,2369 1287,2352 1266,2361 1252,2348 1227,2361 1176,2343 1157,2342 1131,2359 1099,2353"/>
                <Baseline points="1107,2402 1134,2398 1161,2397 1188,2397 1216,2398 1243,2401 1270,2403 1298,2406 1325,2410 1352,2411 1380,2412"/>
                <TextEquiv>
                    <Unicode>—7. 1. 02</Unicode>
                </TextEquiv>
            </TextLine>
            <TextLine id="r1l17" custom="readingOrder {index:16;}">
                <Coords points="612,2726 829,2747 908,2722 959,2747 1001,2722 1048,2739 1096,2720 1141,2747 1191,2725 1381,2729 1381,2684 1302,2665 612,2678"/>
                <Baseline points="623,2724 660,2723 697,2721 735,2721 772,2720 810,2720 847,2720 884,2720 922,2721 959,2721 997,2722 1034,2723 1071,2723 1109,2723 1146,2723 1184,2723 1221,2723 1258,2723 1296,2722 1333,2721 1371,2719"/>
                <TextEquiv>
                    <Unicode>Tebendige Bkunden.</Unicode>
                </TextEquiv>
            </TextLine>
            <TextLine id="r1l18" custom="readingOrder {index:17;}">
                <Coords points="788,2803 821,2788 863,2816 908,2795 947,2813 1017,2787 1073,2805 1121,2785 1189,2809 1188,2735 1143,2748 1105,2728 1012,2748 888,2737 787,2765"/>
                <Baseline points="799,2787 824,2787 849,2787 875,2786 900,2786 925,2786 951,2786 976,2786 1001,2785 1027,2785 1052,2785 1077,2784 1103,2783 1128,2783 1153,2782 1179,2780"/>
                <TextEquiv>
                    <Unicode>(Deutsches Theater.)</Unicode>
                </TextEquiv>
            </TextLine>
            <TextLine id="r1l19" custom="readingOrder {index:18;}">
                <Coords points="448,2831 934,2862 977,2828 1625,2832 1600,2784 448,2810"/>
                <Baseline points="458,2836 515,2837 573,2839 631,2840 689,2840 747,2841 804,2841 862,2841 920,2840 978,2840 1036,2839 1093,2839 1151,2838 1209,2837 1267,2836 1325,2836 1382,2836 1440,2835 1498,2835 1556,2836 1614,2836"/>
                <TextEquiv>
                    <Unicode>Keines der kleinen, unter diesem Namen vereinigten Stücke</Unicode>
                </TextEquiv>
            </TextLine>
            <TextLine id="r1l20" custom="readingOrder {index:19;}">
                <Coords points="753,2881 1557,2888 1631,2877 1631,2841 752,2846"/>
                <Baseline points="763,2879 805,2880 848,2880 891,2880 934,2880 977,2880 1020,2880 1062,2879 1105,2879 1148,2878 1191,2878 1234,2877 1277,2877 1320,2876 1362,2876 1405,2876 1448,2875 1491,2875 1534,2875 1577,2876 1620,2876"/>
                <TextEquiv>
                    <Unicode>sich zu jener Höhe, die er im Vorjahre</Unicode>
                </TextEquiv>
            </TextLine>
            <TextLine id="r1l21" custom="readingOrder {index:20;}">
                <Coords points="367,2878 471,2898 529,2883 583,2889 599,2874 642,2886 758,2882 758,2853 704,2849 688,2836 589,2854 574,2843 558,2854 444,2834 367,2845"/>
                <Baseline points="377,2877 403,2879 430,2880 456,2881 483,2881 509,2881 536,2881 562,2880 589,2879 615,2878 642,2878 668,2878 695,2878 721,2878 748,2879"/>
                <TextEquiv>
                    <Unicode>Schnitzlers erhob</Unicode>
                </TextEquiv>
            </TextLine>
            <TextLine id="r1l22" custom="readingOrder {index:21;}">
                <Coords points="371,2934 1638,2915 1638,2882 1500,2874 371,2881"/>
                <Baseline points="382,2922 444,2921 506,2921 568,2920 631,2919 693,2919 755,2919 817,2918 880,2918 942,2918 1004,2918 1066,2918 1129,2918 1191,2918 1253,2917 1315,2917 1378,2917 1440,2917 1502,2917 1564,2916 1627,2916"/>
                <TextEquiv>
                    <Unicode>mit seinem „Grünen Kakadu“, dem wunderbaren, phantastischen</Unicode>
                </TextEquiv>
            </TextLine>
            <TextLine id="r1l23" custom="readingOrder {index:22;}">
                <Coords points="385,2968 1427,2977 1632,2933 385,2935"/>
                <Baseline points="395,2959 456,2959 517,2959 578,2958 640,2958 701,2958 762,2958 824,2958 885,2958 946,2958 1008,2957 1069,2957 1130,2957 1191,2957 1253,2957 1314,2957 1375,2956 1437,2956 1498,2956 1559,2955 1621,2955"/>
                <TextEquiv>
                    <Unicode>Stimmungsbilde aus den Anfängen der großen Revolution</Unicode>
                </TextEquiv>
            </TextLine>
            <TextLine id="r1l24" custom="readingOrder {index:23;}">
                <Coords points="383,3004 1625,2998 1625,2969 1398,2952 383,2967"/>
                <Baseline points="393,3001 454,3000 515,2999 576,2998 637,2998 698,2997 759,2997 820,2997 881,2997 942,2997 1004,2997 1065,2997 1126,2997 1187,2997 1248,2996 1309,2996 1370,2995 1431,2995 1492,2994 1553,2993 1615,2991"/>
                <TextEquiv>
                    <Unicode>erreicht hatte. Aber daß ihm der größere Wurf gelungen,</Unicode>
                </TextEquiv>
            </TextLine>
            <TextLine id="r1l25" custom="readingOrder {index:24;}">
                <Coords points="371,3026 1618,3042 1618,2999 1283,2983 371,3001"/>
                <Baseline points="381,3041 442,3041 503,3040 564,3039 626,3038 687,3037 748,3037 810,3036 871,3035 932,3035 994,3034 1055,3034 1116,3033 1177,3033 1239,3033 1300,3032 1361,3032 1423,3032 1484,3031 1545,3031 1607,3031"/>
                <TextEquiv>
                    <Unicode>darf einen gegen das vielerlei Feine, Interessante und Nach¬</Unicode>
                </TextEquiv>
            </TextLine>
            <TextLine id="r1l26" custom="readingOrder {index:25;}">
                <Coords points="1406,3066 1432,3061 1485,3083 1540,3072 1598,3071 1625,3062 1624,3033 1587,3044 1546,3034 1513,3039 1502,3029 1482,3027 1465,3036 1453,3032 1422,3043 1405,3041"/>
                <Baseline points="1416,3071 1444,3070 1472,3070 1501,3070 1529,3069 1558,3069 1586,3068 1615,3067"/>
                <TextEquiv>
                    <Unicode>Einakter¬</Unicode>
                </TextEquiv>
            </TextLine>
            <TextLine id="r1l27" custom="readingOrder {index:26;}">
                <Coords points="1002,3079 1062,3084 1101,3061 1165,3087 1186,3076 1207,3095 1241,3067 1320,3085 1409,3061 1408,3028 1396,3026 1367,3039 1274,3040 1262,3053 1144,3034 1080,3047 1001,3041"/>
                <Baseline points="1011,3072 1036,3072 1062,3073 1088,3073 1114,3073 1140,3073 1165,3073 1191,3073 1217,3072 1243,3072 1269,3071 1294,3071 1320,3070 1346,3069 1372,3068 1398,3068"/>
                <TextEquiv>
                    <Unicode>in diesem neuen</Unicode>
                </TextEquiv>
            </TextLine>
            <TextLine id="r1l28" custom="readingOrder {index:27;}">
                <Coords points="811,3088 821,3088 833,3077 912,3085 924,3076 939,3076 949,3085 978,3080 988,3091 999,3090 998,3043 810,3036"/>
                <Baseline points="820,3074 848,3074 876,3073 904,3073 932,3073 960,3073 988,3073"/>
                <TextEquiv>
                    <Unicode>Dichter</Unicode>
                </TextEquiv>
            </TextLine>
            <TextLine id="r1l29" custom="readingOrder {index:28;}">
                <Coords points="375,3089 396,3097 423,3079 557,3089 603,3073 640,3093 712,3076 816,3086 815,3039 742,3036 693,3056 620,3037 529,3046 496,3030 436,3048 374,3029"/>
                <Baseline points="385,3083 411,3082 437,3081 463,3080 490,3079 516,3078 542,3077 569,3076 595,3076 621,3075 648,3074 674,3074 700,3074 727,3073 753,3073 779,3073 806,3074"/>
                <TextEquiv>
                    <Unicode>denkliche, das der</Unicode>
                </TextEquiv>
            </TextLine>
            <TextLine id="r1l30" custom="readingOrder {index:29;}">
                <Coords points="1221,3111 1298,3121 1540,3108 1622,3120 1622,3066 1610,3064 1533,3081 1467,3079 1436,3063 1318,3084 1221,3072"/>
                <Baseline points="1232,3110 1257,3109 1282,3109 1308,3109 1333,3109 1358,3109 1384,3109 1409,3109 1434,3109 1460,3109 1485,3109 1510,3109 1536,3109 1561,3108 1586,3108 1612,3106"/>
                <TextEquiv>
                    <Unicode>So breit der Ab¬</Unicode>
                </TextEquiv>
            </TextLine>
            <TextLine id="r1l31" custom="readingOrder {index:30;}">
                <Coords points="370,3105 504,3131 798,3107 1089,3126 1186,3112 1186,3090 1101,3062 1062,3083 807,3067 785,3090 671,3094 369,3079"/>
                <Baseline points="380,3119 419,3118 459,3117 499,3117 539,3116 578,3115 618,3115 658,3114 698,3114 737,3114 777,3113 817,3113 857,3112 896,3112 936,3112 976,3111 1016,3111 1055,3110 1095,3110 1135,3109 1175,3108"/>
                <TextEquiv>
                    <Unicode>Abende bot, nicht undankbar machen.</Unicode>
                </TextEquiv>
            </TextLine>
            <TextLine id="r1l32" custom="readingOrder {index:31;}">
                <Coords points="383,3173 1562,3160 1626,3151 1626,3106 383,3113"/>
                <Baseline points="393,3157 454,3155 515,3154 576,3153 637,3153 698,3152 759,3151 820,3151 881,3150 942,3150 1004,3150 1065,3149 1126,3149 1187,3149 1248,3149 1309,3148 1370,3148 1431,3147 1492,3147 1553,3146 1615,3145"/>
                <TextEquiv>
                    <Unicode>jstand ist, der die Kleinkunst dieser Bilder von der virtnosen</Unicode>
                </TextEquiv>
            </TextLine>
            <TextLine id="r1l33" custom="readingOrder {index:32;}">
                <Coords points="1419,3197 1446,3203 1464,3190 1481,3196 1489,3188 1531,3198 1537,3191 1580,3197 1588,3188 1603,3194 1623,3180 1638,3181 1638,3157 1577,3149 1555,3158 1532,3150 1487,3163 1462,3159 1443,3145 1429,3160 1418,3160"/>
                <Baseline points="1429,3184 1457,3186 1485,3186 1513,3186 1542,3185 1570,3184 1598,3183 1627,3183"/>
                <TextEquiv>
                    <Unicode>so breit</Unicode>
                </TextEquiv>
            </TextLine>
            <TextLine id="r1l34" custom="readingOrder {index:33;}">
                <Coords points="391,3196 1176,3208 1406,3197 1406,3155 390,3155"/>
                <Baseline points="402,3192 451,3191 501,3191 550,3191 600,3191 650,3191 699,3191 749,3191 799,3191 848,3191 898,3191 948,3190 997,3190 1047,3190 1097,3190 1146,3189 1196,3188 1246,3188 1295,3186 1345,3185 1395,3184"/>
                <TextEquiv>
                    <Unicode>KTresssicherheit jener historischen „Groteske“ trennt,</Unicode>
                </TextEquiv>
            </TextLine>
            <TextLine id="r1l35" custom="readingOrder {index:34;}">
                <Coords points="400,3237 1190,3251 1442,3214 1618,3244 1640,3177 399,3197"/>
                <Baseline points="411,3232 471,3232 532,3232 593,3231 654,3231 715,3230 776,3230 837,3229 898,3229 959,3228 1020,3228 1080,3227 1141,3227 1202,3226 1263,3226 1324,3225 1385,3225 1446,3224 1507,3224 1568,3224 1629,3223"/>
                <TextEquiv>
                    <Unicode>st auf der andern Seite auch der Abstand zwischen ihnen und der</Unicode>
                </TextEquiv>
            </TextLine>
            <TextLine id="r1l36" custom="readingOrder {index:35;}">
                <Coords points="403,3281 1534,3283 1637,3275 1637,3238 402,3236"/>
                <Baseline points="413,3273 473,3272 534,3271 595,3270 655,3269 716,3268 777,3268 837,3267 898,3267 959,3267 1020,3267 1080,3266 1141,3266 1202,3265 1262,3265 1323,3264 1384,3263 1444,3262 1505,3261 1566,3259 1627,3258"/>
                <TextEquiv>
                    <Unicode>Fabrikware der üblichen Theaterproduktion. Es war nicht immer</Unicode>
                </TextEquiv>
            </TextLine>
            <TextLine id="r1l37" custom="readingOrder {index:36;}">
                <Coords points="404,3313 1626,3312 1625,3271 1491,3264 403,3282"/>
                <Baseline points="414,3312 474,3311 534,3310 594,3309 654,3308 714,3308 774,3307 834,3307 894,3307 954,3307 1015,3306 1075,3306 1135,3306 1195,3305 1255,3305 1315,3304 1375,3303 1435,3302 1495,3301 1555,3300 1616,3298"/>
                <TextEquiv>
                    <Unicode>kin künstlerisch voll befriedigender Eindruck, der einem, wenn der</Unicode>
                </TextEquiv>
            </TextLine>
            <TextLine id="r1l38" custom="readingOrder {index:37;}">
                <Coords points="384,3364 1629,3337 1570,3304 384,3320"/>
                <Baseline points="394,3353 455,3352 516,3351 577,3350 638,3349 700,3349 761,3348 822,3348 883,3347 944,3347 1006,3346 1067,3346 1128,3345 1189,3344 1250,3344 1312,3343 1373,3342 1434,3341 1495,3339 1556,3338 1618,3336"/>
                <TextEquiv>
                    <Unicode>Vorhang fiel, verblieb, immer aber eine starke Auregung, welche</Unicode>
                </TextEquiv>
            </TextLine>
            <TextLine id="r1l39" custom="readingOrder {index:38;}">
                <Coords points="387,3394 1626,3402 1636,3339 387,3359"/>
                <Baseline points="397,3388 458,3388 519,3387 581,3387 642,3387 704,3386 765,3386 826,3386 888,3385 949,3385 1011,3385 1072,3384 1133,3384 1195,3383 1256,3383 1318,3382 1379,3381 1440,3380 1502,3379 1563,3377 1625,3375"/>
                <TextEquiv>
                    <Unicode>nicht so bald die Gedanken zur Ruhe kommen ließ. Man</Unicode>
                </TextEquiv>
            </TextLine>
            <TextLine id="r1l40" custom="readingOrder {index:39;}">
                <Coords points="379,3428 1632,3435 1632,3383 379,3393"/>
                <Baseline points="389,3427 450,3427 512,3427 573,3427 635,3426 697,3426 758,3426 820,3425 881,3425 943,3424 1005,3423 1066,3423 1128,3422 1189,3421 1251,3420 1313,3419 1374,3418 1436,3417 1497,3416 1559,3415 1621,3414"/>
                <TextEquiv>
                    <Unicode>hatte die Empfindung, daß man in guter Gesellschaft gewesen,</Unicode>
                </TextEquiv>
            </TextLine>
            <TextLine id="r1l41" custom="readingOrder {index:40;}">
                <Coords points="389,3473 1559,3468 1637,3449 1637,3414 388,3434"/>
                <Baseline points="399,3468 460,3468 521,3467 583,3467 644,3466 706,3466 767,3465 828,3465 890,3464 951,3463 1013,3463 1074,3462 1135,3462 1197,3461 1258,3460 1320,3459 1381,3458 1442,3457 1504,3456 1565,3455 1627,3454"/>
                <TextEquiv>
                    <Unicode>daß man jemandem zugehört, der, wenn er redet, auch wirklich</Unicode>
                </TextEquiv>
            </TextLine>
            <TextLine id="r1l42" custom="readingOrder {index:41;}">
                <Coords points="391,3507 1571,3509 1641,3448 390,3472"/>
                <Baseline points="402,3510 463,3508 524,3507 586,3505 647,3504 709,3503 770,3502 832,3501 893,3501 955,3500 1016,3500 1077,3499 1139,3499 1200,3499 1262,3498 1323,3498 1385,3497 1446,3497 1508,3496 1569,3495 1631,3494"/>
                <TextEquiv>
                    <Unicode>innerlich Erlebtes und mit ehrlichem Bemühen Durchgearbeitetes zu</Unicode>
                </TextEquiv>
            </TextLine>
            <TextLine id="r1l43" custom="readingOrder {index:42;}">
                <Coords points="382,3550 1552,3548 1633,3494 382,3519"/>
                <Baseline points="393,3549 454,3547 515,3546 577,3544 638,3543 700,3542 761,3541 823,3540 884,3539 946,3538 1007,3538 1068,3537 1130,3537 1191,3537 1253,3536 1314,3536 1376,3536 1437,3536 1499,3535 1560,3535 1622,3535"/>
                <TextEquiv>
                    <Unicode>sagen hat, irgend etwas, dem es nachzusinnen verlohnt. Und wie</Unicode>
                </TextEquiv>
            </TextLine>
            <TextLine id="r1l44" custom="readingOrder {index:43;}">
                <Coords points="386,3588 1639,3575 1638,3542 1429,3536 385,3550"/>
                <Baseline points="397,3587 458,3586 520,3585 581,3584 643,3583 705,3582 766,3581 828,3581 889,3580 951,3580 1013,3579 1074,3578 1136,3578 1197,3578 1259,3577 1321,3577 1382,3576 1444,3575 1505,3575 1567,3574 1629,3573"/>
                <TextEquiv>
                    <Unicode>selten ist das heute im Theater! Meist wird mit abgegriffenen</Unicode>
                </TextEquiv>
            </TextLine>
            <TextLine id="r1l45" custom="readingOrder {index:44;}">
                <Coords points="387,3649 1435,3633 1602,3623 1633,3581 386,3587"/>
                <Baseline points="396,3627 457,3625 518,3624 579,3623 641,3622 702,3622 763,3621 825,3620 886,3620 947,3619 1009,3618 1070,3618 1131,3617 1192,3617 1254,3616 1315,3615 1376,3614 1438,3614 1499,3613 1560,3612 1622,3611"/>
                <TextEquiv>
                    <Unicode>Rechenpfennigen der billigsten Allerweltsweisheit und Rontine ge¬</Unicode>
                </TextEquiv>
            </TextLine>
            <TextLine id="r1l46" custom="readingOrder {index:45;}">
                <Coords points="385,3669 1638,3647 1383,3615 385,3648"/>
                <Baseline points="395,3667 456,3666 518,3664 579,3663 641,3662 703,3661 764,3660 826,3660 887,3659 949,3658 1011,3657 1072,3657 1134,3656 1195,3655 1257,3654 1319,3654 1380,3653 1442,3651 1503,3650 1565,3649 1627,3647"/>
                <TextEquiv>
                    <Unicode>rzahlt; und wenn man einmal „originell sein will, da pflegt an Stelle</Unicode>
                </TextEquiv>
            </TextLine>
            <TextLine id="r1l47" custom="readingOrder {index:46;}">
                <Coords points="397,3707 1642,3691 1641,3656 1494,3650 397,3671"/>
                <Baseline points="407,3704 468,3703 529,3702 590,3701 651,3701 713,3700 774,3699 835,3699 896,3698 957,3698 1019,3697 1080,3696 1141,3696 1202,3695 1263,3695 1325,3694 1386,3693 1447,3691 1508,3690 1569,3688 1631,3686"/>
                <TextEquiv>
                    <Unicode>des trivialen Sinnes der bare, verworren stammelnde Unsinn zu</Unicode>
                </TextEquiv>
            </TextLine>
            <TextLine id="r1l48" custom="readingOrder {index:47;}">
                <Coords points="383,3738 1472,3750 1621,3730 1637,3692 382,3713"/>
                <Baseline points="394,3746 455,3744 517,3742 579,3741 640,3740 702,3739 764,3738 825,3737 887,3736 949,3736 1011,3735 1072,3735 1134,3734 1196,3734 1257,3733 1319,3733 1381,3732 1442,3731 1504,3731 1566,3730 1628,3729"/>
                <TextEquiv>
                    <Unicode>Ptreten, ein peinlich impotentes Sichhinaufschrauben wollen, bei welchem</Unicode>
                </TextEquiv>
            </TextLine>
            <TextLine id="r1l49" custom="readingOrder {index:48;}">
                <Coords points="389,3793 1284,3764 1283,3737 1223,3733 388,3743"/>
                <Baseline points="400,3786 443,3784 487,3782 530,3781 574,3779 618,3778 661,3777 705,3777 749,3776 792,3776 836,3776 880,3775 923,3775 967,3775 1011,3774 1054,3774 1098,3773 1142,3773 1185,3772 1229,3771 1273,3769"/>
                <TextEquiv>
                    <Unicode>Kopf und Herz womöglich noch leerer ausgehen.</Unicode>
                </TextEquiv>
            </TextLine>
            <TextLine id="r1l50" custom="readingOrder {index:49;}">
                <Coords points="466,3816 1550,3818 1647,3809 1647,3773 466,3787"/>
                <Baseline points="477,3818 538,3817 599,3815 660,3814 721,3813 782,3812 843,3812 904,3812 965,3811 1026,3811 1087,3811 1148,3811 1209,3810 1270,3810 1331,3809 1392,3808 1453,3807 1514,3806 1575,3804 1636,3802"/>
                <TextEquiv>
                    <Unicode>Die Reihenfolge, in welcher die drei ernsten Einakter — ein</Unicode>
                </TextEquiv>
            </TextLine>
            <TextLine id="r1l51" custom="readingOrder {index:50;}">
                <Coords points="387,3859 1632,3844 1631,3815 1485,3804 540,3829 449,3798 387,3836"/>
                <Baseline points="398,3856 459,3855 520,3854 581,3852 642,3852 703,3851 764,3851 826,3851 887,3850 948,3850 1009,3850 1070,3850 1131,3850 1192,3849 1254,3849 1315,3848 1376,3847 1437,3846 1498,3845 1559,3843 1621,3841"/>
                <TextEquiv>
                    <Unicode>fröhlicher Schwank machte den Abschluß — aufgeführt wurden, ent¬</Unicode>
                </TextEquiv>
            </TextLine>
            <TextLine id="r1l52" custom="readingOrder {index:51;}">
                <Coords points="386,3917 1627,3890 1626,3847 386,3861"/>
                <Baseline points="397,3900 458,3899 519,3897 580,3896 641,3895 702,3895 763,3894 824,3894 885,3893 946,3893 1007,3892 1068,3892 1129,3891 1190,3891 1251,3890 1312,3888 1373,3887 1434,3885 1495,3882 1556,3880 1617,3876"/>
                <TextEquiv>
                    <Unicode>sprach der Stufenfolge und der Steigerung ihres Wertes. Das erste</Unicode>
                </TextEquiv>
            </TextLine>
            <TextLine id="r1l53" custom="readingOrder {index:52;}">
                <Coords points="374,3961 1513,3946 1647,3930 1647,3886 373,3909"/>
                <Baseline points="385,3933 447,3934 510,3934 572,3934 635,3934 697,3934 760,3933 822,3933 885,3932 947,3931 1010,3930 1073,3929 1135,3928 1198,3927 1260,3926 1323,3925 1385,3924 1448,3922 1510,3921 1573,3920 1636,3919"/>
                <TextEquiv>
                    <Unicode>Stückchen, die „Lebendigen Stunden“, steht hinter den</Unicode>
                </TextEquiv>
            </TextLine>
            <TextEquiv>
                <Unicode>16.1. Lebendige Stunden— zyklus
ger Goldschone,
Ot:
+ Bureau für 4
Zeitungsausschnitte und Verlag
der Wissenschaftlichen Revue.
BERLIN N., Auguststr. 87 part.
Telephon Amt III. No. 3051.

Teveramn-Arennet
Ausschnitt
GOLDSCHMDT. Auguststr.87.
aus
IVorwärts, Berlin
#
—7. 1. 02
Tebendige Bkunden.
(Deutsches Theater.)
Keines der kleinen, unter diesem Namen vereinigten Stücke
sich zu jener Höhe, die er im Vorjahre
Schnitzlers erhob
mit seinem „Grünen Kakadu“, dem wunderbaren, phantastischen
Stimmungsbilde aus den Anfängen der großen Revolution
erreicht hatte. Aber daß ihm der größere Wurf gelungen,
darf einen gegen das vielerlei Feine, Interessante und Nach¬
Einakter¬
in diesem neuen
Dichter
denkliche, das der
So breit der Ab¬
Abende bot, nicht undankbar machen.
jstand ist, der die Kleinkunst dieser Bilder von der virtnosen
so breit
KTresssicherheit jener historischen „Groteske“ trennt,
st auf der andern Seite auch der Abstand zwischen ihnen und der
Fabrikware der üblichen Theaterproduktion. Es war nicht immer
kin künstlerisch voll befriedigender Eindruck, der einem, wenn der
Vorhang fiel, verblieb, immer aber eine starke Auregung, welche
nicht so bald die Gedanken zur Ruhe kommen ließ. Man
hatte die Empfindung, daß man in guter Gesellschaft gewesen,
daß man jemandem zugehört, der, wenn er redet, auch wirklich
innerlich Erlebtes und mit ehrlichem Bemühen Durchgearbeitetes zu
sagen hat, irgend etwas, dem es nachzusinnen verlohnt. Und wie
selten ist das heute im Theater! Meist wird mit abgegriffenen
Rechenpfennigen der billigsten Allerweltsweisheit und Rontine ge¬
rzahlt; und wenn man einmal „originell sein will, da pflegt an Stelle
des trivialen Sinnes der bare, verworren stammelnde Unsinn zu
Ptreten, ein peinlich impotentes Sichhinaufschrauben wollen, bei welchem
Kopf und Herz womöglich noch leerer ausgehen.
Die Reihenfolge, in welcher die drei ernsten Einakter — ein
fröhlicher Schwank machte den Abschluß — aufgeführt wurden, ent¬
sprach der Stufenfolge und der Steigerung ihres Wertes. Das erste
Stückchen, die „Lebendigen Stunden“, steht hinter den</Unicode>
            </TextEquiv>
        </TextRegion>
        <TextRegion orientation="0.0" id="r2" custom="readingOrder {index:1;}">
            <Coords points="2028,216 2028,4164 3387,4164 3387,216"/>
            <TextLine id="r2l1" custom="readingOrder {index:0;}">
                <Coords points="2140,249 2234,263 2353,242 2375,257 2406,243 2460,267 2582,261 2583,201 2544,184 2488,183 2467,199 2370,185 2337,213 2261,187 2141,189"/>
                <Baseline points="2150,236 2176,236 2202,236 2229,236 2255,237 2281,238 2308,239 2334,239 2361,240 2387,241 2413,241 2440,242 2466,242 2492,243 2519,243 2545,242 2572,241"/>
                <TextEquiv>
                    <Unicode>box 21/2</Unicode>
                </TextEquiv>
            </TextLine>
            <TextLine id="r2l2" custom="readingOrder {index:1;}">
                <Coords points="2021,418 3388,429 3388,364 2021,377"/>
                <Baseline points="2031,411 2098,411 2165,411 2232,411 2300,411 2367,411 2434,411 2502,411 2569,411 2636,411 2704,411 2771,411 2838,411 2905,411 2973,411 3040,411 3107,412 3175,412 3242,413 3309,413 3377,414"/>
                <TextEquiv>
                    <Unicode>folgenden bedeutend zurück. Es wirkt durch den Ernst und die Tiefe! Spita</Unicode>
                </TextEquiv>
            </TextLine>
            <TextLine id="r2l3" custom="readingOrder {index:2;}">
                <Coords points="2017,454 3382,463 3382,421 3260,404 2017,429"/>
                <Baseline points="2028,449 2095,449 2162,449 2229,449 2296,449 2364,450 2431,450 2498,450 2565,450 2632,450 2700,450 2767,450 2834,450 2901,450 2968,450 3036,451 3103,451 3170,451 3237,451 3304,451 3372,451"/>
                <TextEquiv>
                    <Unicode>der angeschlagenen Probleme, aber die Figuren bleiben allzusehr sprechg</Unicode>
                </TextEquiv>
            </TextLine>
            <TextLine id="r2l4" custom="readingOrder {index:3;}">
                <Coords points="2029,491 3382,500 3382,450 2029,460"/>
                <Baseline points="2039,488 2105,488 2172,487 2238,487 2305,488 2372,488 2438,488 2505,488 2572,489 2638,489 2705,490 2772,490 2838,490 2905,491 2972,491 3038,490 3105,490 3172,490 3238,489 3305,488 3372,487"/>
                <TextEquiv>
                    <Unicode>Schattenriß, um lebhafter zu interessieren. Eine Frau, die von töd= denen</Unicode>
                </TextEquiv>
            </TextLine>
            <TextLine id="r2l5" custom="readingOrder {index:4;}">
                <Coords points="3258,529 3294,531 3304,527 3308,531 3335,533 3345,527 3351,531 3362,525 3380,527 3380,498 3360,494 3351,498 3337,490 3318,494 3312,490 3289,492 3285,488 3281,492 3258,492"/>
                <Baseline points="3269,523 3294,524 3319,524 3344,524 3369,523"/>
                <TextEquiv>
                    <Unicode>Wilder</Unicode>
                </TextEquiv>
            </TextLine>
            <TextLine id="r2l6" custom="readingOrder {index:5;}">
                <Coords points="2021,526 3108,539 3239,533 3239,489 2021,501"/>
                <Baseline points="2031,525 2090,525 2150,525 2210,525 2270,526 2330,526 2390,527 2449,527 2509,528 2569,528 2629,529 2689,529 2749,529 2809,529 2868,529 2928,529 2988,529 3048,528 3108,527 3168,526 3228,525"/>
                <TextEquiv>
                    <Unicode>lichem Siechtum befallen ist, hat heimlich Gift genommen, nicht weil</Unicode>
                </TextEquiv>
            </TextLine>
            <TextLine id="r2l7" custom="readingOrder {index:6;}">
                <Coords points="2021,557 3241,572 3241,530 3193,528 2021,535"/>
                <Baseline points="2031,566 2091,565 2151,564 2211,564 2271,563 2331,563 2391,563 2451,564 2511,564 2571,565 2631,565 2691,566 2751,566 2811,566 2871,567 2931,567 2991,566 3051,566 3111,565 3171,564 3231,563"/>
                <TextEquiv>
                    <Unicode>sie selbst ihr Leiden nicht länger ertragen mag — denn noch immer</Unicode>
                </TextEquiv>
            </TextLine>
            <TextLine id="r2l8" custom="readingOrder {index:7;}">
                <Coords points="3259,571 3284,572 3288,576 3296,576 3300,572 3310,575 3317,571 3331,571 3341,580 3352,580 3353,541 3334,542 3324,532 3314,529 3307,531 3303,527 3295,531 3260,528"/>
                <Baseline points="3270,565 3306,563 3342,567"/>
                <TextEquiv>
                    <Unicode>sich</Unicode>
                </TextEquiv>
            </TextLine>
            <TextLine id="r2l9" custom="readingOrder {index:8;}">
                <Coords points="3260,606 3304,606 3310,612 3316,612 3339,602 3353,604 3353,579 3339,579 3331,571 3316,571 3310,575 3300,573 3294,577 3287,577 3283,573 3260,573"/>
                <Baseline points="3270,601 3307,599 3344,601"/>
                <TextEquiv>
                    <Unicode>das</Unicode>
                </TextEquiv>
            </TextLine>
            <TextLine id="r2l10" custom="readingOrder {index:9;}">
                <Coords points="2025,601 3241,607 3241,570 3195,566 2025,566"/>
                <Baseline points="2035,606 2094,604 2154,604 2214,603 2274,603 2334,603 2393,603 2453,603 2513,603 2573,603 2633,604 2692,604 2752,604 2812,604 2872,604 2932,604 2991,604 3051,603 3111,602 3171,601 3231,599"/>
                <TextEquiv>
                    <Unicode>findet sie Stunden der Tröstung in der treuen Liebe eines alten</Unicode>
                </TextEquiv>
            </TextLine>
            <TextLine id="r2l11" custom="readingOrder {index:10;}">
                <Coords points="3253,650 3271,646 3278,652 3292,645 3336,652 3346,645 3367,655 3383,656 3382,613 3365,611 3350,597 3340,608 3334,604 3316,613 3303,605 3287,608 3266,602 3262,607 3251,607"/>
                <Baseline points="3264,644 3291,640 3318,639 3345,639 3373,639"/>
                <TextEquiv>
                    <Unicode>hören,</Unicode>
                </TextEquiv>
            </TextLine>
            <TextLine id="r2l12" custom="readingOrder {index:11;}">
                <Coords points="2314,645 3257,657 3228,605 2314,616"/>
                <Baseline points="2324,641 2370,641 2416,641 2462,641 2508,642 2554,642 2600,642 2646,642 2692,642 2738,642 2785,642 2831,642 2877,642 2923,642 2969,642 3015,641 3061,641 3107,641 3153,641 3199,640 3246,640"/>
                <TextEquiv>
                    <Unicode>sondern weil ihr Leiden als furchtbarer und</Unicode>
                </TextEquiv>
            </TextLine>
            <TextLine id="r2l13" custom="readingOrder {index:12;}">
                <Coords points="2027,661 2083,655 2093,646 2110,654 2122,649 2145,655 2153,648 2184,651 2227,643 2226,608 2201,607 2187,616 2170,614 2160,604 2123,616 2116,610 2086,613 2075,607 2026,618"/>
                <Baseline points="2037,649 2062,646 2088,644 2114,643 2139,643 2165,642 2191,642 2217,640"/>
                <TextEquiv>
                    <Unicode>Freundes</Unicode>
                </TextEquiv>
            </TextLine>
            <TextLine id="r2l14" custom="readingOrder {index:13;}">
                <Coords points="2283,655 2295,653 2298,655 2302,652 2306,654 2320,652 2315,615 2305,616 2298,613 2297,616 2289,621 2279,622"/>
                <Baseline points="2292,646 2308,644"/>
                <TextEquiv>
                    <Unicode></Unicode>
                </TextEquiv>
            </TextLine>
            <TextLine id="r2l15" custom="readingOrder {index:14;}">
                <Coords points="3263,687 3282,690 3294,684 3306,684 3317,692 3327,692 3354,685 3360,689 3368,680 3381,680 3380,653 3363,651 3359,647 3312,651 3291,645 3283,649 3262,648"/>
                <Baseline points="3273,677 3305,678 3338,677 3371,675"/>
                <TextEquiv>
                    <Unicode>Arme</Unicode>
                </TextEquiv>
            </TextLine>
            <TextLine id="r2l16" custom="readingOrder {index:15;}">
                <Coords points="2032,677 3242,688 3242,651 3157,639 2032,654"/>
                <Baseline points="2043,682 2102,681 2161,681 2221,681 2280,680 2340,680 2399,680 2459,680 2518,680 2578,680 2637,680 2696,679 2756,679 2815,679 2875,679 2934,679 2994,679 3053,679 3113,678 3172,678 3232,678"/>
                <TextEquiv>
                    <Unicode>entnervender Gram auf der Seele ihres Sohnes lastet.</Unicode>
                </TextEquiv>
            </TextLine>
            <TextLine id="r2l17" custom="readingOrder {index:16;}">
                <Coords points="3259,721 3296,721 3309,727 3331,723 3342,715 3356,725 3393,723 3394,670 3375,668 3356,686 3334,688 3327,684 3317,692 3307,684 3259,688"/>
                <Baseline points="3270,715 3298,716 3327,715 3355,715 3384,717"/>
                <TextEquiv>
                    <Unicode>wie n</Unicode>
                </TextEquiv>
            </TextLine>
            <TextLine id="r2l18" custom="readingOrder {index:17;}">
                <Coords points="2025,730 3239,734 3239,687 3100,676 2025,683"/>
                <Baseline points="2035,723 2094,722 2154,721 2214,720 2273,719 2333,719 2393,719 2452,719 2512,719 2572,719 2632,719 2691,719 2751,719 2811,719 2870,719 2930,719 2990,719 3049,719 3109,719 3169,719 3229,718"/>
                <TextEquiv>
                    <Unicode>Er ist ein Künstler, aber seit ihre Krankheit die furchtbare Wendung</Unicode>
                </TextEquiv>
            </TextLine>
            <TextLine id="r2l19" custom="readingOrder {index:18;}">
                <Coords points="3256,763 3271,759 3283,763 3291,759 3314,767 3337,763 3347,769 3358,761 3368,765 3374,759 3384,759 3384,724 3370,722 3364,726 3343,717 3308,728 3296,719 3291,724 3281,719 3256,724"/>
                <Baseline points="3266,755 3293,755 3320,756 3347,755 3374,755"/>
                <TextEquiv>
                    <Unicode>heuche</Unicode>
                </TextEquiv>
            </TextLine>
            <TextLine id="r2l20" custom="readingOrder {index:19;}">
                <Coords points="2023,759 3253,762 3237,729 3079,717 2023,734"/>
                <Baseline points="2034,762 2094,761 2154,760 2215,759 2275,759 2336,758 2396,758 2456,758 2517,758 2577,758 2638,758 2698,758 2758,758 2819,758 2879,758 2940,757 3000,757 3060,756 3121,756 3181,755 3242,754"/>
                <TextEquiv>
                    <Unicode>nahm, ist seine Schaffenskraft, von der die Freunde viel, das über¬</Unicode>
                </TextEquiv>
            </TextLine>
            <TextLine id="r2l21" custom="readingOrder {index:20;}">
                <Coords points="2027,800 3379,808 3379,763 3257,751 2027,771"/>
                <Baseline points="2036,802 2102,800 2169,798 2235,797 2302,796 2369,795 2435,795 2502,795 2569,795 2635,796 2702,796 2769,796 2835,797 2902,797 2969,797 3035,797 3102,796 3169,795 3235,794 3302,793 3369,790"/>
                <TextEquiv>
                    <Unicode>schwenglich liebende Mutterherz alles erwartet hat, gebrochen. So singen</Unicode>
                </TextEquiv>
            </TextLine>
            <TextLine id="r2l22" custom="readingOrder {index:21;}">
                <Coords points="3250,835 3310,835 3323,841 3339,837 3356,845 3370,837 3383,837 3382,808 3341,808 3324,800 3269,800 3250,794"/>
                <Baseline points="3261,831 3289,829 3317,829 3345,830 3373,829"/>
                <TextEquiv>
                    <Unicode>kleinen</Unicode>
                </TextEquiv>
            </TextLine>
            <TextLine id="r2l23" custom="readingOrder {index:22;}">
                <Coords points="2021,847 3253,845 3253,810 3189,795 2021,805"/>
                <Baseline points="2031,838 2091,837 2152,836 2212,835 2273,835 2334,834 2394,834 2455,834 2515,834 2576,834 2637,834 2697,834 2758,834 2818,835 2879,835 2940,835 3000,835 3061,834 3121,834 3182,834 3243,833"/>
                <TextEquiv>
                    <Unicode>reifte der Entschluß eines stillen, vor aller Welt verborgenen Opfer¬</Unicode>
                </TextEquiv>
            </TextLine>
            <TextLine id="r2l24" custom="readingOrder {index:23;}">
                <Coords points="3252,881 3265,881 3271,875 3296,877 3298,874 3320,876 3325,880 3333,874 3343,882 3351,873 3366,875 3365,844 3334,845 3320,837 3280,835 3272,836 3262,846 3252,846"/>
                <Baseline points="3263,869 3294,867 3325,868 3356,866"/>
                <TextEquiv>
                    <Unicode>Man</Unicode>
                </TextEquiv>
            </TextLine>
            <TextLine id="r2l25" custom="readingOrder {index:24;}">
                <Coords points="2031,876 3185,884 3253,880 3253,845 2031,851"/>
                <Baseline points="2042,877 2102,876 2162,874 2222,874 2282,873 2342,872 2402,872 2462,872 2522,872 2582,871 2642,871 2702,871 2762,872 2822,872 2882,872 2942,872 3002,871 3062,871 3122,871 3182,871 3242,870"/>
                <TextEquiv>
                    <Unicode>todes in ihr. Nur dem alten Freunde hat sie in der letzten Stunde</Unicode>
                </TextEquiv>
            </TextLine>
            <TextLine id="r2l26" custom="readingOrder {index:25;}">
                <Coords points="3259,910 3274,914 3303,913 3309,917 3317,913 3344,925 3352,917 3361,919 3365,914 3379,914 3379,881 3368,881 3362,875 3352,873 3344,882 3335,876 3325,880 3321,876 3300,874 3259,875"/>
                <Baseline points="3270,908 3302,906 3335,906 3368,906"/>
                <TextEquiv>
                    <Unicode>klingt</Unicode>
                </TextEquiv>
            </TextLine>
            <TextLine id="r2l27" custom="readingOrder {index:26;}">
                <Coords points="2025,924 3247,924 3218,876 2025,876"/>
                <Baseline points="2035,919 2095,917 2155,915 2215,914 2275,913 2335,912 2395,912 2455,911 2515,911 2575,911 2635,911 2695,911 2755,911 2815,911 2875,911 2935,911 2995,911 3055,911 3115,910 3175,909 3236,908"/>
                <TextEquiv>
                    <Unicode>geschrieben, daß sie freiwillig, daß sie aus Liebe für den Sohn ein</Unicode>
                </TextEquiv>
            </TextLine>
            <TextLine id="r2l28" custom="readingOrder {index:27;}">
                <Coords points="3258,953 3289,962 3332,953 3345,965 3357,959 3361,964 3388,964 3389,919 3364,914 3356,920 3335,922 3323,913 3308,919 3300,913 3277,915 3259,910"/>
                <Baseline points="3269,944 3296,945 3323,945 3350,945 3378,947"/>
                <TextEquiv>
                    <Unicode>ist das</Unicode>
                </TextEquiv>
            </TextLine>
            <TextLine id="r2l29" custom="readingOrder {index:28;}">
                <Coords points="2035,949 3245,955 3245,920 3079,908 2035,920"/>
                <Baseline points="2045,954 2104,953 2163,952 2223,951 2282,951 2342,951 2401,950 2461,950 2520,950 2580,950 2639,950 2698,950 2758,950 2817,950 2877,950 2936,949 2996,949 3055,949 3115,949 3174,949 3234,948"/>
                <TextEquiv>
                    <Unicode>Ende machen wolle; er soll das als unverbrüchliches Geheimnis be¬</Unicode>
                </TextEquiv>
            </TextLine>
            <TextLine id="r2l30" custom="readingOrder {index:29;}">
                <Coords points="3261,992 3290,990 3300,992 3308,1000 3317,1000 3327,991 3341,999 3356,989 3370,990 3370,951 3353,953 3343,964 3330,952 3320,954 3314,950 3301,963 3289,963 3277,955 3260,959"/>
                <Baseline points="3271,985 3300,985 3329,985 3359,983"/>
                <TextEquiv>
                    <Unicode>regt.</Unicode>
                </TextEquiv>
            </TextLine>
            <TextLine id="r2l31" custom="readingOrder {index:30;}">
                <Coords points="2555,988 3240,998 3240,957 3180,951 2555,955"/>
                <Baseline points="2565,990 2598,990 2631,989 2664,989 2698,988 2731,988 2764,988 2797,988 2831,987 2864,987 2897,987 2930,987 2964,987 2997,987 3030,987 3063,987 3097,987 3130,987 3163,987 3196,987 3230,987"/>
                <TextEquiv>
                    <Unicode>das ist der Inhalt des Schnitzlerschen</Unicode>
                </TextEquiv>
            </TextLine>
            <TextLine id="r2l32" custom="readingOrder {index:31;}">
                <Coords points="2032,992 2456,1004 2560,982 2559,960 2489,966 2408,940 2373,959 2233,957 2214,974 2150,953 2032,961"/>
                <Baseline points="2042,991 2067,992 2092,992 2118,992 2143,992 2169,992 2194,992 2219,992 2245,991 2270,991 2296,991 2321,991 2346,991 2372,990 2397,990 2423,989 2448,989 2473,988 2499,988 2524,987 2550,986"/>
                <TextEquiv>
                    <Unicode>wahren. Und nun stößt —</Unicode>
                </TextEquiv>
            </TextLine>
            <TextLine id="r2l33" custom="readingOrder {index:32;}">
                <Coords points="3256,1039 3266,1039 3280,1029 3301,1030 3305,1034 3309,1030 3324,1034 3334,1030 3344,1036 3357,1029 3365,1033 3375,1023 3388,1023 3387,1004 3377,1004 3362,990 3340,1001 3327,991 3307,999 3298,991 3273,992 3265,986 3255,986"/>
                <Baseline points="3265,1025 3293,1024 3321,1023 3349,1023 3377,1023"/>
                <TextEquiv>
                    <Unicode>Todes</Unicode>
                </TextEquiv>
            </TextLine>
            <TextLine id="r2l34" custom="readingOrder {index:33;}">
                <Coords points="2031,1031 3251,1040 3251,998 2031,1012"/>
                <Baseline points="2041,1030 2101,1029 2161,1029 2221,1028 2281,1028 2341,1028 2401,1028 2461,1027 2521,1028 2581,1028 2641,1028 2701,1028 2761,1028 2821,1028 2881,1028 2941,1027 3001,1027 3061,1027 3121,1026 3181,1025 3241,1024"/>
                <TextEquiv>
                    <Unicode>Dramoletts — die abgrundtiefe Verzweiflung und der zornige Gram</Unicode>
                </TextEquiv>
            </TextLine>
            <TextLine id="r2l35" custom="readingOrder {index:34;}">
                <Coords points="3263,1073 3280,1072 3284,1076 3300,1066 3313,1075 3348,1069 3360,1078 3371,1076 3379,1082 3393,1083 3394,1037 3334,1030 3305,1035 3299,1029 3283,1028 3264,1032"/>
                <Baseline points="3274,1061 3301,1061 3329,1061 3356,1061 3384,1065"/>
                <TextEquiv>
                    <Unicode>Stann</Unicode>
                </TextEquiv>
            </TextLine>
            <TextLine id="r2l36" custom="readingOrder {index:35;}">
                <Coords points="2032,1073 3247,1075 3220,1032 2032,1042"/>
                <Baseline points="2043,1066 2102,1067 2162,1068 2222,1068 2281,1069 2341,1069 2401,1069 2460,1068 2520,1068 2580,1068 2640,1067 2699,1067 2759,1066 2819,1066 2878,1066 2938,1065 2998,1065 3057,1065 3117,1065 3177,1065 3237,1066"/>
                <TextEquiv>
                    <Unicode>des Alten, dem jene Frau das höchste Gut des Lebens war,</Unicode>
                </TextEquiv>
            </TextLine>
            <TextLine id="r2l37" custom="readingOrder {index:36;}">
                <Coords points="3256,1110 3281,1108 3294,1110 3300,1116 3325,1108 3351,1108 3360,1116 3380,1112 3380,1073 3347,1069 3333,1073 3322,1069 3314,1075 3306,1067 3281,1073 3256,1069"/>
                <Baseline points="3267,1101 3293,1103 3319,1103 3345,1103 3371,1101"/>
                <TextEquiv>
                    <Unicode>ahnnn</Unicode>
                </TextEquiv>
            </TextLine>
            <TextLine id="r2l38" custom="readingOrder {index:37;}">
                <Coords points="2032,1108 3252,1112 3252,1077 3115,1069 2032,1073"/>
                <Baseline points="2042,1108 2105,1108 2168,1108 2231,1108 2294,1108 2357,1107 2420,1107 2483,1107 2546,1107 2609,1107 2673,1107 2736,1107 2799,1107 2862,1106 2925,1106 2988,1106 3051,1105 3114,1105 3177,1104 3241,1103"/>
                <TextEquiv>
                    <Unicode>mit dem jugendlich leichteren Schmerz des Jünglings zusammen.</Unicode>
                </TextEquiv>
            </TextLine>
            <TextLine id="r2l39" custom="readingOrder {index:38;}">
                <Coords points="3253,1159 3267,1161 3282,1148 3294,1152 3302,1145 3317,1151 3321,1147 3368,1146 3367,1108 3326,1107 3316,1116 3306,1118 3293,1110 3270,1109 3266,1105 3252,1107"/>
                <Baseline points="3263,1143 3294,1141 3325,1142 3357,1139"/>
                <TextEquiv>
                    <Unicode>trollt</Unicode>
                </TextEquiv>
            </TextLine>
            <TextLine id="r2l40" custom="readingOrder {index:39;}">
                <Coords points="2033,1159 3255,1152 3255,1109 2033,1105"/>
                <Baseline points="2043,1147 2103,1146 2163,1146 2223,1146 2283,1146 2343,1145 2403,1145 2463,1145 2523,1146 2583,1146 2644,1146 2704,1146 2764,1146 2824,1146 2884,1145 2944,1145 3004,1145 3064,1144 3124,1143 3184,1143 3245,1141"/>
                <TextEquiv>
                    <Unicode>Ein unbezwingliches Bedürfnis packt ihn, an dem, den er als</Unicode>
                </TextEquiv>
            </TextLine>
            <TextLine id="r2l41" custom="readingOrder {index:40;}">
                <Coords points="3255,1184 3265,1184 3280,1196 3292,1192 3306,1196 3321,1186 3337,1197 3354,1186 3393,1193 3394,1147 3375,1149 3371,1145 3358,1151 3331,1145 3317,1151 3309,1147 3276,1151 3255,1144"/>
                <Baseline points="3266,1177 3295,1178 3324,1177 3353,1177 3382,1179"/>
                <TextEquiv>
                    <Unicode>meiste</Unicode>
                </TextEquiv>
            </TextLine>
            <TextLine id="r2l42" custom="readingOrder {index:41;}">
                <Coords points="2025,1183 3212,1197 3249,1149 2025,1161"/>
                <Baseline points="2035,1186 2095,1186 2155,1185 2215,1185 2275,1185 2336,1185 2396,1185 2456,1185 2516,1185 2576,1185 2637,1185 2697,1185 2757,1185 2817,1185 2877,1185 2938,1184 2998,1184 3058,1183 3118,1182 3178,1182 3239,1181"/>
                <TextEquiv>
                    <Unicode>ahnungslosen Mörder jenes Höchsten haßt, furchtbare Strafe zu</Unicode>
                </TextEquiv>
            </TextLine>
            <TextLine id="r2l43" custom="readingOrder {index:42;}">
                <Coords points="2033,1220 3255,1234 3236,1186 2033,1197"/>
                <Baseline points="2044,1224 2104,1224 2164,1225 2224,1225 2284,1225 2344,1225 2404,1225 2464,1225 2524,1224 2584,1224 2644,1224 2704,1223 2764,1223 2824,1223 2884,1222 2944,1222 3004,1222 3064,1221 3124,1221 3184,1221 3245,1220"/>
                <TextEquiv>
                    <Unicode>vollziehen. So giebt er ihm den Brief der Mutter. Ihre Opferthat</Unicode>
                </TextEquiv>
            </TextLine>
            <TextLine id="r2l44" custom="readingOrder {index:43;}">
                <Coords points="3263,1272 3284,1273 3291,1265 3298,1271 3308,1270 3318,1259 3339,1269 3364,1261 3375,1271 3385,1271 3383,1225 3366,1230 3358,1222 3349,1223 3326,1209 3312,1216 3297,1213 3285,1224 3261,1231"/>
                <Baseline points="3273,1261 3298,1258 3323,1256 3348,1255 3373,1257"/>
                <TextEquiv>
                    <Unicode>„Litt</Unicode>
                </TextEquiv>
            </TextLine>
            <TextLine id="r2l45" custom="readingOrder {index:44;}">
                <Coords points="2035,1257 3249,1269 3249,1232 3197,1226 2035,1218"/>
                <Baseline points="2046,1264 2105,1264 2165,1264 2224,1264 2284,1264 2344,1264 2403,1263 2463,1263 2522,1263 2582,1263 2642,1263 2701,1263 2761,1263 2820,1262 2880,1262 2940,1262 2999,1261 3059,1261 3118,1260 3178,1259 3238,1259"/>
                <TextEquiv>
                    <Unicode>soll dem, für welchen sie gebracht ward, zum Fluche werden. Aber der</Unicode>
                </TextEquiv>
            </TextLine>
            <TextLine id="r2l46" custom="readingOrder {index:45;}">
                <Coords points="3255,1307 3277,1301 3315,1307 3348,1298 3354,1304 3368,1304 3383,1317 3393,1317 3393,1267 3374,1271 3362,1261 3341,1269 3320,1259 3308,1270 3298,1270 3292,1263 3275,1270 3267,1264 3254,1264"/>
                <Baseline points="3265,1299 3294,1297 3323,1297 3352,1297 3382,1298"/>
                <TextEquiv>
                    <Unicode>und f#</Unicode>
                </TextEquiv>
            </TextLine>
            <TextLine id="r2l47" custom="readingOrder {index:46;}">
                <Coords points="2033,1304 3249,1306 3249,1269 3189,1262 2033,1257"/>
                <Baseline points="2044,1300 2103,1300 2163,1300 2223,1300 2283,1300 2342,1300 2402,1300 2462,1300 2522,1300 2581,1300 2641,1300 2701,1300 2761,1300 2820,1300 2880,1300 2940,1299 3000,1299 3059,1298 3119,1298 3179,1297 3239,1296"/>
                <TextEquiv>
                    <Unicode>lehnt mit der Kraft des Lebens sich dagegen auf. In den engen Formen</Unicode>
                </TextEquiv>
            </TextLine>
            <TextLine id="r2l48" custom="readingOrder {index:47;}">
                <Coords points="3267,1348 3331,1339 3347,1347 3393,1340 3392,1315 3382,1315 3365,1303 3314,1306 3303,1302 3295,1308 3287,1302 3266,1302"/>
                <Baseline points="3278,1340 3304,1336 3330,1335 3356,1336 3382,1338"/>
                <TextEquiv>
                    <Unicode>frivole</Unicode>
                </TextEquiv>
            </TextLine>
            <TextLine id="r2l49" custom="readingOrder {index:48;}">
                <Coords points="2025,1346 3227,1351 3249,1305 2025,1319"/>
                <Baseline points="2036,1336 2096,1337 2156,1337 2216,1337 2276,1338 2337,1339 2397,1339 2457,1340 2517,1340 2577,1340 2638,1341 2698,1341 2758,1341 2818,1341 2878,1341 2939,1341 2999,1340 3059,1340 3119,1339 3179,1338 3240,1337"/>
                <TextEquiv>
                    <Unicode>des Einakters konnte die psychologische Fülle des Stoffes naturgemäß</Unicode>
                </TextEquiv>
            </TextLine>
            <TextLine id="r2l50" custom="readingOrder {index:49;}">
                <Coords points="3264,1388 3276,1388 3295,1379 3303,1384 3340,1381 3349,1385 3363,1375 3384,1381 3383,1341 3367,1342 3363,1346 3326,1340 3264,1347"/>
                <Baseline points="3275,1375 3307,1373 3340,1374 3373,1373"/>
                <TextEquiv>
                    <Unicode>weit</Unicode>
                </TextEquiv>
            </TextLine>
            <TextLine id="r2l51" custom="readingOrder {index:50;}">
                <Coords points="2025,1379 3245,1390 3245,1349 3183,1341 2025,1358"/>
                <Baseline points="2035,1378 2095,1378 2155,1378 2215,1378 2275,1378 2335,1379 2395,1379 2455,1379 2515,1380 2575,1380 2635,1380 2695,1380 2755,1381 2815,1381 2875,1380 2935,1380 2995,1380 3055,1379 3115,1379 3175,1378 3235,1377"/>
                <TextEquiv>
                    <Unicode>nicht zur freien Entwicklung kommen. Die Hauptperson, die Mutter,</Unicode>
                </TextEquiv>
            </TextLine>
            <TextLine id="r2l52" custom="readingOrder {index:51;}">
                <Coords points="3260,1414 3292,1422 3317,1420 3325,1425 3338,1417 3346,1425 3359,1425 3371,1432 3396,1427 3397,1385 3378,1387 3366,1374 3349,1386 3333,1379 3314,1385 3300,1378 3277,1384 3261,1377"/>
                <Baseline points="3270,1415 3299,1414 3328,1413 3357,1415 3386,1419"/>
                <TextEquiv>
                    <Unicode>ein H</Unicode>
                </TextEquiv>
            </TextLine>
            <TextLine id="r2l53" custom="readingOrder {index:52;}">
                <Coords points="2024,1414 3246,1422 3224,1382 3048,1374 2024,1397"/>
                <Baseline points="2035,1418 2095,1418 2155,1418 2215,1417 2275,1417 2335,1417 2395,1417 2455,1418 2515,1418 2575,1418 2636,1418 2696,1418 2756,1419 2816,1419 2876,1419 2936,1418 2996,1418 3056,1418 3116,1417 3176,1416 3237,1415"/>
                <TextEquiv>
                    <Unicode>deren Charakteristik erst alles Weitere lebendig und verständlich hätte</Unicode>
                </TextEquiv>
            </TextLine>
            <TextLine id="r2l54" custom="readingOrder {index:53;}">
                <Coords points="3263,1466 3292,1465 3304,1456 3327,1459 3334,1465 3344,1458 3356,1462 3366,1453 3381,1455 3379,1422 3355,1427 3334,1415 3328,1422 3311,1418 3305,1421 3261,1418"/>
                <Baseline points="3274,1456 3306,1451 3338,1450 3370,1452"/>
                <TextEquiv>
                    <Unicode>jeder</Unicode>
                </TextEquiv>
            </TextLine>
            <TextLine id="r2l55" custom="readingOrder {index:54;}">
                <Coords points="2034,1455 3243,1465 3204,1420 2034,1420"/>
                <Baseline points="2045,1454 2104,1455 2163,1456 2223,1457 2282,1458 2342,1458 2401,1458 2461,1459 2520,1459 2580,1459 2639,1459 2698,1459 2758,1459 2817,1459 2877,1458 2936,1458 2996,1458 3055,1458 3115,1458 3174,1458 3234,1458"/>
                <TextEquiv>
                    <Unicode>machen können, schied hier von vornherein aus. Gespielt wurde, vor</Unicode>
                </TextEquiv>
            </TextLine>
            <TextLine id="r2l56" custom="readingOrder {index:55;}">
                <Coords points="3257,1506 3296,1496 3321,1497 3327,1503 3346,1496 3356,1504 3390,1503 3387,1441 3377,1442 3355,1465 3347,1459 3334,1464 3326,1458 3303,1457 3293,1465 3256,1467"/>
                <Baseline points="3268,1496 3295,1493 3323,1492 3350,1491 3378,1492"/>
                <TextEquiv>
                    <Unicode>gewech</Unicode>
                </TextEquiv>
            </TextLine>
            <TextLine id="r2l57" custom="readingOrder {index:56;}">
                <Coords points="2036,1501 3246,1516 3231,1458 2036,1462"/>
                <Baseline points="2047,1494 2106,1495 2165,1496 2225,1496 2284,1496 2344,1497 2403,1497 2462,1497 2522,1497 2581,1497 2641,1497 2700,1497 2759,1497 2819,1496 2878,1496 2938,1496 2997,1496 3056,1496 3116,1496 3175,1496 3235,1496"/>
                <TextEquiv>
                    <Unicode>allem von Reinhardt, der die Rolle des Alten hatte, vor¬</Unicode>
                </TextEquiv>
            </TextLine>
            <TextLine id="r2l58" custom="readingOrder {index:57;}">
                <Coords points="3259,1528 3270,1528 3291,1542 3309,1536 3320,1546 3330,1546 3342,1537 3355,1535 3386,1537 3385,1504 3356,1504 3346,1496 3321,1501 3302,1497 3271,1503 3259,1501"/>
                <Baseline points="3269,1533 3295,1532 3322,1531 3348,1532 3375,1531"/>
                <TextEquiv>
                    <Unicode>Poeten</Unicode>
                </TextEquiv>
            </TextLine>
            <TextLine id="r2l59" custom="readingOrder {index:58;}">
                <Coords points="2034,1555 2094,1557 2109,1549 2136,1554 2142,1548 2177,1542 2204,1546 2205,1501 2184,1503 2168,1492 2153,1502 2112,1498 2099,1504 2062,1499 2056,1505 2035,1503"/>
                <Baseline points="2046,1531 2075,1532 2105,1533 2134,1533 2164,1533 2194,1533"/>
                <TextEquiv>
                    <Unicode>trefflich.</Unicode>
                </TextEquiv>
            </TextLine>
            <TextLine id="r2l60" custom="readingOrder {index:59;}">
                <Coords points="2113,1573 3196,1594 3246,1588 3246,1534 2113,1551"/>
                <Baseline points="2123,1578 2178,1580 2234,1582 2289,1584 2345,1585 2401,1586 2456,1587 2512,1587 2567,1587 2623,1587 2679,1587 2734,1587 2790,1586 2845,1585 2901,1585 2957,1584 3012,1584 3068,1583 3123,1582 3179,1582 3235,1582"/>
                <TextEquiv>
                    <Unicode>Schon viel mehr dramatischen Nerv hakte das zweite Stück:</Unicode>
                </TextEquiv>
            </TextLine>
            <TextLine id="r2l61" custom="readingOrder {index:60;}">
                <Coords points="3269,1613 3294,1609 3311,1617 3319,1613 3333,1617 3350,1613 3365,1621 3377,1613 3398,1615 3397,1579 3377,1575 3362,1582 3356,1576 3346,1576 3331,1584 3323,1578 3317,1582 3269,1572"/>
                <Baseline points="3279,1607 3306,1607 3333,1606 3360,1606 3387,1607"/>
                <TextEquiv>
                    <Unicode>der be</Unicode>
                </TextEquiv>
            </TextLine>
            <TextLine id="r2l62" custom="readingOrder {index:61;}">
                <Coords points="2034,1635 3172,1633 3254,1627 3255,1590 2105,1570 2035,1602"/>
                <Baseline points="2045,1617 2105,1618 2165,1619 2225,1620 2285,1621 2345,1623 2405,1624 2465,1625 2525,1626 2585,1626 2645,1627 2705,1628 2765,1628 2825,1628 2885,1628 2945,1627 3005,1626 3065,1625 3125,1624 3185,1622 3245,1619"/>
                <TextEquiv>
                    <Unicode>„Die Dame mit dem Dolche.“ In ihm lebt etwas von jener</Unicode>
                </TextEquiv>
            </TextLine>
            <TextLine id="r2l63" custom="readingOrder {index:62;}">
                <Coords points="3273,1651 3290,1651 3300,1659 3333,1649 3356,1651 3360,1655 3371,1655 3377,1650 3391,1652 3390,1613 3376,1613 3372,1617 3365,1613 3345,1614 3339,1620 3328,1612 3312,1617 3293,1609 3289,1614 3272,1614"/>
                <Baseline points="3283,1647 3315,1646 3348,1644 3381,1645"/>
                <TextEquiv>
                    <Unicode>liebe </Unicode>
                </TextEquiv>
            </TextLine>
            <TextLine id="r2l64" custom="readingOrder {index:63;}">
                <Coords points="2026,1655 3258,1666 3258,1629 3157,1621 2026,1628"/>
                <Baseline points="2037,1658 2097,1659 2158,1660 2218,1661 2279,1662 2339,1663 2400,1663 2460,1664 2521,1664 2581,1664 2642,1664 2703,1664 2763,1664 2824,1664 2884,1664 2945,1663 3005,1663 3066,1662 3126,1661 3187,1661 3248,1660"/>
                <TextEquiv>
                    <Unicode>eigentümlichen Phantastik, von jenem Ineinanderspielen von Schein</Unicode>
                </TextEquiv>
            </TextLine>
            <TextLine id="r2l65" custom="readingOrder {index:64;}">
                <Coords points="3267,1702 3279,1699 3295,1709 3300,1704 3313,1706 3321,1697 3325,1701 3331,1696 3354,1701 3362,1697 3373,1706 3387,1703 3384,1652 3358,1655 3351,1650 3332,1649 3300,1659 3291,1651 3264,1651"/>
                <Baseline points="3277,1691 3310,1688 3343,1685 3376,1686"/>
                <TextEquiv>
                    <Unicode>spottet</Unicode>
                </TextEquiv>
            </TextLine>
            <TextLine id="r2l66" custom="readingOrder {index:65;}">
                <Coords points="2025,1705 3212,1712 3253,1664 2025,1676"/>
                <Baseline points="2035,1695 2095,1697 2155,1699 2216,1700 2276,1701 2337,1702 2397,1702 2458,1703 2518,1703 2579,1704 2639,1704 2699,1704 2760,1703 2820,1703 2881,1703 2941,1702 3002,1701 3062,1700 3123,1699 3183,1698 3244,1697"/>
                <TextEquiv>
                    <Unicode>und Wirklichkeit, wodurch der „bunte Kakadit“ so eigenartige Stimmungs¬</Unicode>
                </TextEquiv>
            </TextLine>
            <TextLine id="r2l67" custom="readingOrder {index:66;}">
                <Coords points="2037,1743 3229,1755 3256,1699 2037,1710"/>
                <Baseline points="2047,1736 2106,1736 2166,1737 2226,1738 2286,1738 2346,1739 2406,1739 2466,1740 2526,1740 2586,1740 2646,1740 2705,1740 2765,1740 2825,1740 2885,1739 2945,1739 3005,1738 3065,1738 3125,1737 3185,1736 3245,1736"/>
                <TextEquiv>
                    <Unicode>reize erzielte. Freilich reichte auch hier, wie in den „lebendigen</Unicode>
                </TextEquiv>
            </TextLine>
            <TextLine id="r2l68" custom="readingOrder {index:67;}">
                <Coords points="2030,1777 3256,1773 3180,1740 2030,1742"/>
                <Baseline points="2040,1776 2100,1777 2160,1777 2220,1777 2281,1778 2341,1778 2401,1779 2462,1779 2522,1779 2582,1779 2643,1779 2703,1779 2763,1778 2823,1778 2884,1777 2944,1777 3004,1776 3065,1775 3125,1774 3185,1772 3246,1771"/>
                <TextEquiv>
                    <Unicode>Stunden“ die Ausführung nicht an die Größe der Idee heran. —</Unicode>
                </TextEquiv>
            </TextLine>
            <TextLine id="r2l69" custom="readingOrder {index:68;}">
                <Coords points="2026,1819 3267,1813 3207,1772 2026,1774"/>
                <Baseline points="2037,1815 2101,1815 2165,1815 2229,1815 2293,1815 2357,1815 2421,1815 2486,1815 2550,1814 2614,1814 2678,1814 2742,1814 2806,1814 2871,1814 2935,1814 2999,1814 3063,1814 3127,1814 3191,1814 3256,1814"/>
                <TextEquiv>
                    <Unicode>Traumbilder sind schon oft dem Rahmen eines größeren dramatischen</Unicode>
                </TextEquiv>
            </TextLine>
            <TextLine id="r2l70" custom="readingOrder {index:69;}">
                <Coords points="2440,1852 3259,1858 3259,1818 2440,1821"/>
                <Baseline points="2450,1854 2489,1854 2529,1855 2569,1855 2609,1855 2649,1855 2689,1855 2729,1854 2769,1854 2809,1854 2849,1854 2888,1854 2928,1853 2968,1853 3008,1853 3048,1853 3088,1853 3128,1852 3168,1852 3208,1853 3248,1853"/>
                <TextEquiv>
                    <Unicode>aber wohl noch nie mit jener eigen¬</Unicode>
                </TextEquiv>
            </TextLine>
            <TextLine id="r2l71" custom="readingOrder {index:70;}">
                <Coords points="2031,1849 2137,1869 2219,1851 2296,1868 2447,1857 2447,1826 2420,1819 2325,1818 2296,1831 2255,1820 2220,1834 2187,1819 2031,1818"/>
                <Baseline points="2042,1850 2068,1852 2094,1853 2120,1855 2147,1855 2173,1855 2199,1855 2225,1855 2252,1855 2278,1855 2304,1855 2330,1855 2357,1855 2383,1855 2409,1856 2436,1857"/>
                <TextEquiv>
                    <Unicode>Ganzen eingefügt,</Unicode>
                </TextEquiv>
            </TextLine>
            <TextLine id="r2l72" custom="readingOrder {index:71;}">
                <Coords points="2031,1895 3262,1902 3262,1869 3119,1849 2031,1849"/>
                <Baseline points="2041,1891 2101,1892 2162,1892 2222,1893 2283,1893 2343,1893 2404,1894 2464,1894 2525,1894 2585,1894 2646,1894 2706,1893 2767,1893 2827,1893 2888,1893 2948,1893 3009,1892 3069,1892 3130,1892 3190,1892 3251,1891"/>
                <TextEquiv>
                    <Unicode>artig pointierten Wendung, wie in diesem Schnitzlerschen Stücke.</Unicode>
                </TextEquiv>
            </TextLine>
            <TextLine id="r2l73" custom="readingOrder {index:72;}">
                <Coords points="2034,1935 3192,1945 3256,1932 3256,1895 2034,1910"/>
                <Baseline points="2045,1930 2105,1931 2165,1931 2225,1932 2285,1932 2345,1932 2405,1932 2465,1933 2525,1933 2585,1932 2646,1932 2706,1932 2766,1932 2826,1931 2886,1931 2946,1931 3006,1930 3066,1930 3126,1929 3186,1929 3247,1928"/>
                <TextEquiv>
                    <Unicode>Das Tramnbild erscheint hier wie eine Rückerinnerung an frühere</Unicode>
                </TextEquiv>
            </TextLine>
            <TextLine id="r2l74" custom="readingOrder {index:73;}">
                <Coords points="2028,1989 3260,1977 3260,1933 2028,1939"/>
                <Baseline points="2038,1972 2098,1972 2159,1972 2219,1972 2280,1972 2341,1973 2401,1973 2462,1973 2522,1973 2583,1973 2644,1973 2704,1973 2765,1973 2825,1972 2886,1972 2947,1971 3007,1971 3068,1970 3128,1969 3189,1968 3250,1966"/>
                <TextEquiv>
                    <Unicode>Existenzformen der Seele. Wem wäre es nicht schon einmal be¬</Unicode>
                </TextEquiv>
            </TextLine>
            <TextLine id="r2l75" custom="readingOrder {index:74;}">
                <Coords points="2032,2019 3266,2019 3266,1961 2032,1988"/>
                <Baseline points="2043,2012 2103,2012 2164,2012 2224,2012 2285,2012 2346,2011 2406,2011 2467,2011 2527,2011 2588,2011 2649,2011 2709,2010 2770,2010 2830,2009 2891,2009 2952,2009 3012,2008 3073,2008 3133,2007 3194,2007 3255,2006"/>
                <TextEquiv>
                    <Unicode>gegnet, daß ihm in irgendwelchen Situationen plötzlich der Gedanke</Unicode>
                </TextEquiv>
            </TextLine>
            <TextLine id="r2l76" custom="readingOrder {index:75;}">
                <Coords points="2042,2054 3096,2065 3239,2060 3257,2015 2042,2023"/>
                <Baseline points="2051,2049 2110,2049 2170,2049 2230,2050 2290,2050 2350,2050 2410,2050 2469,2050 2529,2050 2589,2050 2649,2050 2709,2050 2769,2050 2829,2049 2888,2049 2948,2048 3008,2047 3068,2047 3128,2046 3188,2045 3248,2044"/>
                <TextEquiv>
                    <Unicode>aufdämmerte, das Gegenwärtige sei nicht ein Neues, sondern irgend¬</Unicode>
                </TextEquiv>
            </TextLine>
            <TextLine id="r2l77" custom="readingOrder {index:76;}">
                <Coords points="2030,2074 2130,2105 3263,2095 3263,2054 3128,2046 2030,2057"/>
                <Baseline points="2041,2086 2101,2086 2162,2087 2222,2087 2283,2088 2343,2088 2404,2088 2464,2088 2525,2088 2585,2088 2646,2088 2707,2087 2767,2087 2828,2087 2888,2087 2949,2087 3009,2086 3070,2086 3130,2086 3191,2086 3252,2086"/>
                <TextEquiv>
                    <Unicode>wann und irgendwo schon einmal durchlebt? So lächerlich es wäre,</Unicode>
                </TextEquiv>
            </TextLine>
            <TextLine id="r2l78" custom="readingOrder {index:77;}">
                <Coords points="2031,2131 3265,2133 3265,2098 3098,2083 2031,2093"/>
                <Baseline points="2042,2125 2102,2125 2163,2126 2224,2126 2284,2126 2345,2127 2406,2127 2466,2127 2527,2127 2588,2127 2649,2128 2709,2128 2770,2128 2831,2128 2891,2128 2952,2128 3013,2128 3073,2127 3134,2127 3195,2127 3256,2126"/>
                <TextEquiv>
                    <Unicode>aus solchen nervösen Zuständen, die eine ganz natürliche Erklärung</Unicode>
                </TextEquiv>
            </TextLine>
            <TextLine id="r2l79" custom="readingOrder {index:78;}">
                <Coords points="2035,2172 3259,2178 3222,2128 2035,2127"/>
                <Baseline points="2045,2166 2105,2167 2165,2167 2225,2168 2285,2168 2346,2168 2406,2168 2466,2167 2526,2167 2586,2167 2647,2166 2707,2166 2767,2166 2827,2165 2887,2165 2948,2165 3008,2165 3068,2165 3128,2165 3188,2166 3249,2167"/>
                <TextEquiv>
                    <Unicode>zulassen, im Ernste mystische Folgerungen ziehen zu wollen, so wenig</Unicode>
                </TextEquiv>
            </TextLine>
            <TextLine id="r2l80" custom="readingOrder {index:79;}">
                <Coords points="2036,2213 3262,2203 3182,2166 2036,2169"/>
                <Baseline points="2047,2205 2107,2205 2167,2205 2227,2205 2288,2205 2348,2205 2408,2205 2468,2206 2529,2206 2589,2206 2649,2206 2709,2206 2770,2206 2830,2206 2890,2206 2950,2206 3011,2205 3071,2205 3131,2204 3191,2203 3252,2202"/>
                <TextEquiv>
                    <Unicode>kann es doch der dichterischen Phantasie verwehrt sein, dem Zauber dieses</Unicode>
                </TextEquiv>
            </TextLine>
            <TextLine id="r2l81" custom="readingOrder {index:80;}">
                <Coords points="2032,2240 3123,2254 3245,2246 3268,2200 2032,2213"/>
                <Baseline points="2043,2241 2103,2242 2164,2243 2225,2244 2286,2244 2346,2245 2407,2245 2468,2245 2529,2245 2589,2245 2650,2245 2711,2245 2772,2244 2832,2244 2893,2243 2954,2243 3015,2242 3075,2241 3136,2241 3197,2240 3258,2239"/>
                <TextEquiv>
                    <Unicode>Geheimnisvollen nachzugehen, und dabei die dunklen und uralten Ge¬</Unicode>
                </TextEquiv>
            </TextLine>
            <TextLine id="r2l82" custom="readingOrder {index:81;}">
                <Coords points="2027,2286 3264,2294 3264,2254 3181,2242 2027,2241"/>
                <Baseline points="2038,2281 2098,2282 2159,2282 2220,2283 2281,2283 2341,2284 2402,2284 2463,2284 2524,2284 2584,2284 2645,2283 2706,2283 2767,2283 2827,2283 2888,2282 2949,2282 3010,2281 3070,2281 3131,2280 3192,2280 3253,2279"/>
                <TextEquiv>
                    <Unicode>danken der Seelenwanderung und eines Vorausbestimmtseins alles</Unicode>
                </TextEquiv>
            </TextLine>
            <TextLine id="r2l83" custom="readingOrder {index:82;}">
                <Coords points="2027,2325 3047,2342 3257,2292 2027,2300"/>
                <Baseline points="2038,2322 2098,2322 2159,2322 2219,2322 2280,2322 2340,2322 2401,2323 2461,2323 2522,2323 2582,2323 2643,2323 2703,2323 2764,2323 2824,2323 2885,2323 2945,2322 3006,2322 3066,2321 3127,2320 3187,2320 3248,2319"/>
                <TextEquiv>
                    <Unicode>unsres Thuns durch frühere Geschlechter leis mitanklingen zu lassen. —</Unicode>
                </TextEquiv>
            </TextLine>
            <TextLine id="r2l84" custom="readingOrder {index:83;}">
                <Coords points="2037,2363 3277,2379 3277,2323 3242,2319 2037,2330"/>
                <Baseline points="2047,2359 2111,2360 2175,2361 2239,2361 2303,2361 2367,2362 2431,2362 2496,2362 2560,2362 2624,2361 2688,2361 2752,2361 2816,2361 2881,2360 2945,2360 3009,2360 3073,2360 3137,2360 3201,2360 3266,2360"/>
                <TextEquiv>
                    <Unicode>Vorzüglich stimmungsvoll war die Umrahmung der Vision, die schwüle</Unicode>
                </TextEquiv>
            </TextLine>
            <TextLine id="r2l85" custom="readingOrder {index:84;}">
                <Coords points="2035,2400 3275,2416 3275,2362 2035,2375"/>
                <Baseline points="2045,2397 2106,2398 2167,2399 2228,2399 2289,2400 2350,2401 2411,2401 2472,2401 2533,2402 2594,2402 2655,2402 2716,2402 2777,2402 2838,2402 2899,2402 2960,2401 3021,2401 3082,2401 3143,2400 3204,2400 3265,2400"/>
                <TextEquiv>
                    <Unicode>Liebesscene in dem Kunstsalon und dann der Schluß. Ein junger</Unicode>
                </TextEquiv>
            </TextLine>
            <TextLine id="r2l86" custom="readingOrder {index:85;}">
                <Coords points="2029,2434 3259,2445 3259,2400 2029,2408"/>
                <Baseline points="2040,2437 2100,2437 2160,2438 2221,2438 2281,2438 2342,2439 2402,2439 2462,2439 2523,2440 2583,2440 2644,2440 2704,2440 2764,2440 2825,2440 2885,2440 2946,2440 3006,2439 3066,2439 3127,2438 3187,2437 3248,2436"/>
                <TextEquiv>
                    <Unicode>Mann wirht um die Gattin eines großen Künstlers. Sie weist ihn ab,</Unicode>
                </TextEquiv>
            </TextLine>
            <TextLine id="r2l87" custom="readingOrder {index:86;}">
                <Coords points="2032,2473 3268,2483 3254,2442 2032,2446"/>
                <Baseline points="2042,2473 2102,2475 2163,2476 2224,2477 2285,2478 2345,2479 2406,2479 2467,2480 2528,2480 2588,2480 2649,2480 2710,2480 2771,2480 2831,2480 2892,2479 2953,2479 3014,2479 3074,2478 3135,2478 3196,2478 3257,2478"/>
                <TextEquiv>
                    <Unicode>ihr Gatte würde sie töten, wenn sie die Treue ihm bräche, und mit</Unicode>
                </TextEquiv>
            </TextLine>
            <TextLine id="r2l88" custom="readingOrder {index:87;}">
                <Coords points="2037,2511 3261,2537 3273,2471 2037,2496"/>
                <Baseline points="2048,2513 2108,2515 2169,2516 2230,2517 2290,2518 2351,2519 2412,2519 2472,2519 2533,2519 2594,2519 2655,2519 2715,2518 2776,2518 2837,2517 2897,2517 2958,2516 3019,2516 3079,2515 3140,2515 3201,2514 3262,2514"/>
                <TextEquiv>
                    <Unicode>all Jasern, ob er sie auch hundertmal betrüge, hängt ihr Herz an</Unicode>
                </TextEquiv>
            </TextLine>
            <TextLine id="r2l89" custom="readingOrder {index:88;}">
                <Coords points="2042,2553 3049,2572 3235,2567 3264,2521 2042,2526"/>
                <Baseline points="2053,2555 2113,2556 2173,2557 2233,2557 2293,2558 2353,2558 2413,2558 2473,2558 2533,2558 2593,2558 2653,2558 2713,2558 2773,2558 2833,2557 2893,2557 2953,2556 3013,2556 3073,2555 3133,2555 3193,2554 3254,2553"/>
                <TextEquiv>
                    <Unicode>ihm. Nur eine flüchtige Wallung war es, wenn sie in dieses Stell¬</Unicode>
                </TextEquiv>
            </TextLine>
            <TextLine id="r2l90" custom="readingOrder {index:89;}">
                <Coords points="2033,2601 3100,2608 3259,2599 3259,2562 2033,2574"/>
                <Baseline points="2044,2594 2104,2595 2164,2595 2224,2596 2284,2596 2345,2596 2405,2597 2465,2597 2525,2597 2585,2597 2646,2596 2706,2596 2766,2596 2826,2596 2886,2596 2947,2595 3007,2595 3067,2595 3127,2594 3187,2594 3248,2594"/>
                <TextEquiv>
                    <Unicode>dichein gewilligt hat. Da fällt ihr Blick auf die alten Florentiner</Unicode>
                </TextEquiv>
            </TextLine>
            <TextLine id="r2l91" custom="readingOrder {index:90;}">
                <Coords points="2046,2636 3205,2643 3263,2635 3263,2597 2045,2601"/>
                <Baseline points="2055,2634 2114,2634 2174,2634 2234,2634 2294,2635 2354,2635 2414,2635 2474,2635 2534,2635 2594,2635 2654,2634 2713,2634 2773,2634 2833,2634 2893,2634 2953,2634 3013,2634 3073,2634 3133,2633 3193,2633 3253,2633"/>
                <TextEquiv>
                    <Unicode>Bilder. In Florenz ist sie geboren und plötzlich in der nervösen</Unicode>
                </TextEquiv>
            </TextLine>
            <TextLine id="r2l92" custom="readingOrder {index:91;}">
                <Coords points="2036,2678 3266,2692 3250,2634 2036,2631"/>
                <Baseline points="2047,2671 2107,2672 2167,2672 2228,2673 2288,2673 2349,2673 2409,2674 2470,2674 2530,2674 2591,2673 2651,2673 2711,2673 2772,2673 2832,2673 2893,2672 2953,2672 3014,2672 3074,2672 3135,2672 3195,2672 3256,2672"/>
                <TextEquiv>
                    <Unicode>Erregung, in welche sie das Drängen ihres Begleiters bringt, kommt</Unicode>
                </TextEquiv>
            </TextLine>
            <TextLine id="r2l93" custom="readingOrder {index:92;}">
                <Coords points="2027,2730 3269,2711 3135,2672 2027,2683"/>
                <Baseline points="2036,2712 2097,2712 2158,2713 2219,2713 2280,2713 2341,2713 2402,2713 2463,2714 2524,2714 2585,2714 2647,2714 2708,2714 2769,2713 2830,2713 2891,2713 2952,2712 3013,2712 3074,2711 3135,2710 3196,2709 3258,2708"/>
                <TextEquiv>
                    <Unicode>es über sie, sie müsse die Gestalten dort alle schon gesehen haben!</Unicode>
                </TextEquiv>
            </TextLine>
            <TextLine id="r2l94" custom="readingOrder {index:93;}">
                <Coords points="2037,2755 3270,2762 3270,2710 2037,2724"/>
                <Baseline points="2048,2752 2108,2752 2169,2752 2229,2752 2290,2752 2350,2752 2411,2752 2471,2752 2532,2752 2592,2753 2653,2753 2714,2753 2774,2753 2835,2753 2895,2752 2956,2752 3016,2751 3077,2750 3137,2749 3198,2748 3259,2746"/>
                <TextEquiv>
                    <Unicode>und die eine Figur, „Die Frau mit dem Dolche“, das sei sie selbst.</Unicode>
                </TextEquiv>
            </TextLine>
            <TextLine id="r2l95" custom="readingOrder {index:94;}">
                <Coords points="2030,2801 3266,2791 3266,2756 3144,2746 2030,2753"/>
                <Baseline points="2041,2791 2101,2791 2162,2791 2223,2791 2284,2791 2344,2791 2405,2791 2466,2791 2527,2792 2587,2792 2648,2792 2709,2792 2770,2793 2830,2793 2891,2792 2952,2792 3013,2791 3073,2791 3134,2789 3195,2788 3256,2786"/>
                <TextEquiv>
                    <Unicode>Erschöpft sinkt sie auf einen Sessel. Und nun zieht die Vision</Unicode>
                </TextEquiv>
            </TextLine>
            <TextLine id="r2l96" custom="readingOrder {index:95;}">
                <Coords points="2026,2826 3224,2838 3267,2791 2026,2801"/>
                <Baseline points="2037,2829 2098,2829 2159,2829 2220,2828 2281,2828 2342,2828 2403,2829 2464,2829 2525,2829 2586,2829 2647,2829 2708,2829 2769,2830 2830,2830 2891,2830 2952,2830 3013,2829 3074,2829 3135,2828 3196,2827 3257,2827"/>
                <TextEquiv>
                    <Unicode>einer um Jahrhunderte entlegenen Vergangenheit an ihr vorüber.</Unicode>
                </TextEquiv>
            </TextLine>
            <TextLine id="r2l97" custom="readingOrder {index:96;}">
                <Coords points="2025,2859 3264,2885 3264,2829 2025,2826"/>
                <Baseline points="2035,2869 2095,2868 2156,2867 2217,2866 2278,2866 2339,2866 2400,2867 2461,2867 2522,2868 2583,2868 2644,2869 2704,2869 2765,2869 2826,2870 2887,2869 2948,2869 3009,2868 3070,2867 3131,2865 3192,2863 3253,2861"/>
                <TextEquiv>
                    <Unicode>Der kleine helle Salon verwandelt sich in einen alten Florentiner</Unicode>
                </TextEquiv>
            </TextLine>
            <TextLine id="r2l98" custom="readingOrder {index:97;}">
                <Coords points="2031,2914 2965,2902 3077,2933 3271,2874 2031,2883"/>
                <Baseline points="2041,2908 2102,2908 2163,2907 2224,2907 2285,2907 2346,2907 2407,2907 2468,2907 2529,2907 2590,2907 2651,2908 2712,2908 2773,2908 2834,2908 2895,2907 2956,2907 3017,2906 3078,2905 3139,2903 3200,2901 3261,2899"/>
                <TextEquiv>
                    <Unicode>Prunksaal. Sie selbst, ihr Werber, ihr Gatte sind alte Florentiner.</Unicode>
                </TextEquiv>
            </TextLine>
            <TextLine id="r2l99" custom="readingOrder {index:98;}">
                <Coords points="2031,2948 3282,2958 3282,2908 2031,2923"/>
                <Baseline points="2041,2944 2102,2944 2164,2944 2225,2945 2287,2945 2348,2945 2410,2946 2471,2946 2533,2947 2594,2947 2656,2947 2718,2948 2779,2948 2841,2947 2902,2947 2964,2947 3025,2946 3087,2945 3148,2944 3210,2942 3272,2940"/>
                <TextEquiv>
                    <Unicode>Aber das veränderte Kostüm birgt gleiche Leidenschaften. Sie sieht¬</Unicode>
                </TextEquiv>
            </TextLine>
            <TextLine id="r2l100" custom="readingOrder {index:99;}">
                <Coords points="2035,2984 3278,3003 3278,2945 2035,2947"/>
                <Baseline points="2046,2986 2107,2985 2168,2984 2229,2984 2290,2984 2351,2984 2412,2984 2473,2984 2534,2984 2595,2984 2656,2984 2717,2984 2778,2984 2839,2984 2900,2984 2961,2984 3022,2984 3083,2983 3144,2983 3205,2982 3267,2981"/>
                <TextEquiv>
                    <Unicode>sich, wie sie den jungen Liebhaber in der flüchtigen Lust eines Augen¬</Unicode>
                </TextEquiv>
            </TextLine>
            <TextLine id="r2l101" custom="readingOrder {index:100;}">
                <Coords points="2031,3020 3280,3019 3237,2984 2031,2985"/>
                <Baseline points="2041,3023 2102,3023 2163,3024 2225,3024 2286,3024 2348,3024 2409,3024 2471,3024 2532,3024 2594,3024 2655,3025 2716,3025 2778,3025 2839,3025 2901,3024 2962,3024 3024,3024 3085,3024 3147,3023 3208,3022 3270,3022"/>
                <TextEquiv>
                    <Unicode>blicks erhört, und wie sie dann, von ihrem Manne kalt zurück¬</Unicode>
                </TextEquiv>
            </TextLine>
            <TextLine id="r2l102" custom="readingOrder {index:101;}">
                <Coords points="2030,3065 3014,3079 3267,3063 3267,3024 2030,3034"/>
                <Baseline points="2041,3065 2101,3065 2162,3065 2223,3064 2284,3064 2345,3064 2405,3064 2466,3064 2527,3064 2588,3065 2649,3065 2709,3065 2770,3065 2831,3064 2892,3064 2953,3064 3013,3063 3074,3063 3135,3062 3196,3060 3257,3059"/>
                <TextEquiv>
                    <Unicode>gestoßen, den Jüngling in grenzenloser Wut der Verzweiflung mit</Unicode>
                </TextEquiv>
            </TextLine>
            <TextLine id="r2l103" custom="readingOrder {index:102;}">
                <Coords points="2029,3097 3280,3111 3262,3059 2029,3062"/>
                <Baseline points="2039,3102 2100,3101 2162,3101 2223,3101 2285,3101 2346,3101 2408,3101 2469,3102 2531,3102 2592,3102 2654,3102 2715,3103 2777,3103 2838,3103 2900,3103 2961,3103 3023,3103 3084,3102 3146,3102 3207,3101 3269,3100"/>
                <TextEquiv>
                    <Unicode>dem Dolche — so wie das alte Bild es darstellt — niedersticht.)</Unicode>
                </TextEquiv>
            </TextLine>
            <TextLine id="r2l104" custom="readingOrder {index:103;}">
                <Coords points="2033,3140 3261,3153 3284,3101 2033,3108"/>
                <Baseline points="2044,3140 2105,3140 2167,3140 2228,3140 2290,3140 2351,3141 2413,3141 2474,3141 2536,3141 2597,3141 2659,3141 2720,3141 2782,3141 2843,3141 2905,3141 2966,3141 3028,3141 3089,3141 3151,3141 3212,3140 3274,3140"/>
                <TextEquiv>
                    <Unicode>Wieder hebt sich der Vorhang und zeigt die verfängliche Scenerie.</Unicode>
                </TextEquiv>
            </TextLine>
            <TextLine id="r2l105" custom="readingOrder {index:104;}">
                <Coords points="2034,3181 3285,3180 3262,3141 2034,3142"/>
                <Baseline points="2045,3180 2106,3179 2167,3179 2229,3179 2290,3179 2352,3179 2413,3179 2475,3180 2536,3180 2598,3180 2659,3180 2720,3181 2782,3181 2843,3181 2905,3180 2966,3180 3028,3180 3089,3179 3151,3177 3212,3176 3274,3174"/>
                <TextEquiv>
                    <Unicode>Langsam erwacht sie aus der Ohnmacht. Der Traum hat ihre Krafts</Unicode>
                </TextEquiv>
            </TextLine>
            <TextLine id="r2l106" custom="readingOrder {index:105;}">
                <Coords points="2036,3217 3271,3240 3271,3176 2036,3201"/>
                <Baseline points="2047,3220 2107,3219 2168,3218 2229,3218 2289,3217 2350,3217 2411,3217 2471,3217 2532,3218 2593,3218 2654,3218 2714,3219 2775,3219 2836,3219 2896,3219 2957,3219 3018,3219 3078,3219 3139,3218 3200,3217 3261,3215"/>
                <TextEquiv>
                    <Unicode>gebrochen; die Vergangenheit, die sie in wenigen Sekunden geschaut hat,</Unicode>
                </TextEquiv>
            </TextLine>
            <TextLine id="r2l107" custom="readingOrder {index:106;}">
                <Coords points="2033,3264 3273,3272 3273,3223 3186,3217 2033,3216"/>
                <Baseline points="2043,3257 2107,3257 2171,3257 2235,3256 2299,3256 2363,3256 2427,3256 2492,3256 2556,3256 2620,3257 2684,3257 2748,3257 2812,3257 2877,3257 2941,3257 3005,3257 3069,3257 3133,3257 3197,3257 3262,3256"/>
                <TextEquiv>
                    <Unicode>birgt eine fatalistische Vorausbestimmung ihres eignen Schicksals in sich.</Unicode>
                </TextEquiv>
            </TextLine>
            <TextLine id="r2l108" custom="readingOrder {index:107;}">
                <Coords points="2024,3305 3148,3311 3270,3296 3270,3253 2024,3264"/>
                <Baseline points="2034,3298 2095,3297 2156,3296 2218,3295 2279,3295 2340,3294 2402,3294 2463,3294 2524,3295 2586,3295 2647,3295 2708,3295 2770,3296 2831,3296 2892,3296 2954,3296 3015,3296 3076,3296 3138,3295 3199,3294 3261,3293"/>
                <TextEquiv>
                    <Unicode>Besinnungslos, in unerklärlichem Drange, wie jene Florentinerin, ihr</Unicode>
                </TextEquiv>
            </TextLine>
            <TextLine id="r2l109" custom="readingOrder {index:108;}">
                <Coords points="2027,3337 3266,3344 3266,3303 3202,3294 2027,3310"/>
                <Baseline points="2037,3335 2097,3335 2158,3334 2219,3334 2280,3334 2341,3334 2402,3334 2463,3334 2524,3334 2585,3334 2646,3334 2706,3334 2767,3335 2828,3335 2889,3335 2950,3335 3011,3335 3072,3335 3133,3335 3194,3335 3255,3335"/>
                <TextEquiv>
                    <Unicode>andres Ich, verspricht sie dem ungeliebten Anbeter Erhörung. Was</Unicode>
                </TextEquiv>
            </TextLine>
            <TextLine id="r2l110" custom="readingOrder {index:109;}">
                <Coords points="2033,3374 3181,3386 3272,3380 3272,3334 2033,3349"/>
                <Baseline points="2044,3373 2104,3373 2165,3373 2226,3373 2287,3373 2348,3373 2409,3373 2470,3373 2531,3373 2592,3374 2653,3374 2713,3374 2774,3373 2835,3373 2896,3373 2957,3373 3018,3372 3079,3371 3140,3371 3201,3370 3262,3368"/>
                <TextEquiv>
                    <Unicode>war, muß in dem Ringe des Geschehens wiederkehren mit unerbitt¬</Unicode>
                </TextEquiv>
            </TextLine>
            <TextLine id="r2l111" custom="readingOrder {index:110;}">
                <Coords points="2032,3410 3131,3428 3272,3412 3272,3371 2032,3385"/>
                <Baseline points="2041,3410 2102,3410 2163,3409 2224,3409 2285,3409 2346,3409 2407,3409 2468,3410 2529,3410 2590,3411 2651,3411 2712,3412 2773,3412 2834,3412 2895,3412 2956,3412 3017,3412 3078,3411 3139,3410 3200,3409 3261,3408"/>
                <TextEquiv>
                    <Unicode>licher Notwendigkeit. — Dem wunderbaren Spiele von Irene</Unicode>
                </TextEquiv>
            </TextLine>
            <TextLine id="r2l112" custom="readingOrder {index:111;}">
                <Coords points="2026,3454 3277,3457 3261,3411 2026,3417"/>
                <Baseline points="2037,3449 2098,3449 2159,3449 2221,3448 2282,3448 2344,3448 2405,3449 2467,3449 2528,3450 2590,3450 2651,3450 2712,3451 2774,3451 2835,3451 2897,3451 2958,3451 3020,3451 3081,3451 3143,3450 3204,3449 3266,3448"/>
                <TextEquiv>
                    <Unicode>Triesch gelang es, all die feinen Uebergänge einander wider¬</Unicode>
                </TextEquiv>
            </TextLine>
            <TextLine id="r2l113" custom="readingOrder {index:112;}">
                <Coords points="2035,3494 3263,3504 3286,3435 2988,3468 2035,3458"/>
                <Baseline points="2046,3492 2107,3491 2168,3489 2230,3489 2291,3489 2353,3488 2414,3489 2476,3489 2537,3489 2599,3490 2660,3490 2721,3491 2783,3491 2844,3492 2906,3492 2967,3491 3029,3491 3090,3490 3152,3489 3213,3487 3275,3485"/>
                <TextEquiv>
                    <Unicode>streitender Empfindungen und so auch diesen letzten, aus den Tiefen</Unicode>
                </TextEquiv>
            </TextLine>
            <TextLine id="r2l114" custom="readingOrder {index:113;}">
                <Coords points="2030,3530 3279,3532 3230,3490 3060,3483 2031,3509"/>
                <Baseline points="2041,3528 2102,3527 2163,3527 2225,3527 2286,3527 2347,3527 2409,3527 2470,3528 2531,3529 2593,3529 2654,3530 2715,3530 2777,3531 2838,3531 2899,3532 2961,3532 3022,3532 3083,3532 3145,3532 3206,3531 3268,3531"/>
                <TextEquiv>
                    <Unicode>eines rätselhaft Unbewußten hervorquellenden Entschluß völlig</Unicode>
                </TextEquiv>
            </TextLine>
            <TextLine id="r2l115" custom="readingOrder {index:114;}">
                <Coords points="2028,3569 3223,3580 3273,3535 2028,3549"/>
                <Baseline points="2038,3568 2099,3567 2160,3566 2221,3566 2283,3565 2344,3566 2405,3566 2466,3567 2528,3567 2589,3568 2650,3569 2711,3569 2773,3570 2834,3570 2895,3570 2956,3570 3018,3570 3079,3569 3140,3568 3201,3567 3263,3564"/>
                <TextEquiv>
                    <Unicode>natürlich erscheinen zu lassen. Freilich hätte, wenn die rechte</Unicode>
                </TextEquiv>
            </TextLine>
            <TextLine id="r2l116" custom="readingOrder {index:115;}">
                <Coords points="2025,3604 3075,3620 3280,3612 3280,3567 2025,3579"/>
                <Baseline points="2035,3607 2096,3605 2158,3605 2220,3604 2282,3604 2343,3604 2405,3604 2467,3605 2529,3605 2590,3606 2652,3607 2714,3607 2776,3608 2837,3609 2899,3609 2961,3609 3023,3609 3084,3608 3146,3607 3208,3606 3270,3604"/>
                <TextEquiv>
                    <Unicode>spukhaft=phantastische Wirkung festgehalten werden sollte, in dem</Unicode>
                </TextEquiv>
            </TextLine>
            <TextLine id="r2l117" custom="readingOrder {index:116;}">
                <Coords points="2025,3640 3276,3657 3276,3612 3181,3605 2025,3605"/>
                <Baseline points="2035,3645 2096,3644 2158,3643 2219,3643 2281,3643 2342,3643 2404,3643 2465,3644 2527,3644 2588,3645 2650,3645 2712,3646 2773,3646 2835,3647 2896,3647 2958,3647 3019,3647 3081,3647 3142,3647 3204,3646 3266,3645"/>
                <TextEquiv>
                    <Unicode>visionären Zwischenspiel noch viel geändert und stark gestrichen</Unicode>
                </TextEquiv>
            </TextLine>
            <TextLine id="r2l118" custom="readingOrder {index:117;}">
                <Coords points="2033,3690 3267,3710 3240,3649 2033,3650"/>
                <Baseline points="2044,3682 2104,3683 2165,3683 2225,3684 2286,3684 2347,3685 2407,3685 2468,3686 2528,3686 2589,3686 2650,3687 2710,3687 2771,3687 2831,3687 2892,3687 2953,3687 3013,3687 3074,3686 3134,3686 3195,3685 3256,3684"/>
                <TextEquiv>
                    <Unicode>werden müssen. In seiner jetzigen Gestalt fehlt ihm die über¬</Unicode>
                </TextEquiv>
            </TextLine>
            <TextLine id="r2l119" custom="readingOrder {index:118;}">
                <Coords points="2024,3733 2055,3727 2068,3737 2090,3726 2122,3744 2150,3724 2188,3738 2208,3725 2250,3734 2270,3725 2324,3739 2347,3722 2361,3725 2360,3690 2346,3688 2023,3694"/>
                <Baseline points="2035,3727 2061,3726 2087,3725 2114,3723 2140,3722 2166,3722 2193,3721 2219,3721 2245,3720 2272,3720 2298,3720 2324,3719 2351,3719"/>
                <TextEquiv>
                    <Unicode>zeugende Kraft.</Unicode>
                </TextEquiv>
            </TextLine>
            <TextLine id="r2l120" custom="readingOrder {index:119;}">
                <Coords points="2113,3762 3250,3778 3279,3718 2113,3743"/>
                <Baseline points="2123,3760 2180,3761 2237,3762 2294,3763 2352,3764 2409,3765 2466,3765 2523,3765 2581,3765 2638,3765 2695,3765 2752,3765 2810,3765 2867,3765 2924,3764 2981,3764 3039,3764 3096,3764 3153,3764 3210,3764 3268,3764"/>
                <TextEquiv>
                    <Unicode>Ein voller Erfolg aber waren die , letzten Masken“. Da</Unicode>
                </TextEquiv>
            </TextLine>
            <TextLine id="r2l121" custom="readingOrder {index:120;}">
                <Coords points="2039,3811 3267,3808 3180,3760 2039,3774"/>
                <Baseline points="2049,3803 2109,3803 2169,3803 2230,3803 2290,3803 2351,3804 2411,3804 2471,3804 2532,3805 2592,3805 2653,3805 2713,3805 2773,3806 2834,3806 2894,3805 2955,3805 3015,3805 3075,3804 3136,3803 3196,3802 3257,3801"/>
                <TextEquiv>
                    <Unicode>gab es keine toten Stellen. Idee und Ausführung deckten einander.</Unicode>
                </TextEquiv>
            </TextLine>
            <TextLine id="r2l122" custom="readingOrder {index:121;}">
                <Coords points="2036,3846 3262,3853 3227,3805 2036,3800"/>
                <Baseline points="2047,3842 2107,3842 2167,3843 2227,3843 2288,3844 2348,3844 2408,3844 2469,3844 2529,3844 2589,3844 2650,3844 2710,3844 2770,3843 2830,3843 2891,3843 2951,3843 3011,3842 3072,3842 3132,3842 3192,3842 3253,3842"/>
                <TextEquiv>
                    <Unicode>Die schneidende Ironie, die verhaltene Spannung, das schwermütig</Unicode>
                </TextEquiv>
            </TextLine>
            <TextLine id="r2l123" custom="readingOrder {index:122;}">
                <Coords points="2037,3880 3274,3904 3273,3848 3220,3842 2037,3847"/>
                <Baseline points="2047,3878 2107,3879 2168,3880 2229,3881 2290,3881 2351,3882 2412,3882 2472,3883 2533,3883 2594,3883 2655,3882 2716,3882 2777,3882 2838,3881 2898,3881 2959,3880 3020,3879 3081,3879 3142,3878 3203,3877 3264,3876"/>
                <TextEquiv>
                    <Unicode>Grüblerische in diesen Scenen rief fast eine Erinnerung an Ibsensche</Unicode>
                </TextEquiv>
            </TextLine>
            <TextLine id="r2l124" custom="readingOrder {index:123;}">
                <Coords points="2027,3928 3143,3945 3246,3919 3246,3882 2026,3901"/>
                <Baseline points="2037,3927 2100,3925 2163,3923 2226,3922 2289,3921 2352,3921 2415,3921 2478,3921 2541,3921 2604,3921 2668,3921 2731,3921 2794,3920 2857,3920 2920,3919 2983,3917 3046,3915 3109,3913 3172,3910 3236,3906"/>
                <TextEquiv>
                    <Unicode>Kunst wach. Ein armer Teufel von Journalist, der einsam #</Unicode>
                </TextEquiv>
            </TextLine>
            <TextLine id="r2l125" custom="readingOrder {index:124;}">
                <Coords points="2637,4175 2666,4178 2681,4170 2708,4168 2720,4173 2726,4167 2737,4171 2743,4165 2747,4169 2764,4163 2780,4166 2779,4122 2752,4130 2738,4119 2711,4123 2701,4114 2684,4114 2668,4120 2651,4107 2639,4107"/>
                <Baseline points="2648,4151 2678,4152 2709,4153 2739,4154 2770,4153"/>
                <TextEquiv>
                    <Unicode>#r</Unicode>
                </TextEquiv>
            </TextLine>
            <TextEquiv>
                <Unicode>box 21/2
folgenden bedeutend zurück. Es wirkt durch den Ernst und die Tiefe! Spita
der angeschlagenen Probleme, aber die Figuren bleiben allzusehr sprechg
Schattenriß, um lebhafter zu interessieren. Eine Frau, die von töd= denen
Wilder
lichem Siechtum befallen ist, hat heimlich Gift genommen, nicht weil
sie selbst ihr Leiden nicht länger ertragen mag — denn noch immer
sich
das
findet sie Stunden der Tröstung in der treuen Liebe eines alten
hören,
sondern weil ihr Leiden als furchtbarer und
Freundes

Arme
entnervender Gram auf der Seele ihres Sohnes lastet.
wie n
Er ist ein Künstler, aber seit ihre Krankheit die furchtbare Wendung
heuche
nahm, ist seine Schaffenskraft, von der die Freunde viel, das über¬
schwenglich liebende Mutterherz alles erwartet hat, gebrochen. So singen
kleinen
reifte der Entschluß eines stillen, vor aller Welt verborgenen Opfer¬
Man
todes in ihr. Nur dem alten Freunde hat sie in der letzten Stunde
klingt
geschrieben, daß sie freiwillig, daß sie aus Liebe für den Sohn ein
ist das
Ende machen wolle; er soll das als unverbrüchliches Geheimnis be¬
regt.
das ist der Inhalt des Schnitzlerschen
wahren. Und nun stößt —
Todes
Dramoletts — die abgrundtiefe Verzweiflung und der zornige Gram
Stann
des Alten, dem jene Frau das höchste Gut des Lebens war,
ahnnn
mit dem jugendlich leichteren Schmerz des Jünglings zusammen.
trollt
Ein unbezwingliches Bedürfnis packt ihn, an dem, den er als
meiste
ahnungslosen Mörder jenes Höchsten haßt, furchtbare Strafe zu
vollziehen. So giebt er ihm den Brief der Mutter. Ihre Opferthat
„Litt
soll dem, für welchen sie gebracht ward, zum Fluche werden. Aber der
und f#
lehnt mit der Kraft des Lebens sich dagegen auf. In den engen Formen
frivole
des Einakters konnte die psychologische Fülle des Stoffes naturgemäß
weit
nicht zur freien Entwicklung kommen. Die Hauptperson, die Mutter,
ein H
deren Charakteristik erst alles Weitere lebendig und verständlich hätte
jeder
machen können, schied hier von vornherein aus. Gespielt wurde, vor
gewech
allem von Reinhardt, der die Rolle des Alten hatte, vor¬
Poeten
trefflich.
Schon viel mehr dramatischen Nerv hakte das zweite Stück:
der be
„Die Dame mit dem Dolche.“ In ihm lebt etwas von jener
liebe 
eigentümlichen Phantastik, von jenem Ineinanderspielen von Schein
spottet
und Wirklichkeit, wodurch der „bunte Kakadit“ so eigenartige Stimmungs¬
reize erzielte. Freilich reichte auch hier, wie in den „lebendigen
Stunden“ die Ausführung nicht an die Größe der Idee heran. —
Traumbilder sind schon oft dem Rahmen eines größeren dramatischen
aber wohl noch nie mit jener eigen¬
Ganzen eingefügt,
artig pointierten Wendung, wie in diesem Schnitzlerschen Stücke.
Das Tramnbild erscheint hier wie eine Rückerinnerung an frühere
Existenzformen der Seele. Wem wäre es nicht schon einmal be¬
gegnet, daß ihm in irgendwelchen Situationen plötzlich der Gedanke
aufdämmerte, das Gegenwärtige sei nicht ein Neues, sondern irgend¬
wann und irgendwo schon einmal durchlebt? So lächerlich es wäre,
aus solchen nervösen Zuständen, die eine ganz natürliche Erklärung
zulassen, im Ernste mystische Folgerungen ziehen zu wollen, so wenig
kann es doch der dichterischen Phantasie verwehrt sein, dem Zauber dieses
Geheimnisvollen nachzugehen, und dabei die dunklen und uralten Ge¬
danken der Seelenwanderung und eines Vorausbestimmtseins alles
unsres Thuns durch frühere Geschlechter leis mitanklingen zu lassen. —
Vorzüglich stimmungsvoll war die Umrahmung der Vision, die schwüle
Liebesscene in dem Kunstsalon und dann der Schluß. Ein junger
Mann wirht um die Gattin eines großen Künstlers. Sie weist ihn ab,
ihr Gatte würde sie töten, wenn sie die Treue ihm bräche, und mit
all Jasern, ob er sie auch hundertmal betrüge, hängt ihr Herz an
ihm. Nur eine flüchtige Wallung war es, wenn sie in dieses Stell¬
dichein gewilligt hat. Da fällt ihr Blick auf die alten Florentiner
Bilder. In Florenz ist sie geboren und plötzlich in der nervösen
Erregung, in welche sie das Drängen ihres Begleiters bringt, kommt
es über sie, sie müsse die Gestalten dort alle schon gesehen haben!
und die eine Figur, „Die Frau mit dem Dolche“, das sei sie selbst.
Erschöpft sinkt sie auf einen Sessel. Und nun zieht die Vision
einer um Jahrhunderte entlegenen Vergangenheit an ihr vorüber.
Der kleine helle Salon verwandelt sich in einen alten Florentiner
Prunksaal. Sie selbst, ihr Werber, ihr Gatte sind alte Florentiner.
Aber das veränderte Kostüm birgt gleiche Leidenschaften. Sie sieht¬
sich, wie sie den jungen Liebhaber in der flüchtigen Lust eines Augen¬
blicks erhört, und wie sie dann, von ihrem Manne kalt zurück¬
gestoßen, den Jüngling in grenzenloser Wut der Verzweiflung mit
dem Dolche — so wie das alte Bild es darstellt — niedersticht.)
Wieder hebt sich der Vorhang und zeigt die verfängliche Scenerie.
Langsam erwacht sie aus der Ohnmacht. Der Traum hat ihre Krafts
gebrochen; die Vergangenheit, die sie in wenigen Sekunden geschaut hat,
birgt eine fatalistische Vorausbestimmung ihres eignen Schicksals in sich.
Besinnungslos, in unerklärlichem Drange, wie jene Florentinerin, ihr
andres Ich, verspricht sie dem ungeliebten Anbeter Erhörung. Was
war, muß in dem Ringe des Geschehens wiederkehren mit unerbitt¬
licher Notwendigkeit. — Dem wunderbaren Spiele von Irene
Triesch gelang es, all die feinen Uebergänge einander wider¬
streitender Empfindungen und so auch diesen letzten, aus den Tiefen
eines rätselhaft Unbewußten hervorquellenden Entschluß völlig
natürlich erscheinen zu lassen. Freilich hätte, wenn die rechte
spukhaft=phantastische Wirkung festgehalten werden sollte, in dem
visionären Zwischenspiel noch viel geändert und stark gestrichen
werden müssen. In seiner jetzigen Gestalt fehlt ihm die über¬
zeugende Kraft.
Ein voller Erfolg aber waren die , letzten Masken“. Da
gab es keine toten Stellen. Idee und Ausführung deckten einander.
Die schneidende Ironie, die verhaltene Spannung, das schwermütig
Grüblerische in diesen Scenen rief fast eine Erinnerung an Ibsensche
Kunst wach. Ein armer Teufel von Journalist, der einsam #
#r</Unicode>
            </TextEquiv>
        </TextRegion>
    </Page>
</PcGts>
