3392 4224
2104 223 2557 318 box 21/4
296 233 1965 337 16.1. Lebendige Stunden— zyklus
2430 1125 3021 1203 „gungen s.
1845 1137 2007 1208 ritene*
668 1139 1560 1213 sich heute schon, ihren Standpunte „.. —......
654 1185 3010 1274 Fragen festzustellen und gleichzeitig Gebiete zu berühren, und tritt für eine Erhöhung der Getreidezölle ein.
1832 1214 3019 1276 Industrie und Gewerbe werden durch eine derartige Erhöhung
1643 1246 1840 1320 M en
1838 1257 3010 1309 keinen Schaden erleiden, weil die Landwirthschaft der haupt¬
1837 1293 3027 1352 sächliche Abnehmer der Industrieartikel sei. Es könne dem Staate
635 1295 1839 1387 daß man glaubte, Karlchen werde darin ertrinken müssen.
1833 1345 3014 1390 nicht gleichgiltig sein, daß der Bauernstand zugrunde geht, ein
714 1358 1854 1418 — In dem Schauspiel „Donauwellen“ war Herr Korff
1835 1369 3013 1430 Stand, der sich gewiß nicht an den Umsturzbestrebungen der
1255 1413 3015 1458 seine Rolle geschraubt heutigen Zeit betheiligt, sondern ein festes Bollwerk
660 1415 1160 1488 ebenso natürlich a
2783 1439 3017 1497 Social¬
2159 1456 2285 1498 der
2304 1440 2772 1506 heranstürmenden
664 1453 2138 1515 ist, Frau Medelsky gab die Hedwigsgegenüber
1833 1495 3017 1539 demolnatie ist. Redner spricht den Wunsch nach baldigem Er¬
660 1503 3027 1573 knapp, wie sie eben alle die unglücklichen süßen Mädel jasse einer für die Landwirthschaft günstigen Durchführungsver¬
1714 1561 3020 1628 kamtordnung zum Gesetz, betrefsend das Verbot des Termin¬
669 1568 1727 1627 gibt, und Herr Zeska als Weinreisender Ott
668 1587 3032 1666 geraden Weges aus der „Schmetterlingsschlacht". Dieshandels, aus und tritt für die Aufhebung der Staffeltarife.
1852 1627 3015 1688 und Wiedereinführung der Kilometertarife, ein. Bezüglich der
670 1654 1843 1717 Meixner Poldi verkörperte Fräulein Kögl und den
1842 1664 3023 1731 Zigennerplage müsse einmal mit Ungarn ein ernstes Wort
674 1690 1835 1764 Fiakerkutscher Dangl, der ausgerechnet „der Blade“ heißt,
1825 1700 3015 1766 gesprochen werden (Beifall.) Redner verweist auf die Concurrenz
675 1736 3013 1814 gab Herr Kracher. Als Baron war Herr Schmidt] Amerikas und schließt: Alle Staaten rüsten zu den bevorstehenden
670 1813 3023 1871 vortrefflich in Maske und Spiel, und als Kellner be= Handelsverträgen. Auch wir dürfen die Hände nicht in den Schoß
1831 1815 3015 1883 legen und die wichtigste Zeit nicht verschlafen! (Bravo! Bravol
666 1842 1844 1913 mütten sich Herr Witte und Herr Moser erfolg¬
1843 1865 2128 1925 im Centrum.)
677 1889 1852 1954 reich um das Colorit der Scenerie. — In dem Lust¬
1930 1878 3032 1960 Abg. Povsche (slavisches Centrum) erinnert daran, daß
1843 1942 3021 1995 unser Erport sich gehoben habe, aber auch der Import gestiegen sei.
670 1932 1843 2007 spiele „Sphinx“ bot Herr Thimig als Privatgelehrter
1843 1976 3021 2028 Von unserem Gesammtexport entfällt etwas über 50 Percent auf
2657 2010 2752 2043 Staat
2420 2010 2613 2049 de Stein
674 1992 1840 2051 eine so köstliche Leistung, daß er allein nicht
1843 2014 3018 2067 Deutschland, und nun hat sich gerade dieser Staat, unser bester
681 2037 1835 2100 blos das Lustspiel, sondern auch die aufgepackten beiden
1848 2051 3017 2106 Abnehmer, entschlossen, namentlich auf jene Gegenstände, die
1837 2082 3018 2146 wir exportiren, verdreifachte Zölle zu legen. Unser Viehexport
684 2091 1842 2143 Schauspiele zu tragen vermöchte, wenn es da etwas zu
1842 2132 3017 2179 nach Deutschland sei badurch geradezu in Frage gestellt. Aber auch
1619 2132 1835 2200 Professor
676 2144 1635 2212 tragen gäbe. Herr Gimnig als
1841 2158 3027 2217 der Getreideerport werde leiden. Die österreichische Landwirth¬
1268 2180 1642 2248 wie immer,
1712 2185 1843 2244 Herr
1100 2167 1226 2249 brav
672 2186 1041 2262 Wendel war
1841 2201 3025 2262 schaft möge nicht glauben, was in manchen Blättern zu lesen ist,
1128 2214 1844 2306 Talghändler Dögl gleichfalls
1835 2230 3022 2285 daß die Concurrenz Amerikas ihren Höhepunkt erreicht habe. Die
672 2227 1105 2298 [Römpler als
1844 2270 3022 2332 überseeische Gefahr ist für uns umso bedrohlicher,
676 2285 1845 2347 erquickend wie immer. Als Eva Treu war Frau
1845 2311 3021 2367 als drüben die Regierung und alle maßgebenden Factoren
677 2326 1837 2380 Albach=Retty hübsch und nett, ohne jedoch aus
1842 2344 3015 2399 rastlos thätig sind. die Concurrenz in wirksamer Weise
2157 2369 3019 2438 Ist es nicht eine Wahrheit, daß aus
671 2377 1841 2439 dem Nichts dieser Rolle mehr schöpfen zu können, als
1843 2390 2171 2449 zu ermöglichen.
1843 2425 3025 2478 dem weiten Amerika mit Dampfschiffen selbst frisches Fleisch
679 2421 1843 2491 eben einen Erfolg ihrer persönlichen Liebenswürdigkeit.
1841 2452 3019 2510 täglich auf den Londoner Markt gelangt? Der intensive Betrieb
674 2471 1846 2551 Als Mediciner Heinz Treu war Herr Treßler glänzend in
1853 2485 3022 2554 ist das Einzige, was die Landwirthschaft heute noch rentabel
678 2522 1844 2576 der Maske und auch maßvoll in der Charakteristik.
1845 2530 3026 2584 machen kann. Die Auswanderung aus Oesterreich ist eine er¬
1843 2566 3021 2623 schreckende, und nicht Fabriksarbeiter, nicht Städter ziehen hinaus,
668 2572 1855 2643 Die Aufnahme, welche die drei Einacter fanden, war
1850 2599 3019 2677 sondern ausschließlich bäuerliche Familien, welche die heimatliche
665 2623 1840 2696 gleichmäßig freundlich. An dieser Gleichmäßigkeit hatte
1849 2652 3024 2697 Scholle nicht mehr zu ernähren vermag. Redner befürwortet
679 2666 1842 2729 Werth oder Unwerth der einzelnen Stücke wenig Theil.
1851 2677 3029 2730 ferner den Schutz der Flachs= und Leinenproduction. Am meisten
1852 2715 3021 2773 sei er aber für den Viehexport, der einzigen Ressource der Alpen¬
674 2720 1840 2792 Die Temperatur blieb so gleichmäßig nach dem ersten,
671 2747 3027 2837 nach dem zweiten und nach dem dritten Einacter, weil länder, besorgt. Amerika habe uns England, unseren besten Markt,
677 2831 3021 2871 man sich offenbar mehr für die Verfasserin als ihret weggenommen. Da müsse jede Rücksicht weichen. Die serbische Ein¬
1843 2840 3021 2881 fuhr dürfe nicht mehr begünstigt werden. Holz, Zucker und Vieh
1842 2859 3026 2921 haben bisher unsere Handelsbilanz gehalten, deßhalb haben nicht
667 2850 1719 2938 Werke erwärmte. Es war viel Familie im Hause.
1849 2896 3024 2954 blos die agrarischen, sondern alle Kreise Interesse an der Er¬
1347 2910 1809 3003 Gustav Davis.
1854 2912 3088 2994 haltung unseres Vieherports. Redner befaßt sich hierauf eingehend¬
1798 2935 1878 3018 1
1837 2982 3041 3047 mit den Fragen der Milchwirthschaft. Bei unseren prächtigen
