3436 4224
297 109 1944 207 16.1. Lebendige Stunden zyklus
976 818 1388 898 Telefon 12801.
500 915 1850 1020 Alex. Weigl's Unternehmen für Zeitungs-Ausschnitte
1529 997 1722 1073 Ausschnitt
847 1049 1844 1150 „ODSERVEN Nr. 58
441 1123 1911 1211 I. österr. behördl. conc. Bureau für Zeitungsberichte u. Personalnachrichten
633 1209 1734 1311 Wien. IX,, Türkenstrasse 17.
778 1280 1572 1376 — Filiale in Budapest: „Figyelö“ —
443 1345 1893 1431 Vertretungen in Berlin, Chicago, Genf, London, Newyork, Paris, Rom, Stockholm.
440 1469 954 1564 Ausschnitt aus:
438 1615 614 1700 vom
1146 1588 1681 1734 Doltsche Tbssteliung.
619 1730 970 1819 On
842 2044 1694 2176 TTheater. 1/0
614 2148 1746 2231 E.-B. In Deutschen Theater gelangte gestern Arthur
596 2206 1747 2279 Schnitzlers neuer Einakter=Cyklus „Lebendige Stunden“
583 2225 1754 2316 zur ersten Aufführung. Der Erfolg, den der Abend dem
593 2272 1764 2358 Dichter und der Darstellung brachte, war kein ein¬
588 2327 1765 2403 heitlich starker. Der Wiener Poet hat unter dem
593 2365 1768 2446 Gesamttitel des ersten Stückes vier Einakter von recht
605 2417 1762 2499 #ngleichem Charakter und Werte vereint, die alle Vorzüge, aber
456 2430 573 2509 Für
600 2468 1756 2533 uch die dentlichen Schwächen seiner aus dem Boden der Un¬
596 2486 1848 2586 wirklichkeit erwachsenen Litteraturkunst offenbaren. „Litteratur“ Kve
461 2516 518 2580 87
598 2519 1819 2632 der Name des Schlußschwankes hätte dem Abend die bezeichnendere P.##
464 2606 564 2658 „ 1
602 2574 1842 2667 Signatur gegeben: es ist wirklich nur Litteratur und wenig sinz
599 2635 1769 2721 Leben, was da den Inhalt der ersten beiden Schauspiele „Lebendige
597 2663 1870 2749 Stunden“ und „Die Frau mit dem Dolche“ bildet. Dann kam## das
421 2680 558 2750 Abonn
421 2739 604 2804 Abonnen
603 2725 1882 2811 die Sensation des Abends: nach dem Voraufgegangenen# den
598 2756 1713 2840 ein überraschender Aufschwung in rein dichterische Höhe
600 2814 1699 2883 das Schauspiel „Die letzten Masken“, eine durch die Feinh
423 2854 596 2918 Inhalts
603 2858 1662 2938 der psychologischen Motivierung und die Kraft
424 2905 599 2958 blätt
609 2887 1654 2972 poetischen Ausgestaltung gleich verblüffende Studie,
427 2947 608 3006 wodurch
612 2941 1669 3019 allein wohl verdient, daß wir uns mit der jedenfalls interes
425 2983 592 3034 des In¬
608 2999 1659 3064 Dichtung noch eingehender beschäftigen. Die Darstellung
425 3022 609 3083 werden i
611 3034 1603 3109 den Traditionen des „Deutschen Theaters“ würdig.
612 3062 1610 3148 hardts und Bassermanns Leistungen im letzter
618 3114 1653 3194 Einakter insbesondere werden als wahrhafte Meisterstücke
604 3151 1768 3239 lebensechten Schauspielkunst im Gedächtnis für lange haften
606 3212 1258 3299 bleiben. Das Weitere am Montag.
1241 3220 1584 3312 B
2112 101 2540 190 box 21/2
2436 440 2940 599 Kax Coldsch,
2266 505 2451 640 9r.
2556 555 2932 645 Bureau für 4
2938 536 3103 651 700
2339 627 3015 712 Zeitungsausschnitte und Verlag
2329 691 3017 766 der Wissenschaftlichen Revue.
2260 723 3126 837 BERLIN M., Auguststr. 87 part.
2402 807 2964 873 Telephon Amt III. No. 3051.
2165 914 2501 963 Telegramm-Adresse:
2517 902 2852 985 Ausschnitt
2153 952 2510 1010 COLD SCHMID T. Auguststr. 87.
2637 966 2737 1020 aus
2145 1216 3197 1311 ## Deuischer Reichsanzeiger, Berlin
2550 1322 2846 1414 -6 1. 02
2391 1400 2870 1496 Theater und Musik.
2404 1475 2846 1557 Deutsches Theater.
2086 1505 3230 1578 Recht ungleichwerthie waren die vier Einakter von Arthur
2019 1559 3245 1635 Schnicler Sonnabend unter dem Gesammttitel
2024 1612 3253 1661 „Lebendige Stunden“ zum ersten Mal in Scene gingen. Der Autor
2030 1657 3247 1710 macht darin den Versuch, markante Erlebnisse zu schildern, welche
2027 1685 3242 1747 dem schaffenden Künstler Anregung zu neuem Werke geben und
2021 1742 3246 1795 welche, der flüchtigen Stunde und der Vergessenheit entrissen,
2897 1767 3253 1824 wo sie dann
2028 1772 2854 1824 in die Kunst hinübergerettet werden,
2018 1817 3239 1865 dauernd den Eindruck wiedergeben, welchen einst die Künstler¬
2020 1850 3239 1899 seele von ihnen empfing. Dieses Hauptthema, welches in dem den
2032 1886 3247 1939 Cyklus eröffnenden, gleichfalls „Lebendige Stunden“ betitelten Dramolet
2022 1927 3239 1973 in recht schwacher Ausführung erscheint, kehrt in zwei weiteren
2027 1962 3246 2023 Schauspielen und einem das Ganze abschließenden satirischen Lustspiel
2022 2005 3246 2066 in verschiedenen Variationen wieder. In dem erwähnten
2014 2032 3243 2085 ersten Stück ist der Held ein junger Dichter, der vor
2722 2081 3237 2150 Mehrere Jahre hatte er
2022 2085 2730 2146 kurzem seine Mutter verloren hat.
2023 2111 3253 2180 sie dahinsiechen seben und unter diesem lähmenden Eindruck
2022 2171 3255 2216 seine Schaffensfreudigkeit eingebüßt. Nach ihrem Ableben erfährt
2029 2206 3246 2255 er erst durch einen hinterlassenen Brief, daß sie nicht eines natürlichen
2016 2234 3237 2290 Todes, sondern freiwillig gestorben sei, um ihn wieder frei zu machen.
2024 2276 3245 2336 Der Schmerz über den Verlust der Mutter weicht nunmehr in des
2018 2325 3249 2371 Dichters Seele der Bewunderung ob der Größe dieses Liebesopfers,
2027 2359 3252 2411 dessen er sich nun durch ernstes Schaffen würdig erweisen
2024 2393 3235 2455 will. Leider sind der psychologischen Momente, die dem Zu¬
2033 2438 3242 2491 schauer diesen Vorgang als wahrscheinlich erscheinen lassen
2026 2485 3235 2528 könnten, zu wenige, um eine innere Antheilnahme daran zu ermöglichen.
2032 2561 3237 2613 macht noch mehr den Eindruck eines ausgeklügelten Falles. Der
2017 2591 3246 2647 Titel ist einem in der Galerie hängenden Gemälde eines unbekannten
2028 2635 3243 2684 alten Meisters entnommen, vor welchem eine junge Frau, Paulige,
2022 2672 3243 2735 und ein junger Mann. Leonhard, sich ein Stelldichein gegeben haben;
2019 2714 3254 2773 er wollte ihr das Bild zeigen unter dem Vorgeben, daß sie der
2027 2740 3240 2804 „Frau mit dem Dolche" ähnele, in Wahrheit aber, um eine
2025 2791 3240 2847 noch heimlichere Zusammenkunft mit ihr zu verabreden. Da plötzlich,
2022 2831 3241 2885 während Pauline das Gemälde betrachtet und mit halbem
2027 2864 3244 2917 Ohre den Liebesbetheuerungen ihres Begleiters zuhört, zieht
2035 2903 3248 2962 wie ein Traumbild die mögliche Entstehungsgeschichte des Bildes
2023 2951 3252 3002 an ihrem Geiste und scenisch an den Augen der Zuschauer vorüber:
2020 2975 3351 3048 sie sieht sich als die Frau eines Florentiner Malers im Zeitalter der
2032 3025 3244 3074 Medicäer und als Mörderin ihres Verführers, den sie in Gegenwart
2020 3056 3240 3119 des heimkehrenden Gatten soeben erstochen hat. Auch bei diesem
2032 3108 3186 3151 halb realistischen, halb märchenhaften Drama kommt man
2030 3149 3247 3193 keinem seelischen Mitempfinden; man hat nur das Gefühl, daß
2027 3185 3236 3240 ein großer Aufwand an Worten und scenischer Ausstattung um einer
2031 3226 3219 3269 doch ganz abstrakt bleibenden Idee willen verthan worden ist. —
2032 3261 3231 3314 Packender sind dagegen die beiden anderen Stücke, in denen das Thema
2024 3298 3247 3353 weniger pedantisch festgehalten wird. Das Schauspiel „Die letzten
2029 3344 3234 3400 Masken“ zeigt einen schwindsüchtigen Schauspieler im Krankenhaus,
2034 3386 3230 3436 Pelcher seine Mitpatienten zum Zwecke eigenen Studiums beobachtet
2028 3414 3247 3465 und seinen Stubenkameraden die Zeit durch naturgetreues Kopieren
2035 3459 3240 3502 Krselben vertreibt. Ein zweites Motiv, welches einen Einblick
2070 3483 3234 3550 die traurigen Schicksale eines anderen Todtkranken gestattet, ist mit
2048 3537 3224 3588 Gesem geschickt verschmolzen. Das Ganze wirkt auf dem düsteren Hinter¬
2053 3573 3194 3626 Kunde menschlichen Leidens lebenswahr und erschütternd — Das letz
2037 3609 3204 3661 Stücklein „Literatur“, zeigt das Hauptthema humoristisch variiert. D
2025 3645 3148 3704 Fecht belustigende satirische Pointe besteht darin, daß zwei Schriftst
2028 3681 3235 3741 Einen und denselben Briefwechsel in ihren gleichzeitig erschienenen Romanen
2016 3727 3246 3790 Averwerthet haben. — Um die Darstellung der vortrefflich inscenierten
2043 3776 3243 3825 vier dramatischen Arbeiten machten sich besonders Fräulein Triesch¬
2054 3807 3074 3856 ind die Herren Reinhardt, Rittner, Fischer, Hahn und Ba
2081 3851 3113 3894 rdient. Der Beifall war besonders nach den letztgenannten
2035 3889 3090 3947 Werken stark und einmüthig und rief den Verfasser mehrmals
2025 3929 2233 3988 Vorhana.
