3392 3968
529 -2 1686 61 in dem berühmten Theatermann fand ich, wie es einst gewesen.
557 41 1720 102 Er wurde gewiß von der gleichen Erinnerung befallen — sie
521 82 1715 133 war uns so wert, daß wir sie nicht aussprachen, Hier sei sie er¬
517 125 1704 190 wähnt. Wie lange ist es her? Im Frühling 1894 begleitete ich
522 168 1717 221 Otto Brahms von München nach Salzburg. Der neue Direktor
529 216 1719 257 des Deutschen Theaters war auf der Talentsuche. Brahm kam wirk¬
516 256 1711 311 lich als Skeptiker nach Salzburg, und an ihm verwirklichte sich
529 290 1715 359 das alte Wort: wer wenig sucht, der findet viel. Er ahnte auch
525 344 1714 409 nicht, was er gefunden, als er Salzburg verließ. Wer hätte es
525 377 984 444 damals ahnen können?
550 415 1705 493 In demselben Stadttheater, das heute unter dem Stern der
522 474 1701 522 Festspiele steht, wurde im Frühling 1894 „Heimat“ von Suder¬
516 518 1713 571 mann gegeben. Brahm wollte das Schauspiel eines jungen Dar¬
522 540 1708 621 stellers egen sehen. Dieser Zwanziger aus Wien spielte Magdas
519 612 1712 666 gichtbrüchigen Vater, er hieß Max Reinhardt. Es war eine vor¬
528 644 1713 703 zügliche Leistung von auffallender Reife und Kraft. Brahms
519 684 1706 750 sprach das Schicksalswort: „Ich werde ihn engagieren.“ Nach der
526 727 1713 776 Vorstellung erwarteten wir den jungen Schauspieler im „Oester¬
523 779 1715 833 reichischen Hof“, der damals schon war, wo er heute ist. Max
524 818 1712 865 Reinhardt kam, mit einem Freunde, wenn ich mich recht erinnere,
522 865 1713 900 einem kleinen Komiker des Salzburger Theaters, Marx war sein
522 893 1710 951 Name, und auch ihn verpflichtete der Direktor aus Berlin, der die
523 937 932 991 große Hoffnung war.
560 978 1709 1039 Man rekonstruiert gern, wenn man den Weg einer Persönlich¬
516 1030 1708 1102 keit zurückblickt. Im Falle Max Reinhardt sind die vordeutenden
514 1067 1716 1134 Lichtzeichen nicht leicht zu finden. Er war von vornherein eine
515 1119 1700 1171 starke Persönlichkeit, ganz gewiß, aber mehr noch als bei vielen
509 1166 1702 1222 anderen traf sein Eigenstes mit Strömung, Wachstum, Kultur¬
508 1195 1710 1252 reife der Zeit zusammen. Er war Erwecker und ebenso Werkzeug.
520 1240 1705 1289 In seinem Wesen lag immer neben der zähen Energie die Demut
511 1281 1711 1336 des Getriebenen, Wollenden, weil Müssenden. Für das Märchen
517 1333 1716 1395 des Lebens wie für das der Kunst prädestiniert, trug er seine
520 1369 1699 1419 Sehnsucht, die sich zu Sehnsüchten fand, kühn und still, musik¬
520 1419 1616 1468 froh und melancholisch, jung, aber nur ein Teil der Jugend.
554 1461 1706 1534 So stieg er empor, und es heftete sich an seine Gestalt das
523 1492 1706 1565 Starke und das Gefährliche der Zeit. Machtwille, Ruhm und
508 1537 1696 1613 Mammon, von allen Blüten der Künste umrankt. Ein Künstler¬
508 1603 1701 1655 bild, das so in's Weite und Breite ging, daß es hier besonders
522 1637 1700 1704 not tut, den Menschen hinter dem Namen, die echte Sehnsucht
518 1683 1712 1737 hinter Projekten, Erfolgen, blendenden Lebensgütern zu finden.
551 1724 1709 1764 Nach 33 Jahren hat der junge Schauspieler von einst die
501 1761 1713 1805 Weltgeltung Salzburgs verstärkt. Er zaubert große Theater¬
511 1802 1704 1862 kunst in das heilige Reich der Kirchen und Kulturdenkmäler. Er
522 1848 1712 1902 ist Herr eines Schlosses, das einst dem Kaiser von Oesterreich
516 1896 1717 1972 gehört hat. Nein, an der Wiege werden nur Ammenlieder ge¬
527 1935 1031 1992 sungen — so etwas nicht.
549 1966 1705 2037 Die Stadt des Trostes macht den, der sie gefunden hat, emp¬
515 2022 1702 2079 findlich. Ich kenne Reinhardts Weg und fragte mich oft: Was
519 2078 1709 2129 ist mit diesem österreichischen Künstler geschehen? Daß er nicht
512 2113 1696 2175 nur Erfolgskind war, wußte ich. Hier wirkte ein tieferes Sym¬
520 2157 1695 2217 bol des Menschenlebers. Ein Weg empor, aus der Tiefe zum
504 2206 1703 2254 Licht, ein Traumverwrklichen. Das war (s. Nur Wenigen ist
510 2236 1714 2298 es verliehen. Das (teich der Träume bleibt unbegrenzt, doch
515 2285 1699 2338 wer packt die schimmirnden Bausteine, wer schichtet sie auf, wer
513 2329 1708 2388 schafft ein Werk der Architektur? Ich glaube nicht, daß der
509 2374 1712 2431 Traumbau Max Reinhardts schon im Anbeginn der Laufbahn
516 2412 1708 2455 seinen Grundstein fand. Wahrscheinlich hat der junge Schau¬
514 2454 1711 2511 spieler vor 33 Jahren nichts von dem weltbekannten Festspiel¬
508 2500 1709 2540 leiter, dem Schloßherrn in Leopoldshorn geahnt. Es trieb ihn,
521 2537 1709 2597 und so trieb er sich. Sehnsüchtig sind alle jungen Künstler, doch
514 2586 1713 2644 in diesem war die Möglichkeit des Festhaltens, der Träumer er¬
519 2624 1708 2680 wachte und verwirklichte den Traum. Das ist sein Phänomen.
519 2668 1703 2721 „Verwirklichung“ — das Wort ist nicht von dieser Welt und steht
506 2716 1342 2763 doch in der Welt, sehr nahe der Wirklichkeit.
544 2748 1698 2803 Salzburg machte mich empfindlich, wei ich es liebe, wie es
505 2811 1711 2859 gewesen ist und bleiben muß. Da schadet meinem Gefühl von
504 2840 1695 2888 Max Reinhardt, dem neuen Max Reinhardt, das viele Hören¬
510 2881 1695 2947 sagen. Ich mochte den Theatergeist, auch wenn er noch so
509 2937 1697 2995 glänzend war, nicht in dieses Stadtbild lassen. Mir bangte vor
505 2966 1697 3030 dem edlen Geviert des Domplatzes, das die Menge der „Jeder¬
509 3015 1696 3092 mann“=Zuschauer aufnahm. Laßt sie ruhen, die Toten, ewig
506 3054 1199 3123 Lebendigen — das war mein Gefühl.
547 3107 1696 3157 So ging ich, halb verstimmt, an dem öden Bretterbehelf der
511 3144 1694 3195 Bühne und Zuschauersitze auf dem Domplatz vorüber. Ich
513 3192 1699 3239 wünschte mir nicht, diesen modernen Eingriff in Aktion zu sehen.
509 3226 1697 3286 Die Frage: Darf es sein? Ist es nicht Unternehmerkeckheit auf
510 3276 1686 3322 diesem frommen Boden?, wollte nicht verstummen. Dann aber —
511 3324 1699 3368 die Berührung mit Theatermännern, die in Salzburg recht häufig
505 3355 1700 3414 zu treffen waren, das Wiedersehen mit Max Reinhardt —, an
512 3388 1702 3452 einem wolkenlosen Nachmittag saß auch ich vor dem Dom und
506 3445 1690 3509 sagte mir: entweder, oder. Entweder gilt es etwas, oder es wird
508 3488 956 3547 etwas damit ungültig.
542 3529 1692 3584 Das Ergebnis war die alte, undefinierbare Macht der Theater¬
505 3572 1695 3632 kunst: öder Bretterbehelf verschwindet, wenn der Zauberer kommt
510 3610 1697 3675 und spricht. Max Reinhardt ist wirklich ein Zauberer — des
511 3654 1702 3709 wurde mir vor der Jedermannbühne erst ganz bewußt. Ihm ge¬
502 3698 1706 3755 hört die Vision, die aus der Materie Geist holt, aus stummen
493 3749 1688 3805 Dingen Möglichkeit. Sein Theatergenius sah auf dem Salzburger
499 3798 1702 3860 Domplatz, was stille Lebenssucher nicht sehen konnten. Deshalb
1738 -3 2917 32 ist es, was nicht auf dem „gettel“ steht. Die Tauben, die in den
1732 29 2918 84 Türmen des Domes nisten, schwirren vorüber, und ihr Stichwort
1734 81 2914 138 ist das Geheimnis des Instinkts, ein unbekannter Regisseur hat sie
1726 125 2911 168 gerufen. Seltsam ergreifend wird jedermanns verzweifelter
1731 163 2922 211 Menschenschrei von der stummen Geschäftigkeit der Vögel begleitet.
1725 217 2914 267 Das tiefste Rätsel dieser „Regie“ aber läßt auch die einfältige
1734 257 2912 314 Kreatur verschwinden, wenn das Heiligtum der Dichtung anhebt,
1732 291 2914 351 die zweite Szene der Mutter. Sie geht zum erlösenden Sterben,
1729 332 2922 396 rein und willig, dem alten Laternenträger folgend — Sterben
1727 393 2917 441 oder Frühmette — die Glocke will es. Sie gedenkt noch einmal
1734 418 2922 465 ihres Sohnes, der dicht über ihr auf der „Bühne“ steht und mit
1732 456 2921 523 dem Grauen des Todes ringt, nun auch der Erlösung nahe. Diese
1730 505 2911 558 Szene ist von Shakespeares, von Goethes Rang, sie streift die Doku¬
1735 544 2090 609 mente der Bibel.
1761 592 2911 653 Ich ging von nun an anders an dem öden Bretterbehelf auf
1732 636 2906 694 Salzburgs Domplatz vorüber. Es stimmte doch, es durfte sein,
1724 695 2911 756 und man muß ein Auge zudrücken, wenn das Theater nicht aktiv
1719 718 2871 802 ist. Es macht sich ohne die Belebung des Spiels nirgends gut.
1761 765 2913 846 Dennoch bleibt ein dauerhafteres Wohlgefühl zurück, wenn die
1723 818 2913 879 dämonische Probe auf Einheit von Kultus und Theater nicht erst
1721 874 2924 915 gemacht wird. Das Endergebnis ist doch: der Mensch von heute
1719 908 2912 955 soll ruhen lassen, was in steinernen Särgen schläft. Das mittel¬
1730 957 2914 1015 alterliche Spiel hat keine mittelalterlichen Zuschauer mehr, Ethi¬
1726 1000 2927 1063 sches läßt sich niemals ästhetisch wiederbringen, und eine Dissonanz
1724 1035 2428 1097 bleibt das Wort: Ich will naiv sein.
2631 1068 2703 1099 ARN
1748 1088 2917 1147 Deshalb war mir doch die echte, rechte Theateraufführung, die
1721 1122 2938 1201 ich noch im Geiste Max Reinhardts sah, eine Befreiung: Schiller
1719 1182 2930 1240 im Mozartreich, „Kabale und Liebe“ auf der Bühne des
1719 1222 2917 1269 Stadttheaters, wo Figaro gesungen. Ein wundersames Band um
1730 1261 2913 1318 Spiel und Empörung des Rokokoalters. Hinreißend über die
1723 1303 2914 1359 Zeiten hin und ein Kulturdenkmal, wie nur Max Reinhardt es
1721 1344 2912 1419 auf die Bühne stellen kann. Das alte Burgtheater, von Hugo
1720 1380 2916 1449 Thimigs Musikus Miller verkörpert, war mit ihm im Bunde.
1751 1428 2904 1484 Nun ist die Stadt des Trostes wieder dasselbe für mich, was
1713 1467 2916 1530 sie war. Sie ist es, weil mein Gefühl durch Zweifel und neuen
1719 1510 2912 1589 Glauben an Max Reinhardt gegangen ist. Er gehört wieder zu
1709 1541 2281 1626 Salzburg, ein Stück Jugend.
