3436 4224
2059 229 2476 330 box 21/2
237 225 1905 341 16.1. Lebendige Stunden zyklus
400 1659 3309 1717 um zu zeigen, daß sie auch Menschen sind, fallen allerdings kräß versucht, ein berechtigt Mitverguigter, in dessen Ziebertraum sich die Empfindung wind in der
402 1705 3311 1761 tigere und treffendere Hiebe als in der „Jugend von heute“. alles Ungemach erhöht und vergrößert, ein Sohn des Befreiungs= kämpfen, vom Spiele der Rhetorik
408 1747 3317 1797 Die Dichterin, die die unauständigen Verse schreibt, ihr Verlobter! jahres 1813, der, angerkeit von den vaterländischen Zuständen, in Technik des raschen Szeuenwan#
403 1785 3315 1844 der Baron der ihr das Dichten verbietet, sind ganz samose Phantasien über die Schreckenszeit der französischen Revolution Fülle von Charakteristik und H
2732 1816 3318 1886 hier auf die Wortfülle angen
1570 1825 2742 1883 umhertummelt. Aber seien wir aufrichtig: was zu Beginn
405 1833 1591 1888 Figuren. Ihr erster Fehltritt ist ein Reman, den sie trotzdem
2725 1867 3315 1930 und nieder — lediglich um ein
1573 1867 2731 1914 der dreißiger Jahre des vorigen Jahrhunderts aus diesen in¬
412 1868 1577 1918 geboren hat, segar mit Benutzung von echten Liebesbriefen, und
2720 1902 3317 1957 gewähren. So werden die
1571 1907 2733 1954 dividuellen und geschichtlich merkwürdigen Stimmungen in einer
410 1917 1578 1967 wenn dieselben heißgestammelten, sodann sorgfältig abgeschriebenen
2728 1930 3315 2000 Revolutionstribunal in kurze
1582 1941 2740 2013 krankhaft erregten Jünglingsfeele hervorwuchs, ist nichts weniger
405 1948 1581 1998 Liebesbotschaften dem Roman eines früheren Geliebten und
2728 1985 3314 2033 Die Art erinnert an die alten ##
1565 1986 2582 2053 als ein Meisterwerk und am allerwenigsten ein Drama.
419 1995 1584 2038 Kellegen die dokumentarische Echtheit verleiben, so giebt das eine
2733 2017 3320 2076 Hilfe kommt, daß jedes Einzelwe
1605 2013 2741 2082 Die Jugend zeigt sich nicht nur in der Verstiegenheit der Pbrase,
401 2012 1591 2091 höchst zeitgemäße Situation, die nur insofern veraltet ist, als die
2728 2063 3314 2123 als Offenbarung hingenommen wi
412 2074 1587 2125 Männer von heute nichts mehr dagegen haben, daß die schreibenden
1582 2066 2747 2113 in der dann und wann ein Funke von Genialität aufblitzt, sondern
1576 2108 2741 2164 auch in der Abhängigkeit von der Materie des Stoffes, von der
2733 2102 3323 2161 Publikum nur um Worte han
408 2104 1584 2151 Gattinnen ihre emthüllten Reize bandweise verkaufen. Dieser
402 2145 1589 2195 ebenso wahre wie lustige Schwank war ein ungemein glücklicher
1580 2144 2738 2192 Memoirenliteratur und den dramatischen Vorbildern, in der gleich¬
2745 2150 3310 2222 Als literarisches Experiment u
418 2171 1579 2236 Wurf und er wurde auch von Frl. Triesch wie den Herren
1580 2176 2723 2235 mäßigen Pathos, in dem alle Färbung der Charaktere verschsindet,
2722 2178 3308 2259 als unablässig auf die Beren
414 2221 1572 2272 Rittner und Bassermann mit verwegener Verbe genommen.
1574 2212 2731 2280 und in der dramatischen Ohnmacht, die die gewaltigen Vorgänge
2728 2243 3315 2296 verwiesen wurde. Solche Legen
1574 2264 2739 2308 in freischwebende Reflexionen und rhetorische Epigramme zer¬
407 2262 1582 2314 Alles in allem, es war ein realistischer, phantastischer, ernster,
2727 2278 3281 2341 szenische Versuch schafft uns
1570 2302 2742 2363 stückelt. Man kann es bis ins Einzelne hinein verfolgen, mit
409 2307 1588 2351 lustiger, immer auregender Abend, und so etwas können wir
2728 2302 3300 2377 greifenden Urtheile. Georg Bl
1568 2332 2740 2383 welchen Mitteln Büchner arbeitet: bald beherrschen ihn Ton!
408 2332 764 2409 brauchen. A. E.
2724 2340 3317 2416 Eeist unserer zweiten Sturm¬
1570 2379 2739 2435 und Stimmung der Schillerschen „Räuber“, bald die großen
2729 2395 3308 2447 in der Literatur behaupten, an
1583 2428 2730 2468 mots der französischen Revolution, deren Helden in Römer¬
2727 2432 3310 2487 „Dautons Tod“ glaube ich nicht
625 2439 1391 2512 Neue freie Volksbühne.
1570 2437 2739 2506 phrasen zu schwelgen liebten, bald die Reize der historischen Anek¬
2734 2477 3306 2525 eine unvergleichlich bessere Auffü
1573 2499 2735 2546 doten, die im abgeblühten Drama des jungen Deutschland bis zu
406 2493 1581 2568 Zum ersten Male: „Dantons Tod“, von Georg Büchner.
2725 2498 3314 2566 dilettantenhafte, geboten werden
1569 2532 2731 2591 Brachvogels „Narciß“ hinauf die Tiefe und Wahrhaftigkeit der
2728 2556 3289 2609 alledem entnehmen: daß die
700 2557 1319 2620 (Belle=Alliance=Theater.)
1577 2564 2731 2629 psychologischen Vorgänge zu ersetzen suchen, bald die Erinnerungen
2727 2580 3307 2646 auf der Bühne nicht ins Rel
1567 2617 2728 2668 an die raschen, zur Höhe hinanstürmenden Schritte des Shake¬
454 2595 1580 2663 Eine literarische Ausgrabung war es, keine dramatische Wieder¬
2730 2629 3306 2680 gedanken und Epigramme, die a
1580 2655 2730 2709 speareschen Szenenganges. In alle diese noch nicht inner¬
410 2651 1586 2709 belebung, was da einem massenhaften, erwartungsvollen Publikum
2728 2669 3321 2740 sind, an der Oberfläche haften b
1579 2692 2726 2739 lich verarbeiteten Reminiscenzen ergießt sich die Bitter¬
403 2694 1590 2733 an einem langen Sonntagnachmittag geboten wurde. Und das!
2754 2717 3330 2776 Dem überaus dankbaren Publ
1578 2725 2736 2783 keit des Verkannten, Schwerkranken, zumeist in bizarrer
403 2730 1583 2781 lag nicht nur an den unzureichenden Kräften, die sich an die
1579 2758 3323 2823 Steigerung, da und dort zu Höltyscher Weichheit ge=schlessen war, hat Herr Gürtle
417 2759 1581 2820 Sache heranwagten, sondern an der Sache selbst. Denkwürdig in
2722 2800 3319 2863 ein starkes Pathos legte, Beifal
1574 2809 2735 2855 mildert. Dieser subjektive Zug, der bald lyrisch, bald
406 2800 1578 2858 hohem Grade ist zweifellos die Hinterlassenschaft eines Jünglings,
2725 2835 3322 2899 Hellmer als Robespierre w
1582 2848 2732 2903 philosophisch hervortritt, ist der einzig echte und interessante der
410 2851 1575 2903 der, fast noch ein Kindlan Jahren, mit den schwierigsten Problemen
2725 2874 3297 2942 aber matt in der Farbe.
1572 2882 2726 2935 Dichtung; dann und wann fesselt uns ein Naturlaut der Empfin¬
405 2889 1580 2939 und Darstellungsformen kämpfte und nach den höchsten Kränzen
2729 2917 3283 2976 durch Masken zu wirken;
1574 2916 2743 2977 dung und ein tiefsinniges Epigramm, das in eine Kette von
413 2921 1588 2986 griff, während ihn Noth und Bedrängniß in den tiefsten
2731 2953 3306 3014 Darstellung wirkte nicht. D
1571 2953 2739 3014 rasselnden Phrasen eingefügt ist. Der Dramatiker erlahmt an den
405 2959 1588 3017 Niederungen des Lebens anfielen: denkwürdig und bezeichnend für
2720 2987 3289 3062 Moest) that mit den ihr
1576 2998 2733 3045 Motiven, deren Höhepunkte ihn reizen und in deren Tiefe er nicht
409 2992 1585 3049 eine genialische Individualität, die sich im Kampfe mit der
2722 3030 3282 3095 das Mögliche für das
1568 3031 2740 3107 Thineinblickt. Handlung und Charaktere sind unbeweglich vom ersten
412 3039 1588 3085 stumpfen Welt aufs äußerste anspannt, und für eine Zeit, in der
406 3083 1582 3137 das Mißvergnügen über kleinliche und erbärmliche Zustände sich
1587 3082 3263 3136 bis zum letzten Moment. Die letzte Szene sagt uns nichts, Schlusse wagte sie sogar —
1585 3118 2743 3175 was uns nicht schon die ersten verrathen hätten. Der
2721 3111 3271 3175 ninger, die in dem von Fi
403 3113 1578 3191 in erregbaren Naturen zum wilden Fieber steigert. Wer daran
2726 3151 3323 3209 Byrons ein Aehnliches versucht
1579 3157 2743 3214 starre Moralist Robespierre und der pathetische Lebens¬
397 3152 1591 3216 während der gestrigen Aufführung von „Dantons Tod“ dachte,
2733 3200 3316 3242 Szene. Die Genossen rückten zu
1569 3197 2741 3253 künstler und reuige Schreckensmann Danton behaupten
418 3201 1583 3244 der mochte sich ernsthaft ergriffen fühlen; denn der Dichter
2730 3227 3316 3281 um das Opfer, auf dessen Hau
1576 3236 2734 3290 vom ersten bis zum letzten Moment den Standpunkt ihrer
407 3235 1589 3286 selbst, dessen trauriger, lebensmüder und doch ruhmgieriger
2719 3277 3313 3337 herabfallen sah. Das ist wohl
1574 3279 2732 3322 Schlagwörter, die die Szeue erdröhnen machen, ohne sie innerlich
406 3264 1596 3317 Blick aus den Masken des Stückes brennend hervorsticht,
467 3323 531 3361 t
507 3317 1589 3360 eine tragische Erscheinung, ein schwer Leidender, der
1571 3315 2743 3368 zu beleben. Literargeschichtlich interessant ist der Nachklang
2725 3298 3315 3362 „Handlung“, was geboten werde
419 3356 3316 3393 zwischen Selbstüberhebung, Zynismus und herostratischen Wallungenj enzyklopädistischer Philosophie auf der einen und die Voraynung zum Schlusse das Gefühl der in
407 3379 2751 3462 schwankt, ein Todgeweihter, der über Leichenphatasten zu lächeln! des Nietzscheschen Individualismus auf der anderen Seite — aber
