3436 4320
2072 179 2526 267 box 21/3
266 179 1919 292 16.1 Lebendige Stunden zuklus
1643 1340 3353 1420 ein ideal vornehmer durch und durch reiner Mensch, 1 ###,, Volet 2. Urich un dct., Se
602 1375 1639 1434 Arbeit. Gespielt wurde das Stück von den Herren
2682 1406 3347 1471 Wawra, der Commandant des
1647 1403 2671 1472 der unter der strengen Miene ein Herz so weich, so rein
599 1421 1319 1502 Haid, de Grach und Felix sehr gut.
2679 1456 3368 1521 Nr. 7 Oberst Reitz, Platzcomman
1646 1458 2666 1519 und gut wie das eines Kindes bewahrte, ein Herz
651 1467 1622 1533 „Die Frau mit dem Dolche“ ist der Aus¬
2680 1505 3351 1572 die Oberste d. R. Schuppler, D
1649 1514 2673 1568 voll edler Begeisterungsfähigkeit für alles Schöne und
608 1518 1635 1580 fluss einer poetischen Laune. Es stellt an zwei Ver¬
2685 1547 3363 1616 Helmenau und Rieder, die Oberstlich
1659 1558 2672 1622 Erhabene. Wie er ein musterhafter Gatte war, so war
598 1568 1640 1626 wandlungskünstler eine nicht schwierige Anforderung.
2682 1606 3349 1677 Sturmthal, Kraus, Malliczky und
1652 1607 2665 1667 er uns allen ein theurer Freund und zwar ein Freund
602 1617 1636 1674 Aus dem zwanzigsten Jahrhundert wird plötzlich das
2686 1654 3358 1722 Majore v. Eberan, v. Pisacič, Co¬
1646 1656 2675 1715 von seltener Probe, wie ich so glücklich war, es zu er¬
609 1664 1644 1719 fünfzehnte, Pauline wird zur Paola, Bernhard zum
1657 1704 2669 1766 fahren, der ich mit ihm seit mehr als 35 Jahren in
2687 1695 3361 1767 die Majore d. R. Haltl, Pospischil
612 1708 1643 1765 Leonardo. Dazu kommt im fünfzehnten Jahrhundert
2683 1754 3357 1821 ciersvertretungen von den Infanter
1647 1761 2676 1818 innigsten Beziehungen gestanden bin. Seine stets opfer¬
611 1746 1640 1820 noch ein malerischer Gemahl. Paola ersticht den Lieb¬
2689 1796 3363 1866 und 27, vom bosn.=herzeg. Infant
1651 1795 2671 1862 willige, jederzeit zu Rath und That bereitwillige
613 1808 1648 1878 haber. Verwandlung: Pauline sagt zu Leonhard, dass
2690 1854 3349 1917 vom Dragonerregimente Nr. 5,
1656 1852 2670 1916 Freundschaft beglückte jeden, den er in sein warmfühlen¬
614 1861 1641 1928 sie abends kommen werde. Eine Seelenwanderung mit
2683 1895 3359 1959 und andere Trauergäste. Der Leich
1659 1900 2677 1962 des Herz geschlossen hatte. Ich habe es nicht nöthig,
609 1917 1638 1967 Modificationen. Die hiesige Regie kam dem Autor
2690 1950 3362 2011 steierm. Bestattungsanstalt war mi
1647 1962 2675 2011 vor Ihnen die reiche Thätigkeit zu schildern, die
614 1958 1641 2026 nicht sehr entgegen. Zwischen das zwanzigst und das
2691 2006 3362 2068 Familien G.=M. Ulrich, F.=Z.=M
1647 1998 2686 2056 Wanggo in unserer Mitte mit so hervorragenden Er¬
613 2016 1635 2066 fünfzehnte Jahrhundert senkte sich ein alter Wolken¬
2688 2051 3358 2110 Schuppler, Oberstlieutenant Schw
1664 2051 2675 2109 folgen entfaltet hat. Wir bewunderten sein reiches
613 2053 1639 2122 vorhang. Die Ausstattung der Gemäldegallerie und
2684 2098 3362 2149 Krebs, Director v. Huymann, Je
1657 2100 2686 2162 Wissen, die Schönheit des logischen Aufbaues seiner
614 2100 1647 2170 des Wohnzimmers war sehr armselig. Fräulein
2687 2141 3365 2203 v. Mühlwerth, der Militär=Unte
1651 2152 2677 2205 mustergiltigen Arbeiten, die ebenso durch strenge Ge¬
607 2155 1640 2211 Sussin und Herr Mehnert gaben ihr Bestes.
2691 2193 3358 2244 und der Tischgesellschaft Kleinosch
1655 2194 2684 2258 wissenhaftigkeit gegenüber dem Gesetze, wie durch ge¬
614 2200 1643 2259 Letzterer wurde als Leonardo sogar tragisch. Das fünf¬
2684 2232 3364 2304 militärische Conduct bestand aus e
1656 2246 2681 2303 rechte Milde ausgezeichnet waren, aber einer Eigen¬
609 2256 1648 2321 zehnte Jahrhundert spricht in Versen. Herr Marr
2697 2291 3360 2348 bosn.=herzegow. Infanterieregimen
1655 2295 2677 2358 schaft Wanggos möchte ich besonders gedenken, einer
616 2297 1646 2362 sah als phlegmatischer Gemahl recht melancholisch aus.
2686 2329 3368 2405 sik unter dem Commando des Her
1659 2340 2681 2393 Eigenschaft, die ich an ihm umso höher schätzte, als
652 2347 1649 2401 Den Schluss des Abends bildete der undramatische
2691 2383 3359 2451 Den Conduct führte der Command
1657 2387 2671 2446 sie heutzutage leider immer seltener geworden ist:
616 2394 1642 2451 Scherz: „Literatur“ in welchem eine dichtende
2693 2440 3352 2500 gowinischen Infanterieregimentes
1654 2439 2685 2503 Wanggo besaß den Muth der Ueberzeugung und zwar
628 2450 1650 2509 Dilettantin, ein Sportgigerl und ein derber Philister
2691 2485 3357 2553 v. Secszujatz. Die Ehrensalve wu
1663 2484 2683 2551 nicht nur als Richter, sondern auch in allen Lagen
622 2497 1644 2552 allerlei mehr oder minder zutreffende, aber leider
2701 2538 3271 2606 Leonhardfriedhofe abgegeben.
1656 2542 2679 2601 seines schönen Privatlebens. Um dieser Eigenschaft
617 2547 1654 2600 keine neuen Ideen über Schriftstellerei 2c. zum Aus¬
2725 2566 3355 2647 (Ehrung eines Brandme
1656 2598 2691 2646 willen gewann das hehre Lebensbild Wanggos trotz
623 2589 1644 2645 druck zu bringen suchen.. Der anmaßende Titel:
2695 2632 3364 2694 sonntag hatte Herr Brandmeisten
1663 2635 2685 2698 der Bescheidenheit seines Wesens den Charakter im¬
621 2645 1645 2704 „Literatur“ ist für den harmlosen Spafs doch zu
2691 2683 3369 2750 erste Feuerbereitschaft in seinem 3
1663 2682 2683 2742 ponierender Größe. Groß ist die Zahl seiner Ver¬
627 2693 1647 2765 schwer. Der Hauptfehler aber besteht darin, dass die
2701 2729 3366 2795 Mitglieder des ersten Zuges, welche
1668 2736 2684 2792 ehrer, die seine Bedeutung und Seelengröße erkann¬
615 2735 1659 2790 Geschichte nicht lustig ist. Sie ist pretentiös, aber nicht
2697 2781 3365 2832 commandiert wird, benützten diese
1666 2784 2681 2837 ten; in unserer Mitte bleiht sein Andenken unver¬
620 2789 1655 2845 amüsant, ja nicht einmal kurz genug. Frl. Sussin
2707 2833 3355 2888 Jubilar eine kleine Erinnerung zu
1662 2828 2692 2898 gänglich; ihm ist ein ehrendes Andenken im weitesten
625 2830 1654 2895 und die Herren Mehnert und Marr machten aufs
2699 2864 3364 2934 Rottführer Wreger begrüßte densel
1660 2877 2544 2945 Kreise sicher. Möge ihm die Erde leicht sein!“
617 2878 1656 2947 dem Lustspiel, was daraus zu machen ist. Um der
2706 2922 3364 2992 Zuges und schilderte in trefflicher
1701 2933 2687 2991 (Postwesen) Mit 15. d. wird bei dem Post= und
625 2925 1660 3008 „letzten Masken“, willen seien Herrn Dr. Arthir
2705 2958 3372 3030 lichen Eigenschaften ihres hoch
1665 2974 2692 3031 Telegraphenamte in Tarvis=Bahnhof der Land¬
629 2975 1656 3047 Schnitzler die drei übrigen Einacter nachgesehen. KI.
1661 3026 3363 3094 briefträgerdienst für die Orte Klein=Greuth, Speikalm, meisters, und überreichte Herrn Koy
