3484 4384
1250 166 1370 236 unC
2102 172 2562 264 box 21/3
298 173 1970 272 16.1. Lebendige Stunden Zuklus
949 843 1343 1014 Mhun
449 936 641 1032 vonll.
596 962 958 1073 ##
1832 1344 3154 1433 Uebrigens neigt Herr Brininer dem Fehler zu, seine Rollen über
3139 1362 3395 1447 dem ebenfe
956 1330 1456 1468 Stadt-Theater.
1850 1404 3366 1493 einen Leisten zu schlagen; die Figur, die er hier auf die Bühne Jackwerth
1861 1453 3045 1523 stellte, war der leibhaftige Karl Heinz aus Alt=Heidelberg.
1332 1442 1862 1541 Posen, den 27. Jannar.
3129 1468 3389 1536 den Weihg
1957 1507 3376 1570 Das zweite Schnitzel nennt sich „Die Frau mit dem Dolche“ Ischeint, als
936 1513 1489 1604 Lebendige Stunden.
1847 1517 3147 1607 und ist noch unmöglicher als das erste. Frau Pauline, Gattin
3142 1552 3394 1622 dem arme
1846 1584 3157 1657 eines Dichters, bandelt mit einem jungen Elegant an, mit dem
685 1564 1742 1673 Einakter=Cyklus von Arthur Schnitzler.
3145 1597 3362 1662 Zustand
1857 1632 3366 1706 sie zum tete # teie in der Bildergalerie zusammenkommt. Dortklein, so
1848 1667 3386 1756 hängt ein ihr ähnliches Bild einer Frau, die einen Dolch zückt, und lang geheg
386 1687 520 1767 Für
670 1694 1864 1781 Die vier litterarischen Schnitzel von Arthur Schnitzler die
1841 1706 3390 1785 beim Anblick dieses Bills fällt Frau Pauline mit Hifle des Bühnen= Die Szen
494 1742 3394 1832 ½ aus gestern Abend servirt wurden, sind theilweise von sehr vorhangs in eine Art vir edimensionalen Zustand. Die Szeue wechseltauch hier v
558 1787 3399 1867 zweiselhaftem Geschmack. Gewiß steht Schnitzler in der oberstensund wir finden uns in ein Maleratelier des 15./16. Jahrhunderts! Rademachen
562 1844 1862 1897 Reihe unserer modernen Bühnendichter, sein früherer Einaktercyklus
401 1825 570 1916 „ 100
1844 1840 3326 1913 lversetzt, in welchem Frau Pauline als Gattin des Malers klagen.
555 1873 3395 1979 mit dem „Grünen Kakadu“ als Schlußbild dar ein Meisterwerk: Remigio weilt. Sie hat Modell gestanden zu dem Bilde der Rademache
374 1944 3375 2000 Abnn aber müssen seine Schöpfungen auch mit dem  Frau mit dem Dolche, das halb vollendet ist. Remigio mußte allerdings
374 1977 3398 2070 Abonnen Lichtigen Dichtermaß, nicht mit der gewöhnlichen Bühnenschreiber=in dringenden Geschäften verreisen, in seiner Abwesenheit Leben hatt
553 2011 3151 2096 #elle gemessen werden und bei solchem Maßstab erweist sich seinlhat sich Frau Pauline dem Kunstjünger Leouardo, einem
3173 2033 3390 2095 — In der
498 2033 3391 2104 y letztes Werk als völlig unzulänglich. Der „Grüne Kakadn!“ —Schüler Remigios, ergeben. Diese kleine Abschweifung vomwieder ein
373 2103 1859 2170 Inhaltsa mit Wehmuth nuß man an diese geniale Dichtung angesichts
1843 2110 3355 2187 Pfade des ehrbaren ehelichen Lebenswandels hindertl auch die
385 2143 1853 2211 blätt des neuen Einaktereyklus Schnitzlers zurückdenken. Nicht ein
1840 2151 3383 2237 sie nicht, den Gatten mit Sehnsucht zu erwarten und[ Dapper
379 2182 1861 2240 wodurch einziges großes Problem behandelt diesmal der Dichter, sucht
1846 2204 3149 2271 Leouardo zurückzuweisen, der ihr eine rasende Eifersuchtsszene
3129 2208 3398 2285 musterhafte
381 2220 1852 2306 Leben der zu lösen; aus rein gequälten Sitnationen hat er
1847 2253 3147 2326 macht. Mitten in dem Streit kommt Remigio zurück; die Frau
3234 2251 3382 2317 Dani
371 2251 1850 2334 theilung seine Einakter zusammengeflickt, und ein abendfüllendes
1842 2291 3145 2348 gesteht ihm ihren Fehltritt und Leouardo ersucht den beleidigten!
3131 2295 3381 2362 zeigt ein W
554 2325 3141 2400 litterarisches Zerrbild geschaffen. Gern wollen wir gerechtl Gemahl ergebenst, ihn, den Buhlen, todtzustechen. Remigio
3133 2348 3376 2403 industriellen
544 2358 3135 2417 sein und anerkennen, daß der letzte Einakter, das Lustspiellthut ihm den Gefallen nicht, sondern weist ihm die Thüre. Als
3123 2388 3289 2450 in Mül
557 2399 3185 2504 „Litteratur“ sehr flott und wirksam geschrieben ist und einen der durch die Zurückweisung der Frau und durch den Hohn desim
544 2458 1854 2523 versöhnlichen Schluß des Ganzen bildet; auch der vorhergehende
1840 2474 3174 2545 Gatten aufs Tiefste verletzte junge Mann hinauseilen will, um
537 2482 1855 2566 Einakter „Die letzten Masken“ läßt die dichterische Kraftnatur
1843 2512 3135 2582 die Schande, die er über das Haus des Malers gebracht, in die
543 2526 3130 2585 des Verfassers erkennen, und die zweite Hälfte des Cyklus ist Welt zu schreien, erdolcht ihn die Fran, um damit die Ehre des
540 2582 3120 2678 somit entschieden die bessere Hälfte. Aber die beiden ersten Ein=! Gatten zu retten. Nach abermaligem Szenenwechsel zeigt sich die
552 2634 3127 2708 akter sind doch zu minderwerthig, direkt zu langweilig, aus un= Bildergallerie aufs Neue. Frau Pauline erwacht aus ihrem
539 2686 3122 2754 verständlichem Zeng gearbeitet und verbreiten eine Mitzstimmung, straumhaften Zustand, ihr Liebhaber bestürmt sie, ihm Abends
538 2712 1856 2786 unter der ihre würdigeren Nachfolger zu leiden haben. Um des
1846 2739 3120 2812 ein Stelldichein zu gewähren und sie flüstert ihm beim Scheiden
538 2763 1856 2844 zweiten Theiles des Cyklus willen, wäre es also besser, wenn
1891 2763 2440 2842 trotz der Traumgeschichte
2496 2784 3097 2848 die inhaltreichen Worte zu
545 2796 1620 2876 der erste Theil von der Bühne verschwinden würde.
1840 2818 3102 2892 „Ich komme!“ — Den Spielenden gelang es nicht, des Ein
680 2835 1867 2920 Schnitzel Nr. 1 führt sehr mit Unrecht den Titel
1841 2872 3114 2936 akters dunklen Sinn zu klären, obschon Frl. Betke in der
542 2885 1849 2955 „Lebendige Stunden“, denn es ist zum Sterben öde.
1844 2908 3110 2973 Atelierszeue nicht üble Töne fand und Herr Brückner
544 2928 1839 2998 Dem braven Pensionär Hausdorfer (Herr Schaper) ist die
1839 2952 3135 3030 hier einen angemessenen Partner abgab. Herr Weiß als Maler
534 2983 1856 3050 Freundin, eine von ihrem rechtmäßigen Gatten verlassene
1838 2997 3134 3072 sah wenig vortheilhaft aus. Die Regie hatte in diesem
547 3037 3126 3115 Frau, gestorben. Sie siechte langsam dahin, hätte nach ärzt= Schnitzel einen Schnitzer gemacht: In dem Maleratelier aus der
537 3078 3120 3147 lichem Ausspruch noch 2 bis 3 Jahre lang ein elendes Leben Zeit der Medici prangte im Vordergrund das Bild einer Ballet¬
3125 3078 3345 3156 die Frau
540 3125 1851 3177 jristen können, gab sich aber mit Morphium selbst den Tod um
1829 3124 3117 3213 ratte aus unseren Tagen, was in der altflorentiner Umgebung
3121 3133 3360 3201 entledigte si
540 3156 1843 3220 des geliebten, dichterisch veranlagten Sohnes (Herr Brückner)
1839 3161 2369 3239 höchst sonderbar erschien.
3111 3189 3384 3251 wohlverdien
536 3189 1858 3278 willen, dem die Krankheit der Mutter die Schaffenskraft
1930 3214 3129 3287 Nachdem der Vorhang zum zweiten Mal gefallen, war die
3108 3228 3381 3287 diese etwas
539 3245 1846 3312 lähmte. Ueber diesen tragischen Tod der Mutter klärt der
1823 3246 3130 3314 Stimmung des Publikums eine mehr als unbehagliche
3116 3260 3393 3339 ist; vielleich#
535 3288 3130 3379 Freund den Sohn auf und zwar gegen den Willen der frei-sund wenn es trotzdem noch gelang, einen Umschwung herbei¬
3109 3310 3360 3382 vornehmer
533 3335 1850 3397 willig Gestorbenen; der Freund ist der Ansicht, daß eine
1831 3357 3138 3425 zuführen, so zeigt dies, daß in den folgenden Einaktern
3112 3360 3381 3418 Können ni
533 3377 3128 3429 lebendige, mit dieser Frau verlebte Stunde mehr werthlein guter Kern steckt. „Die letzten Masken“ führen
3117 3405 3371 3466 Elemens se
536 3426 3120 3467 ist, als die ganze Dichtkunst des Sohnes; darüber stellensuns in ein Krankenhaus. Der mit dem Tode ringende
3111 3450 3373 3517 nicht recht
535 3465 1723 3534 beide höchst überflüssige, wehleidige Betrachtungen an.
1716 3472 1848 3529 Die
1822 3479 3118 3545 Journalist Rademacher wünscht noch einmal seinen „Freund“
3106 3492 3360 3560 [Schaper
534 3508 1833 3576 Herren Schaper und Brückner gaben sich redliche Mühe,
1833 3528 3125 3595 Weihgast zu sprechen, um demselben ins Gesicht zu sagen, daß
3209 3536 3381 3594 Das
528 3545 1831 3621 die Geschichte dem Publikum halbwegs verständlich zu machen.
1823 3562 3119 3632 ler ein erbärmlicher Kerl ist. Dieser Weihgast ist ebenfalls
3102 3555 3376 3638 Applaus wa
528 3581 1846 3654 Daß sie dabei auf die thatkräftigste Unterstützung des Souffleurs
1823 3604 3118 3668 Schriftsteller, war aber trotz aller Hohlköpfigkeit vom Glück be¬
3105 3626 3382 3688 Ausstellung
538 3643 3379 3688 angewiesen waren, sei ihnen nicht übel gedeutet; in solchem ge-günstigt und spielt eine große Rolle, während der talentirte verfehlt ist,
542 3688 3148 3763 haltlosen Dialeg sich zurecht zu finden, ist kaum möglich. Rademacher elend zu Grunde geht. Mit einem Leidensgenossen,
