3484 4320
2118 208 2575 309 box 21/2
325 210 1974 299 16. 1. Lebendige Stunden Zyklus
1401 977 1830 1054 Theater=Korrespondenz.
2185 959 2336 1068 177
922 1073 2329 1155 heit sind, als Gewinnantheil von seiner Geschäftsbetheiligung, sondern er
911 1136 2330 1184 bezieht sie auf seinen geistigen Werth und seine geistige Bedeutung für das
919 1193 2322 1251 Volksganze. Bestärkt darin wird er durch die Aufmerksamkeit, die jedem
924 1250 2315 1319 seiner Schritte von jeder Zeitung geschenkt wird: verreist er, wird's ge¬
910 1302 2323 1352 meldet; kehrt er heim, steht's in der Zeitung; thut ihm der Kopf weh,
913 1342 2320 1405 verdient ein Reporter 50 Pfennig mit der Nachricht; glaubt er einen Ge¬
918 1408 2331 1473 danken zu haben, verkündet die Zeitung, er arbeitet an einem neuen Werk
918 1460 2321 1532 von hoher Eigenart. Er lebt also in einer Welt vollkommenster Illusionen.
920 1507 2321 1581 Uind das muß er, das ist auch sein Glück. Denn wie sollte er sich damit
914 1573 2329 1612 abfinden, wenn er sich wahrheitsgetren sagen müßte: ob ich gute Stücke
919 1632 2324 1695 schreibe, ob ich schlechte Stücke schreibe, wenn ich nur zugkräftige Stücke
925 1682 1566 1749 schreibe, denn: Geschäft ist Alles.
999 1723 2320 1797 Dazu kommt nun noch folgendes Mißverhältniß. Die Theaterläge,
921 1783 2322 1845 das Theatergeschäft fordert jährlich eine Novität. Es gilt also, jährlich ein
916 1828 2327 1900 Stück fertigzustellen. Als reelle Arbeitsleistung ist das sehr wenig. Als
923 1898 2311 1972 Schreibarbeit ist ein Theaterstück bequem in zehn Tagen zu schreiben:
911 1959 2328 2018 nehmen wir an, daß es dreimal umgearbeitet wird, so giebt das einen
912 1986 2328 2074 Monat. Hat nun ein Dichter ein volles Herz, eine starke Phantasie und
906 2051 2322 2124 ein zureichendes Können, so schreibt er in der That unter Umständen ein
908 2115 2325 2176 Drama in vier bis sechs Wochen. Der Dichter — Dichter! — Grillparzer
917 2159 2318 2234 hat das mehrfach bewiesen. Macht ihm das Problem innerlich zu schaffen,
909 2219 2316 2280 kann er es sich nicht recht aus der Seele reißen, bedarf es einer großen
915 2275 2324 2339 Vertiefung und Versenkung, dann braucht ein Drama oft wiederum viele
906 2326 2293 2388 Jahre bis zum Fertigwerden. Der moderne Theaterschriftsteller aber hat —
907 2385 2321 2450 so verlangt's das Geschäft — jährlich eine Novität rechtzeitig abzuliefern.
915 2432 2312 2510 Sein Herz ist meistens ausgepumpt bis auf den letzten Blutstropsen. Die
912 2486 2315 2551 Phantasie erschöpft sich in der Berechnung des Premierenerfolges. Das Können
899 2550 2318 2607 ist Uebung und Rontine: er weiß halt, wie's gemacht wird. Nun geht's
905 2592 2308 2660 an die Arbeit. Es ist kein Stoff da, es ist kein Gefühl da, es ist keine
907 2654 2320 2715 Phantasie da; es besteht nur eine Nothwendigkeit. So ergiebt sich der
912 2705 2323 2765 innere Zwiespalt. Den Segen der täglichen, regelmäßigen, reellen Arbeit hat
908 2763 2307 2826 er nicht. Das berauschende Glück der ungerusen kommenden, überwältigen¬
908 2810 2274 2871 den Konzeption wird ihm nicht zu theil. So grübelt er und quält sich —
916 2860 2320 2913 um einen Einfall. Er zermartert seine Seele. Das fällt schließlich auf die
919 2932 2320 2994 Nerven, die so wieso schon gepeitscht worden sind, um herzugeben, was das
908 2972 2305 3046 Herz nicht mehr leisten kann. An Stelle des Gefühls tritt die Lanne,
904 3025 2310 3091 natürlich unter dem Namen der Stimmung, der künstlerischen Sensibilität.
916 3082 2310 3137 Am Morgen ist der Ofen schlecht geheizt, am Vormittag friert der Dichter,
916 3137 2309 3204 sofort wird Befehl gegeben, die Koffer zu packen und Abends rollt der
907 3195 2305 3257 Herr Dichter im Luxuszug dem Süden zu. „Meine Seele braucht Sonne.
907 3239 2301 3303 Wärme, Glanz, Licht, Blüthen, Düfte — ich sterbe im kalten Norden.“
898 3294 2317 3359 Für Goethe war seine italienische Reise das entscheidende Erlebniß seiner
902 3365 2319 3435 Seele. Für den modernen Theaterschriftsteller ist eine solche Reise eine
913 3402 2332 3491 von der Saison erforderte Schicklichkeit der Lebensführung, wenn nicht
2027 3469 2125 3537 12
933 3460 1737 3548 Preußische Jahrbücher. Bd. CVIII. Heft 1.
