3484 4224
1224 84 1414 134 Phndashrnce
645 116 1893 192 sagt, dass es Ibsen'sche Gedankenreihen sind, die Schitzler aufnimmt
615 162 1886 216 und weiterführt und die er, dem großen Nordländer gleich, in offenen
622 194 1883 280 Fragen ausklingen lassen müsste — weil es auf sie keine Antworten
1897 153 3187 199 Ausgang der jetzt sich abspielenden neuen anzudeuten. Wie Paola
1897 184 3183 246 dem Lionardo sich hingab aus sinnlicher Laune, mit der Liebe zum
1904 230 3178 307 Gatten im Herzen, ganz in gleicher Stimmung, verheißt auch
1938 293 3208 353 Pauline dem Leonhard ihr „Kommen“; wie Paola den Lionardo
1942 338 3213 409 ermordete, wird es auch dem Leonhard durch Paulinen ergehen;
1939 377 3210 441 und wie Remigio das alles in einem Bilde gestaltete, mag auch
1925 427 3211 483 Paulinens Gatte ein Stück daraus machen. Für die Verbindung
1925 465 3208 512 der beiden Geschehnisse hat der Dichter die Form einer Vision ge¬
1932 513 3209 574 wählt. Einer Vision Leonhards und Paulinens zunächst, die vor
1932 559 3218 608 dem Bild Remigios in der Gemäldegalerie stehend, gleich einem eigenen
1926 602 3212 650 Erlebnis aus verflogenen Jahrhunderten an ihrem Geiste vorüber¬
1935 650 3219 693 ziehen sehen, wie die Geschichte, die das Bild erzählt, sich zuge¬
1937 693 3218 742 tragen haben mag. Und dann natürlich auch einer Vision des
1928 739 3223 791 Publicums, die der Dichter ihm zeigt. Dann muss aber alles auch
1932 781 3220 840 als eine Vision gespielt werden. Dann muss Stimmung in der
1927 815 3226 879 Inscenierung und im Spiele stecken — sonst wird uns die Verbindung¬
1924 869 3210 923 rein äußerlich erscheinen und wir werden uns nimmer den „Ge¬
1934 911 3220 962 danken vom Dichter suggerieren lassen, dass „über Paulinen ein
1932 956 3242 1015 Schicksal ist, dem sie nicht entrinnen kann.“ Dieser Anforberung.
1933 1012 3215 1054 entsprach aber die Darstellung in gar keiner Weise. Schon das mit
1930 1047 3221 1100 beleidigend brutaler Absichtlichkeit genau in die Mitte des Hinter¬
1928 1097 3212 1148 grundes gehängte Bild, um das sich alles bewegt, und die Scheuß¬
1921 1129 3194 1172 lichkeit der vorgeführten „Werke der italienischen Renaissance“
1935 1168 3212 1232 musste dem Aufkommen jener Wirkung des stillen geheimnisvollen
1931 1217 3215 1282 Grauens, auf welche die Dichtung berechnet ist, hinderlich sein. Die
1933 1262 3219 1323 Verwandlung mit einem „Zwischenvorhang“ und das ganz unzu¬
1934 1313 3214 1364 reichende Spiel Lionardos und Paolas thaten ihr Uebriges und so
1932 1337 3227 1426 konnte von einem tieferen Eindrucke der in mehr als einer Richtung
1938 1395 2710 1456 interessanten Dichtung keine Rede sein.
2044 1440 3228 1504 Der Gedanke der „Lebendigen Stunden“ in dem früher ange¬
1927 1500 3223 1560 deuteten Sinne ist in dem dritten der Stücke, „Die letzten Masken“,
1926 1541 3238 1602 wohl kaum zu finden. Wohl spielt auch dieses Stück in die Lite¬
1933 1582 3221 1635 ratur hinein, es führt uns einen Dichter, einen Journalisten und
1923 1626 3216 1671 einen Schauspieler vor, und unter den Werken, die der im Spitale
1934 1669 3228 1727 mit dem Tode ringende Journalist Karl Rademacher in seiner
1934 1718 3222 1770 Schreibtischlade hat, mag vielleicht auch eines sein, zu dem die
1921 1755 3212 1815 Liebeserfolge, die er dereinst bei der Gattin des gefeierten Dichters
1924 1794 3225 1862 Alexander Weihgast, erzielt hat, Stoff und Anregung gegeben
1931 1842 3219 1912 haben. Aber nicht davon handelt das Stück. Die letzten Stunden
1934 1892 3220 1941 Rademachers sind es, die uns der Dichter vorführt. Die letzten
1928 1943 3214 1993 Stunden seines Lebens, in denen noch einmal lebendig wird, was
1924 1985 3236 2042 sein ganzes Leben bewegt hat, in denen er sich die Befriedigung
1924 2024 3223 2065 verschaffen will, die ihm das Leben versagt hat. Und er will sie sich
1931 2071 3220 2124 dadurch verschaffen, dass er dem einstigen Gefährten, der ihn im
1926 2111 3215 2162 Wettlaufe des Lebens weit überholte und zu Macht, Reichthum
1932 2162 3216 2199 und Ansehen gelangte, während Karl Pademacher im Elend zu¬
1925 2198 3218 2257 grunde geht, die Wahrheit ins Gesicht leudert, ihm nicht nur
1928 2236 3224 2316 sagt, wie nichtig sein Können, wie unbegründet sein Ansehen ist,
1933 2293 3220 2346 sondern auch beweist, dass die eigene Frau ihn betrogen und ver¬
1923 2330 3223 2386 achtet hat, dass sie von Ekel erfüllt aus den Armen Alexander
1918 2389 3217 2436 Weihgasts in die Karl Rademachers geflohen ist. Und Alexander
1926 2435 3220 2492 Weihgast kommt an das Lager des Sterbenden — und Karl Rade¬
1927 2469 3219 2534 macher — schweigt und stirbt, ohne die Rache, nach der er gelechzt, zu
1928 2498 3224 2557 nehmen. „Was habe ich mit ihm zu schaffen? Was geht mich sein
1931 2555 3210 2604 Glück, was gehen mich seine Sorgen an? ... Was hat unsereiner
1926 2605 3211 2657 mit den Leuten zu schaffen, die morgen noch auf der Welt sein
1930 2646 3221 2692 werden?“ Starke Tragik und kräftiger Humor sind in diesem
1925 2693 3222 2756 Schauspiele wunderbar vereinigt. Es ist das bedeutendste des ganzen
1932 2734 3203 2784 Cyclus und gehört zu dem besten, was Schnitzler überhaupt ge¬
1933 2774 3227 2847 schrieben hat. Es machte auch einen mächtigen Eindruck bei seiner
1936 2819 2189 2885 Aufführung.
2041 2869 3204 2933 Den größten Erfolg freilich erzielte das Schlussstück „Literatur“
1934 2917 3214 2984 in dem die literarische Ausschrotung erotischer Erlebnisse durch
1934 2969 3212 3014 männliche und weibliche Dichterlinge und noch mancherlei anderes
1938 3015 3216 3071 zum Gegenstande lustigster und äzendster Satire gemacht wird.
1937 3058 3209 3099 Für derlei zierliche Bosheiten bringt dies Publicum immer mehr
1930 3102 3208 3148 Verständnis mit als für Entwickelung von Humor an Sterbelagern.
1921 3147 3205 3195 Und nur den kleineren Theil der Leute jeht es ja an. Kaum
1930 3183 3208 3240 vierzig Percent von jenen, die der Schnitzler'schen Première bei¬
1934 3237 3214 3296 wohnten, dürften selbst Stücke oder Romane schreiben. Und die
1920 3280 3208 3349 natürlich trifft die Satire erst recht nicht. Das sind ja lauter
1937 3323 2619 3374 wirkliche Dichter und Dichterinnen.
2052 3352 3221 3411 Die Darstellung war recht ungleichmäßig. Den richtigen
1925 3408 3213 3479 Wiener Ton für diese Wiener Stücke kann man natürlich von aus¬
1936 3453 3214 3498 wärtigen Schauspielern nicht verlangen, auch von denen nicht, die
1935 3500 3213 3547 etwa zufällig in Wien ihre Heimat haben. Aber „meeglich“ und
1944 3539 3208 3588 „Meeglichkeit", „Jingling“, „Farbenräuber“ und „was denkst du,
1927 3586 3203 3641 dass ich fierchte“ sagt man schließlich weder in Berlin noch in
1927 3626 3208 3679 Wien — auf der Bühne. Oder man sollte es doch nicht sagen dürfen.
1935 3679 3207 3737 Am besten war Herr Bassermann,*) der in den beiden letzten
1936 3718 3212 3776 Stücken, die überhaupt viel besser gespielt wurden, als die zwei
1927 3764 3215 3823 ersten, in dem Dichter Weihgast und dem jungen Aristokraten
1933 3807 3209 3854 Clemens zwei prächtige Figuren auf die Bühne stellte. Im Satir¬
1932 3848 3187 3908 spiel ließ uns auch Fräulein Triesch als „Mädchen mit dem Roman“
2100 3926 3188 3968 Die Theaterzettel vom 6. und 9. Mai unterscheiden hartnäckig einen Herrn
1938 3956 3192 4002 Albert und einen Herrn Alexander Bassermann. Es scheint aber doch, dass Schauspieler
1930 3990 3193 4030 Albert Bassermann nur dem Dichter Alexander Weihgast zuliebe vorübergehend in einen
1934 4017 2413 4080 Alexander verwandelt wurde.
1929 4066 3205 4136 einigermaßen vergessen, wie schlecht sie als „Frau mit dem Dolche“
1921 4127 3196 4176 gewesen war. Im ganzen hat man den Eindruck, als würde seit
