3436 4224
277 137 571 226 16. 1
2106 120 2528 202 box 21/2
554 139 1938 218 Lebendige-StungenVKis
850 418 1499 685 ger Goldschng,
684 501 882 655 9#.
883 570 1332 670 + Bureau für 4
737 632 1423 741 Zeitungsausschnitte und Verlag
728 698 1427 793 der Wissenschaftlichen Revue.
661 765 1551 866 BERLIN N., Auguststr. 87 part.
796 819 1372 907 Telephen Amt III. No. 3051.
561 909 913 992 Telberammr-Aerene
921 925 1267 1014 Ausschnitt
538 944 924 1033 coLoschmivT. Auguststr 87.
1030 990 1141 1059 aus
743 1012 927 1068 —
590 1124 1637 1222 Neue Prengeische Kreuz-Zeitung, Berlin
1110 1460 1422 1542 —6. 1. 02
1660 1685 2921 1762 haft, noch überhaupt menschlich anmuthend! Aber am Schluß de¬
726 1699 1363 1779 Theater und Musik.
1653 1730 2917 1793 Stückes sehen wir, wie die Frau von heute trotz dieses warnenden
808 1763 1275 1841 Deutsches Theater.
1656 1775 2930 1838 Traumes dem Werben des Mannes nachgiebt, um am Abend vielleichs¬
1665 1817 2961 1889 zu wiederholen, was vor fünfhundert Jahren schon einmal geschehene
520 1810 1655 1889 „Lebendige Stunden.“ Von Arthur Schnitzler. Erste
1651 1853 2928 1919 ist. Das ist nun freilich wieder menschlich, und es wirkt erschütternder.
390 1861 1317 1928 Aufführung am 4. Januar. Regie: Emil Lessing.“
1662 1901 2485 1952 als die wilde Scene aus der Renaissancezeit.
514 1892 1659 1961 Die leichte Wiener Muse Arthur Schnitzlers wagt sich in diesem
1773 1942 2912 1994 Das dritte Stück, „Die letzten Masken“, führt uns ins
395 1932 1669 2005 Einakter=Cyklus an ein ernstes Problem, das wohl jedem ausübenden!
1665 1967 2920 2029 Spital, wo ein kranker Schauspieler an den Sterbenden seine Studien
395 1988 1656 2037 Künstler sich zuweilen aufdrängt, nämlich an die Frage nach dem
1654 2013 2928 2079 macht, voll immer reger Lernbegierde, aber auch behaftet mit all der!
403 2013 1661 2078 Rechte des Künstlers, eigenes und fremdes Unglück wie ein Arzt zu
1654 2057 2918 2114 komischen Selbstüberschätzung, die den großen wie den kleinen Mimen
403 2076 1658 2123 studiren, um eine ästhetische Befreiung daraus zu finden. Der Ver¬
1663 2100 2912 2145 nun einmal eigenthümlich ist. Ein armer kranker Journalist, der
402 2103 1650 2155 fasser ist Arzt und Dichter. Das Thema lag ihm also nahe. Er ist
1663 2133 2325 2193 im selben Zimmer seinem Ende
2317 2135 2926 2199 entgegensieht, hat von dem
404 2144 1662 2198 aber auch Wiener, und seine Kunst hat er an französischen Vorbildern
1661 2178 2916 2226 Schauspieler gelernt, daß es befreiend wirke, wenn man
399 2186 1660 2237 geschult. Man wird ihm daher keinen Vorwurf daraus machen, daß
1658 2220 2923 2267 auf dem Krankenbette allem Haß und Groll gegen andere Luft machen
397 2227 1658 2277 ihm die neckische, satirische Behandlung seines Themas am besten ge¬
1656 2250 2917 2301 könne, und er bestellt seinen ehemaligen Freund, einen erfolgreichen
391 2262 1649 2322 lingt, ja daß ihm sogar ein gewisser grotesker Humor immer noch
1653 2296 2917 2340 Dichter, zu sich, um ihm mit rohen Worten den Beweis zu geben, daß
390 2301 1660 2349 natürlicher steht, als die Tragik. Er scheint das selbst zu wissen,
1650 2330 2927 2390 sein Ruhm erschlichen, sein Erfolg nur Schein sei. Der Dichter läßt
391 2335 1652 2386 denn er hat die vier kleinen Schauspiele in einer Reihenfolge an¬
1657 2369 2919 2432 auf sich warten, und der Schauspieler reizt den sterbenden Journalisten,
399 2373 1666 2423 geordnet, die seiner Begabung entspricht und also die Wirkung
1662 2410 2920 2463 seine Strafrede zur Probe zu halten, um an ihm den Ausdruck
390 2420 606 2489 steigert.
1669 2442 2927 2512 leidenschaftlichen Hasses zu studiren. Als der Dichter dann erscheint
514 2440 1652 2503 Der erste Einakter, der den gemeinsamen Titel hergiebt, heißt:
1668 2495 2923 2545 und sich dem Sterbenden als ein Mann zeigt, den kleine und klein¬
396 2504 1657 2551 „Lebendige Stunden“. Die schwer kranke Mutter eines
1658 2529 2916 2583 liche Sorgen und Freuden des Lebens umtreiben wie irgend ein
393 2532 1660 2579 Dichters hat sich selbst vergiftet, um den Sohn von der nieder¬
1662 2563 2932 2617 anderes armseliges Menschlein, da erscheint er dem Sterbenden zu
403 2575 1664 2629 drückenden Sorge um sie zu befreien und ihn seinem Dichterberuf
1661 2599 2932 2659 klein für seinen Haß; er schweigt und stirbt voller Mitleid mit allen
404 2612 1668 2666 wiederzugeben. Der Sohn ist als lyrischer Dichter ein Stimmungs¬
1661 2641 2929 2698 im Leben Zurückbleibenden. — Dies Stück ist als Bühnenwerk noch
403 2654 1664 2699 mensch. Ihm tritt ein alter Freund der Mutter entgegen, der die
1662 2683 2926 2731 gewagter, als das vorige, und nur die wunderbare Darstellungskunst
401 2687 1665 2734 Rechte des Herzens und Gemüthes gegen die der Kunst geltend macht.
1665 2724 2935 2785 der Herren Hanns Fischer (als Schauspieler) und Max Reinhardt
409 2733 1651 2778 Der mit scharfer Dialektik geführte Streit bleibt unentschieden; der
1666 2760 2650 2825 (als Journalist) verhalf ihm zu einem vollen Erfolge.
402 2758 1660 2824 Dichter trennt sich von dem Wirklichkeitsmenschen mit dem stolzen Worte,
406 2809 1667 2866 daß die frohen und die trüben Stunden erst durch die Kunst lebendig
1769 2796 2926 2875 Das letzte Stück, „Literatur“ ist ein witziger Schwank,
409 2849 1654 2918 gemacht werden und im Kunstwerke über Ort und Zeit hinaus fort¬
1660 2849 2928 2918 der mit scharfer Satire die Manier der Bohemiens verspottet, alle
1658 2891 2916 2932 ihre gelegentlichen Liebschaften „literarisch zu verwerthen". Er und
400 2890 609 2949 wirken.
514 2906 1665 2969 Im zweiten Stück, das den Titel führt: „Die Frau mit
1656 2928 2917 2968 sie drucken gleichzeitig ihren Briefwechsel aus „jener Zeit“, die für sies
388 2957 1668 3005 dem Dolche“, wird uns gleichsam ein Beispiel für diese These ge¬
1657 2965 2906 3023 beide „überwundener Standpunkt“ ist, in einem neuen Romane abs
392 2997 1669 3051 geben. In einer Galerie hängt ein altes italienisches Bild, das eine
1655 3009 2913 3063 Sie aber hat einen reichen, vornehmen, ganz und gar literartur¬
400 3042 1664 3097 mänadisch schwärmende Frau mit hoch erhobenem Dolche darstellt.
1667 3045 2925 3098 fremden Sportsman gefunden, der sie heirathen will, und der
409 3079 1657 3135 Vor diesem Bilde trifft sich ein junges Paar, dessen sündige Leiben¬
2807 3076 2934 3137 ehe
1658 3077 2818 3128 die ganze Auflage ihres Romanes einstampfen läßt,
403 3121 1667 3181 schaft auf ein ähnliches Ende, wie das im Bilde geschilderte,
1665 3122 2930 3186 jemand das Buch gelesen hat. Der Literaturbetrieb jener Unterschicht
423 3157 1659 3210 hinzudrängen scheint. Vor dem geistigen Auge der jungen
1663 3151 2924 3215 von Schriftstellern ist noch nie so witzig verspottet worden, und das
401 3205 2913 3249 Frau entwickelt sich die Tragödie des Bildes vom Anfang! Publikum zeigte vollstes Verständniß. Auch die Darstellung (Fräulein¬
1423 3235 1530 3283 es
402 3243 1439 3295 bis zum blutigen Schlusse, und wir sehen
1531 3233 2928 3315 selbst! Irene Triesch und die Herren Bassermann und Rittner)
1656 3279 2034 3335 war unübertrefflich.
395 3283 1653 3340 mit an, wie der Maler des Bildes seine Gattin, das
403 3323 1660 3368 Modell des Bildes, mit ihrem Liebhaber überrascht, wie er voller
1773 3305 2933 3372 Bedauerlich ist, daß Schnitzler kaum einen anderen dramatischen
405 3369 2860 3405 Verachtung dem Verräther die Thüre weist, um an der Frau selbst] Konflikt zu kennen scheint, als den geschlechtlichen. In allen vi
398 3395 1653 3449 Rache zu nehmen, und wie sie selbst dann den Liebhaber ersticht, der
1651 3384 2940 3457 1 Stücken ist er in die Handlung einbezogen. Das macht den Eind
408 3436 1657 3493 sie schwach gesehen hat. Nach der furchtbaren That erstarrt sie in
1651 3428 2916 3480 l einer bewußten Spekulation auf den Geschmack der Theater=Habitués.
394 3462 1665 3521 Schreck und Grauen, und der Maler greift sogleich zum Pinsel,
1650 3468 2930 3519 Im übrigen wird man trotz der verzwickten Situationen und der geist¬
396 3497 999 3574 zum dieses entsetzliche Bild
982 3505 2937 3552 aus dem Leben im Kunst=1 reichelnden Erfindung die Menschenkenntniß des Verfassers und seine.
393 3553 2935 3599 gebilde festzuhaltn. Eine stack auf die Spitze getriebene! Bühnensicherheit auch bei kritischer Betrachtung der vier Einakter ebenso
387 3590 2940 3647 Anwendung des Satzes von den „lebendigen Stunden“, weder alaub=1 anerkennen müssen, wie es von dem schließlich ganz enthusiasmirten
1553 3782 2812 3880 Publikum geschah. Der Abend brachte dem „Deutschen Theater“ den
2621 3824 2815 3906 M.-F.
1557 3852 2547 3928 ersten großen und unbestrittenen Erfolg dieses Winters.
