3436 4224
2099 207 2545 291 box 21/2
1096 210 1180 276 S
1205 215 1364 297 und
281 214 1242 309 16.1. Lebendige #
1334 226 1961 306 den — ZVKIuS
936 1736 3270 1842 1 der ihrem Sohne die Lust zu leben und zu schaffen nahm. Der „Annert an Heinesche Motive, der es auch liebte, ver¬
942 1786 3268 1860 Alte erzählte ihm das, um sich für die verlorenen Jahre zu rächen, taubte Bilder und vergilbte Tapeten für einen Augenblick
175 1811 606 1898 Feuilleton.
933 1832 3259 1889 die sie seiner Einsamkeit noch hättt schenken können, und der Junge Ezu beleben und sich selbst in ihren Gespensterreigen
2542 1871 3266 1936 uns auch von anderen Lyrikern
931 1879 2468 1940 racht sich mit einer anderen Niede trächtigkeit, indem er sagt: Wir zu mischen, es
168 1893 706 1975 utsches Theater.
944 1934 3263 1988 beide werden darüber hinwegkommen müssen, um leben zu können, Evertraut und, einmal von einem Dranatiker gewagt,
943 1979 3266 2022 und wie ich dichten werde, werden Sie im Frühjahr wieder Ihr kmußte es sehr zart angefaßt werden was nun allerdings nicht
160 1946 954 2033 uar. Zum 1. Male: „Lebendige Stunden“.
951 1974 3269 2058 Gärtchen bebauen. Rein gedanklich hat dieser Gegensatz des fider Fall war. In einer Bildergalerie, in der die Diener zwar
168 1997 574 2059 rthur Schnitzler.
955 2053 3273 2096 armen geizigen Alters und der reichen egoistischen Jugend etwas gewöhnlich schlafen, aber immerhin aufwachen können, spricht man
172 2036 966 2111 von Schnitzler klingt mir der wehmüthige
959 2052 3262 2134 Auregendes, aber ihre beiden Vertreter sino nur Instrumente des gedämpft, auch wenn man Liebeserklärungen mackt und auch wenn
149 2072 966 2148 Dinge spielen das Leben“. Man kann die
2098 2102 3263 2164 man ein so unbeholfener Liebhaber ist wie Her: Hahn, und Frl.
949 2112 2118 2170 Gedankens, sie haben den Schein des Lebens nur, so lange sie
168 2127 957 2178 In, wenn der Frühling an die Feuster pocht,
2097 2140 3278 2189 Triesch war zwar genügend kapriziss und zusummenhangslos in
946 2151 2120 2209 sprechen. Das Stück ließ kühl, aber es gab zu zwei interessanten
161 2167 954 2228 vor der Sonne verschließen, und Frühling
2100 2177 3269 2244 ihrem Begehren, aber um die Fähigkeit zu träumen glaubhafter
960 2188 2114 2251 schauspieterischen Leistungen Anlaß. Unter der ausgezeichneten
154 2193 959 2267 cht mehr da. Gegen alles Gegenwärtige,
2099 2221 3269 2284 zu machen, hätte sie nubewußter, kindlicher sein müssen. Auch in
949 2238 2115 2287 Maske eines sehr korrekten, sehr gepflegten alten Herrn hielt Herr
166 2235 964 2302 Feeie sich wehren, nur gegen die Erinnerung
2096 2255 3268 2320 der Traumszene war sie etwas zu spitz und zu kalt, für die Frau
946 2273 2103 2334 Reinhardt die gehässige Bitterkeit zusammen, die sich schließlich
184 2292 950 2345 kommt und sich nicht wegschicken läßt, das
2098 2295 3271 2363 mit dem Dolche reichte ihre Erscheinung nicht aus, in die man
950 2309 2100 2372 gegen den Sohn erklärt, und die Trauer des Dichters um die
202 2325 953 2384 und die Todten haben stärkere Gewalt
2101 2339 3267 2391 unwillkürlich Fräulein Dumont einsetzte, dagegen machte der
958 2344 2108 2407 Mutter hatte in Herrn Rittners Verkörperung bereits etwas
164 2368 958 2411 In diesen Einaktera mit dem etwas un¬
2101 2368 3270 2437 Maler des Herrn Sommerstorff einen durchaus imposanten
952 2391 2106 2445 Vorgeschriebenes, nicht mehr ganz Ueberwältigendes, als ob die
175 2395 965 2458 feine Kenner der modernen Seele, von der er
2099 2418 3272 2480 Eindruck mit der überlegenen Haltung und dem prächtigen Vor¬
957 2421 1921 2498 Jugend schon anfinge, sich ihr innerlich zu entziehen.
164 2425 966 2495 ler gern verführen, aber als Ironiker nicht
2095 2456 2417 2524 trag der Verse.
979 2466 2114 2520 Nach der gedanklichen Zugespitztheit dieses Stückes brachte
174 2483 964 2537 entgegengesetzte Ansicht des Lebens, das
2136 2475 3262 2543 „Die letzten Masken“ entschieden den Erfolg des Abends,
949 2507 2114 2557 1 „Die Frau mit dem Dosche“ mit ihrer freien Phantastik dem
170 2510 964 2568 um sich zu verjüngen, und die Spuren, die
2098 2518 3267 2594 glänzend erfunden, glänzend ausgeführt fanden sie die entsprechende
952 2539 2106 2592 Publikum einige Verwirrung, aus der es durch eine realistische
182 2550 964 2610 st, gleichmüthig wieder auslöscht. Die Todten
2100 2567 3269 2631 Darstellung. Ein alter Journalist, der von Herrn Reinhardt
957 2572 2103 2635 Pointe erlöst wurde. Leonhard und Pauline flirten in einer
179 2593 966 2634 . der eine erinnert sich des Dahingeschiedenen,
2111 2606 3268 2672 glücklicherweise nicht naturalistisch geröchelt, sondern mit dem über¬
963 2623 2101 2679 Bildergalerie, sie weiß nicht recht, ob sie sich dem jungen Liebhaber
152 2636 957 2689 chihren konventionellen Stil hat, den Schmuck
2101 2637 3278 2704 zeugenden Pathos, das sich Sterbende erlauben dürfen, gesprochen
955 2658 2112 2716 geben oder ihrem Manne, der zwar untreu, aber ein großer Dichter
167 2671 965 2723 eben, der Künstler dankt der Erregung ein
2104 2688 3277 2742 wurde, harrt im Spital auf seinen Tod. Nichts ist ihm im
964 2699 2106 2755 ist, treu bleiben soll; denn sie ist eine kapriziöse Frau und sie
163 2703 968 2762 Melodie, womit er sich zugleich von ihr be¬
2101 2722 3275 2784 Leben geglückt, besonders nicht das Dichten, und er erwartet zur
962 2735 2119 2790 spielt, oder vielmehr, sie läßt die gleitenden Augenblicke mit
149 2736 966 2809 ut gar dem Sterbenden die letzte Grimasse
2113 2762 3282 2820 letzten erleichternden Rache seinen Jugendfreund, den berühmten
958 2786 2108 2832 sich spielen, jeder Stimmung hingegeben, ist sie unfaßbar
211 2788 962 2846 verweht mit der letzten Erinnerung
2103 2794 3279 2873 Dichter, um ihm ins Gesicht zu schreien, daß sein Ruhm nur ein
952 2822 2106 2869 wie dieselbe, darum auch träumerisch, sich aus dem Selbst¬
151 2821 956 2877 #er lebendigen Stunden. Theodor Storm
2101 2838 3282 2898 Schwindel, daß er ein Flachkopf gewesen ist und noch obendrein lächer¬
960 2852 2114 2912 bewußtsein lösend, und da sie in der Galerie das Bild der Frau
161 2870 955 2925 inem kleinen Verse seiner Frauen=Riter¬
2112 2892 3281 2939 lich als Mensch, weil er ihn mit seiner Frau mehrere Jahre betrogen
961 2893 2119 2952 mit dem Dolche anstarrt, das ihr ähnelt, verwandelt sie sich in
168 2898 969 2965 Welt ist gar zu lustig; es wird dech
2113 2909 3286 2976 hat. Mit einem Komiker, der von Herrn Fischer mit pracht¬
956 2931 2117 2985 diese Gestalt des alten Meisters und in einem Augenblick der
168 2935 958 2998 Dieses Thema wird in dem ersten Ein¬
2108 2958 3273 3019 vollem Humor gestaltet wurde, macht er eine Probe dieser Ab¬
957 2967 2115 3026 Träumerei durchlebt sie ihr gemaltes Schicksal. Sie ist Paola
179 2986 961 3033 Zyklus den Namen trägt, mit etwas zu
2102 2994 3279 3046 rechnungsszeue, und als der beneidete Freund kommt, ist die Wuth
952 2997 2114 3072 une Lconhard ist Lionardo, sie tragen das Kostüm der Renaissance
169 3014 970 3076 chkeit hingestellt, ein Resultat wird uns vor¬
2101 3035 3282 3101 schon verraucht, dagegen setzt sich der berühmte Dichter an sein
951 3042 2116 3101 und sprechen in Versen von einer Nacht, um die sie
160 3053 957 3104 mit dem Verstande bejahen, weil es sich
2100 3074 3285 3130 Bett und beklagt sein mühseliges Leben, den angstvollen täglichen
964 3093 2118 3145 den Gatten Remigio, den großen Maler, betrogen haben.
168 3098 965 3161 Füberlegten Rechnung als aus der dramatisch
2112 3111 3281 3170 Kampf um sein Ansehen, und seine von Herrn Bassermann
1603 3125 2118 3176 kennt nun die Paola
1312 3121 1627 3189 vergessen, sie
961 3128 1325 3186 Sie hatte sich
183 3134 965 3184 von Gemüthszuständen ergiebt. Von dem
2109 3155 3286 3210 meisterhaft demonstrirte Hohlheit, Kleinheit und Falschheit geben
958 3163 2115 3213 dieser Nacht nicht mehr, gesteht alles dem heimkebrenden
173 3168 967 3242 er als pensionirter Beamter sein Gärtchen
2109 3197 3285 3245 dem Sterbenden die versöhnende Beruhigung, daß die sogenannten
953 3194 2122 3266 Meister, sie kennt den jungen Lionardo nicht mehr, der sie besessen
237 3210 957 3272 daß er die todte Hofräthin geliebt
2112 3229 3281 3287 Glücklichen vor den Unglücklichen nicht viel voraus haben, daß es
957 3228 2118 3294 zu haben behauptet, und ersticht ihn, da er das Leben des
155 3255 968 3309 ein Einsamer eine Enttäuschte lieben
2110 3273 3279 3335 ihnen höchstens noch schwerer wird, in dieser Tragikomödie des
969 3277 2099 3330 Mannes bedroht. Remigio aber, dem der Haß mit der Liebe ge¬
164 3287 969 3351 En sie zusammen alt werden, wir sehen aber,
2107 3287 2962 3372 Lebens ihre Rollen mit Anstand durchzuführen.
966 3317 2120 3366 schwunden ist, wird entzückt von der Pose der Mörderin, und er
161 3316 974 3378 Sohn, den Dichter, eine Niederträchtigkeit be¬
2142 3343 3284 3405 Nach diesen drei nachdenklichen Stücken erweckte der Schwank
958 3364 2119 3405 kann ihr empfangenes Bild endlich als die „Frau mit dem Dolche“
164 3366 965 3416 keit dazu, die wir im Leben recht gern auch
2127 3379 3273 3441 „Literatur“ unendliches Gelächter. Wenn ein moderner Dichter
953 3383 2119 3457 beenden. — Pauline erwacht aus ihrer Traumverlorenheit in der
163 3398 964 3457 nehmen, muß uns im Drama erst bewiesen
964 3417 3282 3488 Galerie, und da sie eine kapriziose Frau ist, wird sie nnn gerade selbst gegen modernen Unfug losgeht, gegen die feelische Scham¬
172 3435 981 3493 r nun einmal gerechter. Die Hofräthin hatte
162 3480 3297 3552 m langen Todeskampfe ein Eude zu machen, ihrem Gatten untreu werden. Dieses dramatische Kunststück er¬I losiakeit der Snobs, die sich vor dem Pubtikum ausziehen müsten.
