3392 4224
1951 196 2419 304 box 21/5
243 203 1952 319 16.1. Lebendige Stunden—Zyklus
468 594 792 722 G
778 447 1288 722 Jurr
2445 629 3324 725 Deutsche Zeitung von Mexiko.
1535 765 3149 846 In eine Stunde kannst du Leben pressen Wie wundervoll sind diese Wesen,
696 773 1436 889 LEBENDIGE STUNDEN.“
2414 819 3234 902 Die, was nicht deutbar, dennoch deuten,
1517 831 2349 892 Mehr als das ganze Leben konnte halten,
2421 879 3108 943 Was nie geschrieben wurde, lesen,
1515 879 2376 939 Das Schattenhafte will ich ganz vergessen.
1528 935 3086 977 Und weih mich deinen Wundern und Gewalten.?' Verworrenes beherrschend binden
3075 917 3145 998 *
654 955 1522 1046 Lebendige Stunden nennt Arthur Schnitz¬
1569 983 3277 1048 Und versöhnend klingen über den toten Toren Und Wege noch im ewig Dunkel finden.
1520 1025 2086 1099 die letzten Worte des Todes:
3013 1025 3300 1097 Ernst Feise.
597 1028 1515 1097 der einen Einakterzyklus, dem auch das dem¬
606 1067 1501 1143 nächst hier aufzuführend. Lustspiel“ Literatur?
1520 1099 3331 1193 W
600 1113 1509 1172 angehört.“ Lebendige Stunden!' sind solche,
608 1169 1524 1246 in denen sich uns plötzlich das Leben enthüllt
602 1216 1526 1301 in seiner ganzen Tiefe oder Schönheit oder Sinn¬
2103 1179 3326 1326 N Baren
604 1261 1522 1351 losigkeit oder Grausamkeit, in denen wir stau¬
1521 1181 2111 1362 Handels- u
607 1319 1519 1392 nend erschrecken oder sanft traurig zum ersten¬
606 1361 1515 1430 mal erkennen, was, wir aus diesem Dasein ge¬
602 1404 1530 1487 macht haben, was wir daraus hätten machen
1547 1439 1654 1526 N
600 1463 1523 1526 können oder sollen. Eine Mutter stirbt und ihr
604 1512 1528 1568 Sohn macht gross Aufhebens von seiner Trauer,
595 1542 1536 1623 aber lebendige Stunden waren die paar warmen
603 1598 1525 1672 Stunden Gesprächs mit ihrem Freunde. Zwar —
601 1662 1490 1729 für den Sohn hat sie ihr Leben hingegeben —
606 1699 1516 1757 aber für ihn wird die Stunde dieser Entdeckung
1530 1699 1646 1777 New
606 1742 1532 1821 nicht zur lebendigen, er muss sie erst ins Reich
611 1791 1525 1860 von Tinte und Papier übertragen, um sie leben¬
1552 1829 1659 1880 Sti
604 1837 1537 1914 dig zu machen, denn er ist ja ein Dichter?'!
611 1884 1522 1973 Hochmütig?' nennt ihn der alte Freund seiner
1522 1896 1662 1954 Mid
1525 1946 1654 2010 Auf
616 1947 786 2016 Mutter.
661 1992 1531 2056 * Hochmütig seid ihr — das ist es: hoch¬
613 2026 1643 2127 mütig, alle die Grossen wie die Kleinen: Was mar
608 2097 1527 2156 ist denn deine ganze Schreiberei, und wenn du
613 2147 1535 2214 das grösste Genie bist, was ist sie denn gegen
613 2189 1539 2259 s0 eine Stünde, so eine lebendige Stunde, in der
617 2236 1526 2309 deine Mutter hier auf dem Lehnstuhl gesessen
619 2283 1534 2363 ist und zu uns geredet hat, oder auch geschwie¬
604 2336 1529 2403 gen, — aber da ist sie gewesen — dal und sie
612 2387 1040 2466 hat gelebt, gelebt!“
653 2441 1000 2509 Und der Sohn:
662 2480 1620 2563 Lebendige Stunden! Sie leben doch nicht 4
614 2538 1532 2596 länger als der letzte, der sich ihrer erinnert.
615 2585 1537 2652 Es ist nicht der schlechteste Beruf, solchen
619 2634 1532 2702 Stunden Dauer zu verleihn, über ihre Zeit hin¬
604 2677 1539 2742 aus. — Leben Sie wohl, Herr Hausdorffer. Ihr
618 2721 1549 2787 Schmerz gibt Ihnen heute noch das Recht, mich
616 2771 1547 2842 misszuverstehn. Im Frühjahr, wenn ihr Garten
614 2803 1619 2904 aufs neue blüht, sprechen wir uns wieder. Denn 2
614 2874 1131 2960 auch Sie leben weiter.'
658 2899 1542 3014 Ein grosser Künstier hätte so sprechen
1526 2914 1624 3006 1
614 2977 1531 3043 dürfen, oder er hätte wobl schweigend so ge¬
607 3034 1534 3098 dacht und schweigend das grosse Erlebnis um¬
614 3071 1547 3136 geschaffen, denn darauf kommt es an, aufs
610 3120 1534 3176 Erlebenkönnen. Aber wir haben es ja hier nicht
1527 3118 1634 3212 05
609 3156 1546 3233 mit wirklichen Dichtern zu tun, sondern mit
608 3216 1539 3300 kleinen Literaten, die nicht erleben können, son¬
618 3264 1531 3319 dern das Leben nur ausbeuten wollen für ihre
1540 3279 1638 3333 Ca
1534 3321 1631 3394 O5
619 3317 1529 3382 Bücher. Die"mit kleinem Leid und schaler
620 3367 1110 3450 Lust'' ihr Leben selbst.
674 3423 1538 3502 Das man zur Hülft noch nicht und halb nicht
748 3490 1536 3564 mehr begreift, erleben wie ein Buch,
1542 3524 1621 3599 Fr.
669 3532 1530 3605 und hinter dem der Sinn erst nach Lebend¬
1208 3581 1523 3651 gem schweift.?
659 3628 1548 3722 Das ist die Tragik dieser Menschen, die
1550 3679 1635 3759 Ge
619 3712 1542 3779 Schnitzler aus den Vorkriegszeiten Oesterreichs
1536 3745 1618 3808 G.
620 3759 1533 3828 kennt und meisterhaft in seinen Stücken wieder¬
1548 3803 1619 3843 H
616 3815 1535 3870 gibt. Und auch ihre Komik.“ Literatur'' das
1554 3826 1630 3907 W
618 3835 1545 3933 Satyrspiel dieses Cyclus, ist sozusagen die Rück¬
616 3899 1536 3979 seite der Münze. Da findet eine kleine Frau
627 3955 1541 4022 ins Leben zurück, aus dem Geniedünkel der
625 3994 1540 4067 Kaffeehausliteraten. Und sie erkauft sich ein
623 4057 1547 4114 Liebesglück mit ihrem geliebten Baron (ein
625 4100 1551 4156 Glück, das auf keine grossen Worte und hohlen
