3436 4320
1142 124 2344 178 zeigte. Es wäre förmlich von schlimmer Vorbedeutung gewesen, hätte
1129 170 2354 230 der Beifall nach dem ersten Stücke der kleinen Tetralogie zu hoch
1128 217 2344 260 eingesetzt. Einen starken ersten Alt schreiben und dann sachte absallen.
1139 256 2357 322 das treffen auch unsere Antoren. Schnitzler macht das praktischer. Er
1131 326 2364 376 war nicht vergeblich Arzt und verabreicht die starken und stärkeren
1130 360 2348 438 Dosen vorsichtig. Die eigentlichen „Lebendigen Stunden“ sind nicht
1139 423 2355 471 mehr als eine treffende Diagnose. Ruhige, beinahe kühle Feststellung
1031 445 1128 507 Für
1135 457 2422 512 des Seelenzustandes, den ein und dasselbe Unglück bei verschiebenarlig ve
1133 506 2374 575 veranlagten Naturen bewirkt. Der Normalmensch und die Künstler
1128 557 2435 650 natur schöpfen aus einem und demselben Vorgange ganz ias.
1127 610 2355 674 heterogene Eindrücke. Der Dichter, dem die Mutter gestorben ist,
1127 655 2469 712 röstet sich, wenn er in freiem Schaffen Vergessen finden darf, das
1026 691 1133 745 Abon
1134 710 2468 774 leichter, als der alte Freund, dessen Herzen die Verblichene den
1028 738 1154 791 Abon
1127 770 2353 826 gahe gestanden und der für sein Weh kein anderes Ausdrucksmittel
1119 798 2465 878 als die Todtenklage findet. Den Normalmenschen dünkt der anders ; die
1021 867 2456 916 Inha besaitete Künstler unmenschlich, empörend; er versteht ihn einsach gen¬
1030 903 2455 957 blätlicht, kann und wird ihn auch kaum je verstehen. Dieser Gegensatz ung")
2336 942 2468 990 tliche
1027 936 2346 1020 wocurst in dem ersten Stücke des Cyklus sehr geistreich aufgestellt, ist auch
1031 977 1189 1028 Leben“
2334 979 2465 1046 Mit¬
1028 1020 2346 1059 theilu'sychisch unbestreitbar, aber im Publikum, dessen überwiegende
1135 1043 2351 1102 Mehrheit aus Normalmenschen besteht, darf die These auf allen
1124 1088 2358 1163 träftigen Widerhall nicht zählen. Die Schaffenden im Zuschauer¬
1129 1150 2363 1215 raume fühlen, wissen, daß der Dichter eine unumstößliche Wahrheit
1122 1198 2357 1266 vor uns hinstellt, die Form, in der er es thut, ist untadelig, nobel,
1128 1245 2351 1311 vielleicht gar zu gut gekleidet; aber die Meisten im Saale
1119 1282 2353 1354 glauben nicht recht an sie, denn moderne Wahrheiten erscheinen
1122 1343 2345 1407 sonst nackt und handgreiflich auf dem Theater. Die Schnitzler'sche ist
1115 1400 2354 1459 nicht zum Greifen. Ludwig Hevesi hat in diesen Blättern vor genau
1118 1441 2358 1517 oier Wochen in einem Feuilleton — auch eine lebendige halbe
1119 1490 2342 1543 Stunde — über die Wiener Novität der Berliner Künstler ein¬
1122 1535 2343 1613 gehend gesprochen und uns nur karge Nachlese übrig gelassen. Das
1122 1578 2347 1653 erste Stück konnte auch hier keine andere Wirkung haben als in
1115 1629 2353 1701 Wien, aber es wäre Unrecht, zu behaupten, daß die erste der
1125 1688 2344 1747 „Lebondigen Stunden“ auf die Fortsetzung nicht neugierig gemacht
1115 1738 2348 1793 habe. Und die Fortsetzung war gut, besser, am besten. „Die Frau
1122 1775 2342 1843 mit dem Dolche“ erschien dem Publikum wie ein Capriccio, das es
1121 1825 2333 1883 ja auch ist; ein bischen verschwommen, ein bischen gesucht, aber
1116 1882 2338 1955 fein gezeichnet, die Schöpfung einer Künsilerlaune, die vom
1116 1929 2334 1984 Landläufigen um keinen Preis der Welt etwas wissen,
1122 1977 2352 2036 mag. Das Spiel mit Wirklichkeit und Vision ist exzentrisch, verstiegenf
1125 2017 2366 2084 aber der Geist eines Dichters schwebt darüber und verweist uns an¬
1115 2065 2363 2141 die unerforschlichen Geheimnisse der Frauenseele. Wer dem Psychot¬
1124 2115 2339 2179 logen, der die Lösung eines solchen Geheimnisses versucht, glaubt, hat
1128 2142 2360 2229 den Genuß davon; wer ihm nicht folgen kann, den bleibt immerhin
1126 2207 2357 2293 noch die Frende an szenischen Bildern und reizvollen Bersen.
1115 2255 2352 2321 Das Publikum sand an dem originellen Blendwerk
1119 2313 2340 2368 Gefallen und rief den anwesenden Dichter ein halb
1118 2368 2350 2425 Dutzend Male, mit ihm Frl. Irene Triesch; auch eine
1112 2403 2351 2478 Neue, deren Bekanntschaft als angenehm und werthvoll gelten durfte.
1116 2451 2351 2521 Sie war die visionäre Dame, die in zehn Minuten ein halbes Jahr¬
1120 2500 2343 2571 tausend wegzueskamotiren hat und sie machte dieses Herenstück —
1124 2550 2346 2613 leider wie die modernen Schwarzkünstler, ohne technischen Apparat —
1122 2596 2346 2670 interessant und mit starker schauspielerischer Intelligenz. Den Anbeter
1117 2648 2354 2731 gab Herr Kayßler; vortrefflich, so weit die Prosa
1120 2710 2348 2767 reichte, überhastet, kaum verständlich als der Vers sein
1134 2745 2349 2814 Recht verlangte. Die zweite Hälfte des Abends brachte
1133 2795 2343 2865 das allgemein Zugängliche, die wirkliche lebendige Stunde. „Die
1122 2844 2356 2933 letzten Masken“ schlugen durch. Das merkwürdige Spiel, das man
1122 2895 2358 2957 frei nach Lessing: „Wie ein Moderner den Tod gebildet“ nennen
1121 2959 2346 3014 möchte, ergriff die Leute und ließ sie nicht los. Der kostbare Ull des
1122 2998 2340 3055 mimenden Moriturus, die prachtvollen Charakterzeichnungen: der ver¬
1126 3041 2354 3132 kannte Journalist, den in der Todesstunde nach Rache dürstet und
1126 3093 2345 3158 dem schließlich „Alles alleseins“ ist, der windige Modedichter, die
1137 3141 2350 3220 Aerztetypen: das „lag“ den Zuschauern, daran hatten sie die große
1137 3189 2347 3250 Beifallsfreude und es kamen an die zehn Hervorrufe dabei heraus.
1135 3246 2356 3320 Gespielt wurde dieses Stück blendend. Herr Reinhardt, der
1126 3286 2362 3347 im ersten Viertel des Abends den Hofrath aus ehrlichem Gemüth
1125 3341 2358 3413 gesprochen hatte, spielte jetzt den sterbenden Journalisten erschütternd¬
1126 3386 2353 3460 gut; Herr Bassermann als posirender Literaturheld war
1131 3436 2342 3500 unübertrefflich; den armen Provinzkomödianten machte Herr Mein¬
1126 3480 2348 3564 hardt prächtig und dem Arzte gab Herr Hofmeister über¬
1123 3542 2364 3594 raschend natürliche Haltung und Rede. Ein Musterstück von
1131 3575 2357 3650 Schauspielkunst wurde auch in „Literatur“ gezeigt. Frl. Triesch, die
1137 3639 2365 3718 kästliche Münchener Witwe, die aus ihrer Vergangenheit literarische
1136 3688 2363 3755 Zukunft machen will, hatte den Humor und das Temperament für
1131 3723 2361 3804 die brillant gezeichnete Figur; Herr Bassermann brachte als
1139 3778 2366 3851 vornehm=beschränkter Zukunftsgatte einen förmlich verblüffend treuen
1140 3836 2356 3914 Typus aus dem high life, und Herr Rittner, der im ersten
1142 3873 2369 3949 Stücke die schwerer faßbare Künstlerseele zu verdolmetschen gehabt
1139 3940 2361 4019 hatte, spielte den Gilbert mit der Laune des echten Bohémien. Ueber
1141 3975 2368 4040 wirkliche Literatur ist kaum noch so viel gelacht worden, wie heute
1143 4032 2363 4108 über ihr Jerrbild, in dem allerdings eine Menge von Feinheit und
2157 4074 2320 4133 —ser.
1144 4085 1445 4148 Wahrheit liegt.
