<?xml version="1.0" encoding="UTF-8" standalone="yes"?>
<PcGts xmlns="http://schema.primaresearch.org/PAGE/gts/pagecontent/2013-07-15" xmlns:xsi="http://www.w3.org/2001/XMLSchema-instance" xsi:schemaLocation="http://schema.primaresearch.org/PAGE/gts/pagecontent/2013-07-15 http://schema.primaresearch.org/PAGE/gts/pagecontent/2013-07-15/pagecontent.xsd">
    <Metadata>
        <Creator>prov=University of Rostock/Institute of Mathematics/CITlab/Gundram Leifert/gundram.leifert@uni-rostock.de:name=ONB_Newseye_GT_M1+(htr_id=10810)::::v=2.4.2
prov=University of Rostock/Institute of Mathematics/CITlab/Tobias Gruening/tobias.gruening@uni-rostock.de:name=de.uros.citlab.module.baseline2polygon.B2PSeamMultiOriented:v=2.4.2
prov=University of Rostock/Institute of Mathematics/CITlab/Tobias Gruening/tobias.gruening@uni-rostock.de:name=/mnt/transkribus/LA/DEA/URO/LA_news_onb_att.pb:de.uros.citlab.segmentation.CITlab_LA_ML:v=2.4.2
Transkribus</Creator>
        <Created>2019-10-07T11:34:42.242+02:00</Created>
        <LastChange>2019-10-08T15:27:46.039+02:00</LastChange>
        <TranskribusMetadata docId="223975" pageId="9501202" pageNr="273" tsid="16595865" status="IN_PROGRESS" userId="40391" imgUrl="https://files.transkribus.eu/Get?id=TVGNYJMAFANRUKRNVDGBBDAM&amp;fileType=view" xmlUrl="https://files.transkribus.eu/Get?id=UBZXQTYUYAVNDHJSYXQAFVSL" imageId="6191424"/>
    </Metadata>
    <Page imageFilename="223975_0273.jpeg" imageWidth="3484" imageHeight="4384">
        <ReadingOrder>
            <OrderedGroup id="ro_1711449804477" caption="Regions reading order">
                <RegionRefIndexed index="0" regionRef="r1"/>
            </OrderedGroup>
        </ReadingOrder>
        <TextRegion orientation="0.0" id="r1" custom="readingOrder {index:0;}">
            <Coords points="374,127 374,3594 2680,3594 2680,127"/>
            <TextLine id="r1l1" custom="readingOrder {index:0;}">
                <Coords points="363,169 1995,227 2027,168 1869,111 1618,173 1260,94 364,105"/>
                <Baseline points="374,150 456,158 538,164 620,169 702,173 784,176 866,179 948,181 1030,183 1112,184 1195,185 1277,186 1359,186 1441,187 1523,187 1605,188 1687,189 1769,190 1851,192 1933,194 2016,196"/>
                <TextEquiv>
                    <Unicode>16.1. Lebendige Stunden zuklus</Unicode>
                </TextEquiv>
            </TextLine>
            <TextLine id="r1l2" custom="readingOrder {index:1;}">
                <Coords points="2176,200 2221,191 2244,207 2267,197 2311,212 2380,194 2401,211 2435,201 2522,215 2549,200 2620,205 2622,132 2601,125 2448,137 2413,116 2368,134 2254,124 2240,137 2179,119"/>
                <Baseline points="2188,177 2214,178 2240,180 2267,181 2293,183 2319,184 2346,185 2372,187 2399,187 2425,189 2451,190 2478,190 2504,191 2530,191 2557,191 2583,191 2610,190"/>
                <TextEquiv>
                    <Unicode>box 21/2</Unicode>
                </TextEquiv>
            </TextLine>
            <TextLine id="r1l3" custom="readingOrder {index:2;}">
                <Coords points="931,949 1025,976 1083,964 1180,982 1233,955 1321,988 1379,968 1442,981 1446,864 1360,850 1328,872 1282,859 1264,874 1219,853 1134,886 1062,853 934,843"/>
                <Baseline points="942,946 967,950 993,952 1019,955 1044,956 1070,958 1096,958 1122,958 1147,958 1173,958 1199,958 1225,958 1250,958 1276,959 1302,959 1328,960 1353,962 1379,964 1405,966 1431,970"/>
                <TextEquiv>
                    <Unicode>Ma </Unicode>
                </TextEquiv>
            </TextLine>
            <TextLine id="r1l4" custom="readingOrder {index:3;}">
                <Coords points="1515,1053 1707,1033 1740,1052 1831,1039 1879,1063 2007,1044 2035,1063 2109,1041 2111,979 2036,961 2009,980 1990,962 1897,957 1833,977 1725,952 1654,969 1597,948 1518,954"/>
                <Baseline points="1526,1021 1554,1022 1583,1023 1611,1024 1640,1024 1669,1025 1697,1026 1726,1027 1754,1027 1783,1029 1812,1029 1840,1030 1869,1031 1897,1032 1926,1033 1955,1034 1983,1035 2012,1036 2040,1037 2069,1038 2098,1039"/>
                <TextEquiv>
                    <Unicode>Berliner Brief.</Unicode>
                </TextEquiv>
            </TextLine>
            <TextLine id="r1l5" custom="readingOrder {index:4;}">
                <Coords points="1032,1081 2684,1140 2686,1065 1710,1068 1034,1006"/>
                <Baseline points="1044,1076 1125,1080 1206,1083 1288,1086 1369,1089 1451,1092 1532,1095 1613,1098 1695,1101 1776,1104 1858,1106 1939,1108 2020,1110 2102,1113 2183,1115 2265,1116 2346,1118 2427,1120 2509,1121 2590,1122 2672,1124"/>
                <TextEquiv>
                    <Unicode>Wieder ist die Zeit der Erwartung gekommen. Der „beliebteste“ deutsche</Unicode>
                </TextEquiv>
            </TextLine>
            <TextLine id="r1l6" custom="readingOrder {index:5;}">
                <Coords points="915,1127 2691,1175 2577,1127 917,1078"/>
                <Baseline points="927,1124 1014,1127 1102,1131 1189,1134 1277,1137 1365,1139 1452,1142 1540,1145 1627,1148 1715,1150 1803,1152 1890,1155 1978,1157 2065,1159 2153,1161 2241,1164 2328,1166 2416,1168 2503,1170 2591,1172 2679,1174"/>
                <TextEquiv>
                    <Unicode>Dramatiker der Moderne, wenn auch nicht der „erste“ wird vom Deutschen</Unicode>
                </TextEquiv>
            </TextLine>
            <TextLine id="r1l7" custom="readingOrder {index:6;}">
                <Coords points="922,1180 2688,1253 2690,1176 924,1132"/>
                <Baseline points="933,1173 1020,1175 1107,1179 1194,1181 1281,1184 1369,1187 1456,1190 1543,1193 1630,1196 1717,1198 1805,1201 1892,1204 1979,1206 2066,1209 2153,1211 2241,1214 2328,1216 2415,1218 2502,1221 2589,1222 2677,1225"/>
                <TextEquiv>
                    <Unicode>Theater aus ein neues Werk in die Welt senden, das, wie es auch ausfallen mag,</Unicode>
                </TextEquiv>
            </TextLine>
            <TextLine id="r1l8" custom="readingOrder {index:7;}">
                <Coords points="912,1228 2679,1280 2601,1227 914,1182"/>
                <Baseline points="924,1223 1011,1226 1098,1229 1185,1232 1272,1235 1360,1237 1447,1240 1534,1242 1621,1245 1708,1247 1796,1250 1883,1252 1970,1254 2057,1256 2144,1258 2232,1261 2319,1263 2406,1266 2493,1268 2580,1271 2668,1274"/>
                <TextEquiv>
                    <Unicode>in sämmtlichen Städten und Dörfern sämmtlicher Staaten deutscher Sprache aufge¬</Unicode>
                </TextEquiv>
            </TextLine>
            <TextLine id="r1l9" custom="readingOrder {index:8;}">
                <Coords points="914,1287 2688,1331 2654,1275 916,1236"/>
                <Baseline points="926,1272 1013,1275 1101,1277 1188,1280 1276,1282 1363,1285 1451,1287 1538,1290 1626,1292 1713,1295 1801,1297 1888,1299 1976,1302 2063,1305 2151,1307 2238,1309 2326,1312 2413,1315 2501,1318 2588,1320 2676,1324"/>
                <TextEquiv>
                    <Unicode>führt werden wird. Vielleicht wird es sogar in das Französische übertragen werden,</Unicode>
                </TextEquiv>
            </TextLine>
            <TextLine id="r1l10" custom="readingOrder {index:9;}">
                <Coords points="918,1341 2674,1387 2676,1321 920,1284"/>
                <Baseline points="930,1321 1016,1324 1103,1327 1190,1330 1276,1332 1363,1335 1450,1337 1536,1340 1623,1343 1710,1345 1797,1347 1883,1350 1970,1352 2057,1355 2143,1357 2230,1359 2317,1361 2403,1363 2490,1365 2577,1368 2664,1369"/>
                <TextEquiv>
                    <Unicode>um dem „Dichter“ auch in Paris neue Bewunderer zu werben. Hermann Suder¬</Unicode>
                </TextEquiv>
            </TextLine>
            <TextLine id="r1l11" custom="readingOrder {index:10;}">
                <Coords points="905,1372 2658,1438 2693,1388 907,1319"/>
                <Baseline points="916,1368 1004,1371 1092,1374 1180,1377 1268,1380 1357,1383 1445,1385 1533,1388 1621,1391 1709,1393 1798,1395 1886,1398 1974,1400 2062,1402 2150,1405 2239,1407 2327,1410 2415,1412 2503,1415 2591,1417 2680,1420"/>
                <TextEquiv>
                    <Unicode>mann ist hier nach Gerhart Hauptmann, dem „ersten deutschen Dramatiker der</Unicode>
                </TextEquiv>
            </TextLine>
            <TextLine id="r1l12" custom="readingOrder {index:11;}">
                <Coords points="919,1415 2683,1473 2581,1413 920,1382"/>
                <Baseline points="929,1419 1016,1421 1103,1424 1190,1426 1277,1429 1364,1431 1451,1434 1539,1436 1626,1439 1713,1441 1800,1444 1887,1446 1974,1449 2061,1451 2149,1454 2236,1457 2323,1459 2410,1462 2497,1464 2584,1467 2672,1470"/>
                <TextEquiv>
                    <Unicode>Gegenwart“, die beliebteste Person auf der Bühne. Man ruft ihn gerne, ja, wenn es</Unicode>
                </TextEquiv>
            </TextLine>
            <TextLine id="r1l13" custom="readingOrder {index:12;}">
                <Coords points="915,1466 2677,1527 2678,1469 916,1437"/>
                <Baseline points="925,1471 1012,1473 1099,1474 1186,1476 1273,1478 1360,1480 1447,1482 1534,1485 1621,1488 1708,1491 1795,1494 1882,1496 1969,1499 2056,1502 2143,1505 2230,1508 2317,1510 2404,1512 2491,1515 2578,1517 2665,1518"/>
                <TextEquiv>
                    <Unicode>nur einigermaßen möglich ist, nach jedem Aktschluß. Er ist ja auch noch leichter „ver¬</Unicode>
                </TextEquiv>
            </TextLine>
            <TextLine id="r1l14" custom="readingOrder {index:13;}">
                <Coords points="917,1518 2677,1570 2540,1513 919,1467"/>
                <Baseline points="928,1519 1019,1521 1111,1524 1202,1527 1294,1529 1385,1532 1477,1534 1568,1537 1660,1539 1751,1541 1843,1544 1934,1546 2026,1549 2117,1551 2209,1554 2300,1557 2392,1560 2483,1563 2575,1566 2667,1569"/>
                <TextEquiv>
                    <Unicode>ständlich“ wie der Verfasser der „versunkenen Glocke“ Sudermann's Mache ist im</Unicode>
                </TextEquiv>
            </TextLine>
            <TextLine id="r1l15" custom="readingOrder {index:14;}">
                <Coords points="904,1571 2680,1619 2661,1572 2057,1531 906,1516"/>
                <Baseline points="915,1566 1002,1569 1090,1572 1177,1575 1265,1577 1353,1580 1440,1583 1528,1585 1616,1588 1703,1590 1791,1593 1879,1595 1966,1598 2054,1601 2142,1603 2229,1605 2317,1607 2405,1610 2492,1612 2580,1614 2668,1616"/>
                <TextEquiv>
                    <Unicode>Grunde aber durchaus kein Nachtheil für den Verfasser. Was liegt denn überhaupt</Unicode>
                </TextEquiv>
            </TextLine>
            <TextLine id="r1l16" custom="readingOrder {index:15;}">
                <Coords points="904,1642 2679,1644 906,1582"/>
                <Baseline points="917,1618 1004,1619 1092,1622 1179,1624 1267,1626 1354,1628 1442,1631 1529,1634 1617,1636 1704,1639 1792,1641 1880,1644 1967,1647 2055,1649 2142,1652 2230,1654 2317,1657 2405,1659 2492,1662 2580,1664 2668,1666"/>
                <TextEquiv>
                    <Unicode>daran, daß es Mache ist und daß man diese merkt. Die Sudermannischen Stücke haben</Unicode>
                </TextEquiv>
            </TextLine>
            <TextLine id="r1l17" custom="readingOrder {index:16;}">
                <Coords points="912,1684 1124,1683 1159,1657 1199,1695 1219,1679 1298,1695 1384,1663 1384,1636 1095,1639 1078,1627 1058,1638 970,1624 948,1644 912,1642"/>
                <Baseline points="922,1669 947,1670 972,1670 997,1670 1022,1670 1047,1670 1072,1670 1097,1670 1122,1670 1148,1670 1173,1670 1198,1670 1223,1670 1248,1670 1273,1671 1298,1672 1323,1672 1348,1674 1374,1675"/>
                <TextEquiv>
                    <Unicode>„Schlager“ „Effekte“</Unicode>
                </TextEquiv>
            </TextLine>
            <TextLine id="r1l18" custom="readingOrder {index:17;}">
                <Coords points="1454,1684 2656,1739 2675,1669 1455,1647"/>
                <Baseline points="1466,1677 1525,1680 1585,1683 1645,1686 1705,1688 1765,1690 1824,1692 1884,1694 1944,1695 2004,1697 2064,1698 2123,1700 2183,1701 2243,1703 2303,1704 2363,1706 2422,1707 2482,1709 2542,1711 2602,1713 2662,1716"/>
                <TextEquiv>
                    <Unicode>manchmal verrathen sie sogar Bühnengewandtheit. Also,</Unicode>
                </TextEquiv>
            </TextLine>
            <TextLine id="r1l19" custom="readingOrder {index:18;}">
                <Coords points="910,1726 2656,1794 2671,1726 911,1684"/>
                <Baseline points="921,1715 1012,1718 1104,1720 1195,1723 1287,1725 1378,1728 1470,1731 1561,1733 1653,1736 1744,1738 1836,1741 1927,1744 2019,1746 2110,1749 2202,1752 2293,1754 2385,1757 2476,1760 2568,1763 2660,1766"/>
                <TextEquiv>
                    <Unicode>sehr geehrter Herr Sudermann, seien Sie nicht nervös, es wird nicht schief gehen,</Unicode>
                </TextEquiv>
            </TextLine>
            <TextLine id="r1l20" custom="readingOrder {index:19;}">
                <Coords points="908,1778 2668,1823 2568,1765 910,1725"/>
                <Baseline points="920,1765 1006,1767 1093,1768 1180,1770 1267,1772 1354,1774 1441,1777 1528,1780 1615,1782 1702,1786 1789,1789 1875,1792 1962,1795 2049,1798 2136,1801 2223,1803 2310,1806 2397,1808 2484,1810 2571,1812 2658,1813"/>
                <TextEquiv>
                    <Unicode>nein, es kann nicht einmal richtig schief gehen — das Publikum freut sich auf Alles,</Unicode>
                </TextEquiv>
            </TextLine>
            <TextLine id="r1l21" custom="readingOrder {index:20;}">
                <Coords points="905,1823 2663,1880 2664,1821 2526,1810 907,1779"/>
                <Baseline points="916,1813 1002,1815 1089,1818 1176,1820 1263,1823 1350,1826 1436,1828 1523,1831 1610,1834 1697,1837 1784,1839 1870,1842 1957,1845 2044,1847 2131,1849 2218,1852 2304,1854 2391,1856 2478,1858 2565,1859 2652,1860"/>
                <TextEquiv>
                    <Unicode>was von Ihnen kommt, und sollte das neue Werk auch nicht ganz einwandfrei sein.</Unicode>
                </TextEquiv>
            </TextLine>
            <TextLine id="r1l22" custom="readingOrder {index:21;}">
                <Coords points="907,1882 2658,1936 2677,1868 908,1825"/>
                <Baseline points="918,1863 1005,1866 1092,1868 1179,1871 1267,1874 1354,1876 1441,1879 1529,1882 1616,1885 1703,1887 1791,1890 1878,1893 1965,1896 2052,1898 2140,1900 2227,1902 2314,1904 2402,1906 2489,1908 2576,1909 2664,1910"/>
                <TextEquiv>
                    <Unicode>Also, nur frisch darauf los dramatisirt, auf daß in jedem Jannar der kommenden</Unicode>
                </TextEquiv>
            </TextLine>
            <TextLine id="r1l23" custom="readingOrder {index:22;}">
                <Coords points="908,1927 2606,1976 2673,1924 909,1879"/>
                <Baseline points="918,1914 1005,1916 1092,1919 1179,1921 1266,1923 1354,1925 1441,1927 1528,1930 1615,1933 1702,1935 1790,1937 1877,1940 1964,1942 2051,1945 2138,1947 2226,1950 2313,1952 2400,1954 2487,1956 2574,1958 2662,1961"/>
                <TextEquiv>
                    <Unicode>Jahre ein neues Trauer= oder Schauerspiel den tüchtigen Künstlern des deutschen</Unicode>
                </TextEquiv>
            </TextLine>
            <TextLine id="r1l24" custom="readingOrder {index:23;}">
                <Coords points="904,1970 2666,2007 2667,1965 2365,1952 905,1935"/>
                <Baseline points="914,1959 1001,1962 1088,1964 1175,1967 1262,1971 1349,1974 1436,1977 1523,1980 1610,1983 1697,1986 1784,1989 1871,1992 1958,1994 2045,1997 2132,2000 2219,2002 2306,2004 2393,2006 2480,2007 2567,2009 2654,2010"/>
                <TextEquiv>
                    <Unicode>Theaters Gelegenheit gebe, aus Nichts oder aus Wenig so viel wie möglich zu machen.</Unicode>
                </TextEquiv>
            </TextLine>
            <TextLine id="r1l25" custom="readingOrder {index:24;}">
                <Coords points="1015,2014 2672,2053 2646,2014 1016,1986"/>
                <Baseline points="1026,2012 1107,2015 1189,2018 1271,2021 1352,2024 1434,2027 1516,2030 1597,2032 1679,2035 1761,2038 1843,2040 1924,2042 2006,2045 2088,2047 2169,2049 2251,2051 2333,2053 2414,2055 2496,2057 2578,2059 2660,2060"/>
                <TextEquiv>
                    <Unicode>Die Berliner Theater sind äußerst premièrenträge geworden. Oder sollte wirklich</Unicode>
                </TextEquiv>
            </TextLine>
            <TextLine id="r1l26" custom="readingOrder {index:25;}">
                <Coords points="897,2075 2582,2126 2656,2084 899,2002"/>
                <Baseline points="908,2059 994,2061 1081,2063 1168,2066 1255,2069 1342,2071 1428,2075 1515,2078 1602,2082 1689,2084 1776,2087 1862,2091 1949,2094 2036,2097 2123,2099 2210,2102 2296,2103 2383,2105 2470,2107 2557,2108 2644,2108"/>
                <TextEquiv>
                    <Unicode>der „rothe Hahn“ das Gewitter bedeuten, das vorübergezogen ist, ohne einzuschlagen</Unicode>
                </TextEquiv>
            </TextLine>
            <TextLine id="r1l27" custom="readingOrder {index:26;}">
                <Coords points="888,2106 2565,2189 2660,2131 889,2077"/>
                <Baseline points="898,2109 985,2110 1072,2112 1160,2114 1247,2117 1335,2119 1422,2122 1510,2125 1597,2128 1685,2131 1772,2134 1859,2137 1947,2140 2034,2143 2122,2145 2209,2148 2297,2150 2384,2152 2472,2154 2559,2155 2647,2156"/>
                <TextEquiv>
                    <Unicode>und die jetzige Eintönigkeit an den Bühnen die Stille vor dem aufsteigenden Suder¬</Unicode>
                </TextEquiv>
            </TextLine>
            <TextLine id="r1l28" custom="readingOrder {index:27;}">
                <Coords points="892,2173 923,2185 978,2169 1009,2183 1053,2168 1124,2179 1144,2164 1174,2183 1210,2172 1302,2184 1351,2176 1352,2132 1094,2132 1035,2117 893,2138"/>
                <Baseline points="904,2157 929,2158 955,2160 980,2160 1006,2161 1032,2162 1057,2163 1083,2164 1109,2165 1134,2165 1160,2166 1186,2166 1211,2167 1237,2167 1263,2168 1288,2168 1314,2168 1340,2169"/>
                <TextEquiv>
                    <Unicode>mannischen Gewölk?</Unicode>
                </TextEquiv>
            </TextLine>
            <TextLine id="r1l29" custom="readingOrder {index:28;}">
                <Coords points="1020,2215 2491,2269 2658,2262 2660,2213 1021,2177"/>
                <Baseline points="1032,2213 1112,2216 1193,2219 1274,2221 1355,2224 1436,2227 1516,2229 1597,2231 1678,2233 1759,2236 1840,2238 1920,2239 2001,2241 2082,2243 2163,2245 2244,2246 2324,2248 2405,2250 2486,2251 2567,2252 2648,2253"/>
                <TextEquiv>
                    <Unicode>Im Berliner Theater gibt man mit bewundernswerther Geduld „Alt Heidel¬</Unicode>
                </TextEquiv>
            </TextLine>
            <TextLine id="r1l30" custom="readingOrder {index:29;}">
                <Coords points="883,2274 2630,2322 2664,2266 884,2217"/>
                <Baseline points="894,2257 981,2262 1069,2265 1157,2268 1245,2271 1333,2274 1421,2277 1509,2279 1597,2282 1685,2284 1773,2286 1860,2288 1948,2290 2036,2292 2124,2294 2212,2296 2300,2298 2388,2300 2476,2302 2564,2304 2652,2306"/>
                <TextEquiv>
                    <Unicode>berg“ und ab und zu die „Rothe Robe“ Wenn diesenur den Schauspielern wenig</Unicode>
                </TextEquiv>
            </TextLine>
            <TextLine id="r1l31" custom="readingOrder {index:30;}">
                <Coords points="1548,2314 1561,2314 1563,2312 1574,2314 1576,2311 1587,2311 1620,2315 1620,2295 1607,2293 1602,2295 1598,2291 1576,2285 1567,2276 1565,2279 1547,2279"/>
                <Baseline points="1558,2314 1583,2312 1609,2313"/>
                <TextEquiv>
                    <Unicode>111.%</Unicode>
                </TextEquiv>
            </TextLine>
            <TextLine id="r1l32" custom="readingOrder {index:31;}">
                <Coords points="896,2306 2660,2375 2589,2309 897,2275"/>
                <Baseline points="908,2306 995,2310 1082,2313 1169,2315 1256,2318 1343,2321 1430,2324 1517,2327 1604,2330 1691,2332 1779,2334 1866,2337 1953,2339 2040,2341 2127,2343 2214,2345 2301,2347 2388,2348 2475,2349 2562,2351 2650,2352"/>
                <TextEquiv>
                    <Unicode>abwechselnde und nicht gerade geistreiche Auswahl nicht schadet! Sie müßten eigentlich</Unicode>
                </TextEquiv>
            </TextLine>
            <TextLine id="r1l33" custom="readingOrder {index:32;}">
                <Coords points="892,2374 2517,2425 2655,2383 893,2321"/>
                <Baseline points="904,2354 991,2357 1078,2360 1165,2363 1252,2366 1339,2368 1426,2371 1513,2374 1600,2376 1687,2379 1774,2381 1861,2384 1948,2386 2035,2389 2122,2391 2209,2393 2296,2396 2383,2398 2470,2400 2557,2402 2644,2404"/>
                <TextEquiv>
                    <Unicode>schon beinahe eitersüchtig werden auf ihre Kollegen im Lessingtheater, die</Unicode>
                </TextEquiv>
            </TextLine>
            <TextLine id="r1l34" custom="readingOrder {index:33;}">
                <Coords points="895,2418 2658,2468 2659,2420 2560,2399 897,2365"/>
                <Baseline points="906,2399 993,2403 1080,2407 1167,2411 1254,2414 1341,2417 1428,2420 1515,2423 1602,2426 1689,2428 1777,2431 1864,2433 1951,2435 2038,2437 2125,2439 2212,2441 2299,2443 2386,2445 2473,2447 2560,2449 2648,2451"/>
                <TextEquiv>
                    <Unicode>Skowronek's Erzeuguis „Das schwarze Schäflein“ aufführen durften. Das</Unicode>
                </TextEquiv>
            </TextLine>
            <TextLine id="r1l35" custom="readingOrder {index:34;}">
                <Coords points="886,2464 2469,2513 2646,2508 2648,2462 887,2425"/>
                <Baseline points="898,2450 984,2453 1071,2455 1158,2458 1245,2461 1332,2464 1419,2468 1506,2470 1593,2473 1680,2476 1767,2479 1853,2482 1940,2484 2027,2487 2114,2490 2201,2492 2288,2495 2375,2496 2462,2498 2549,2500 2636,2502"/>
                <TextEquiv>
                    <Unicode>einzige, was sie vielleicht tröstet, ist der lanwarme Erfolg, den dieser Verfasser, der</Unicode>
                </TextEquiv>
            </TextLine>
            <TextLine id="r1l36" custom="readingOrder {index:35;}">
                <Coords points="877,2505 2656,2586 2658,2515 2586,2500 878,2470"/>
                <Baseline points="888,2502 980,2504 1073,2507 1165,2510 1258,2513 1350,2516 1443,2519 1536,2522 1628,2524 1721,2527 1813,2530 1906,2532 1998,2535 2091,2537 2184,2540 2276,2542 2369,2544 2461,2546 2554,2547 2647,2549"/>
                <TextEquiv>
                    <Unicode>nicht ganz ungeschickt auf den für die Kunst so segensreichen Pfaden eines Felix</Unicode>
                </TextEquiv>
            </TextLine>
            <TextLine id="r1l37" custom="readingOrder {index:36;}">
                <Coords points="885,2567 932,2586 1084,2556 1306,2585 1344,2564 1455,2590 1522,2567 1603,2588 1681,2579 1682,2535 886,2510"/>
                <Baseline points="896,2551 934,2551 973,2552 1012,2553 1051,2554 1089,2555 1128,2557 1167,2558 1206,2560 1244,2561 1283,2563 1322,2564 1361,2566 1399,2567 1438,2568 1477,2569 1516,2570 1554,2571 1593,2572 1632,2572 1671,2572"/>
                <TextEquiv>
                    <Unicode>Philippi wandelt, zu erringen wußte.</Unicode>
                </TextEquiv>
            </TextLine>
            <TextLine id="r1l38" custom="readingOrder {index:37;}">
                <Coords points="983,2601 2641,2666 2608,2597 985,2560"/>
                <Baseline points="995,2602 1076,2605 1158,2608 1240,2610 1322,2612 1403,2615 1485,2617 1567,2619 1649,2622 1730,2624 1812,2627 1894,2629 1976,2631 2057,2633 2139,2635 2221,2638 2303,2640 2384,2642 2466,2645 2548,2647 2630,2649"/>
                <TextEquiv>
                    <Unicode>Wer zur Zeit ein Stück sehen will, das litterarisch ernst genommen werden kann</Unicode>
                </TextEquiv>
            </TextLine>
            <TextLine id="r1l39" custom="readingOrder {index:38;}">
                <Coords points="882,2655 2109,2707 2636,2674 883,2617"/>
                <Baseline points="892,2648 978,2651 1065,2653 1151,2656 1238,2658 1324,2661 1411,2664 1497,2667 1584,2670 1670,2673 1757,2676 1844,2678 1930,2681 2017,2684 2103,2686 2190,2688 2276,2691 2363,2692 2449,2694 2536,2695 2623,2696"/>
                <TextEquiv>
                    <Unicode>und will, der sieht im deutschen Theater sogar einen Zyklus von solchen. Ja, wahr¬</Unicode>
                </TextEquiv>
            </TextLine>
            <TextLine id="r1l40" custom="readingOrder {index:39;}">
                <Coords points="881,2701 2601,2763 2640,2715 882,2655"/>
                <Baseline points="892,2702 978,2703 1065,2704 1152,2706 1239,2708 1326,2711 1412,2713 1499,2716 1586,2719 1673,2723 1760,2725 1846,2729 1933,2732 2020,2734 2107,2737 2194,2739 2280,2742 2367,2743 2454,2745 2541,2745 2628,2745"/>
                <TextEquiv>
                    <Unicode>haftig, die vier Einakter Arthur Schnitzler's halten sich merkwürdig lang! Die</Unicode>
                </TextEquiv>
            </TextLine>
            <TextLine id="r1l41" custom="readingOrder {index:40;}">
                <Coords points="885,2764 2460,2814 2648,2793 2650,2738 886,2731"/>
                <Baseline points="896,2751 983,2751 1070,2752 1157,2754 1244,2756 1331,2759 1418,2761 1505,2764 1592,2767 1679,2770 1766,2773 1853,2776 1940,2779 2027,2782 2114,2785 2201,2787 2288,2789 2375,2791 2462,2792 2549,2792 2636,2792"/>
                <TextEquiv>
                    <Unicode>„Lebendigen Stunden“ füllen die Stille zwischen Hauptmann und Sudermann</Unicode>
                </TextEquiv>
            </TextLine>
            <TextLine id="r1l42" custom="readingOrder {index:41;}">
                <Coords points="881,2809 2639,2857 2623,2793 882,2776"/>
                <Baseline points="892,2802 978,2803 1065,2805 1152,2806 1239,2808 1326,2810 1412,2812 1499,2815 1586,2817 1673,2820 1760,2822 1846,2825 1933,2827 2020,2830 2107,2833 2194,2835 2280,2838 2367,2840 2454,2842 2541,2844 2628,2847"/>
                <TextEquiv>
                    <Unicode>ganz gut aus. Die Erstaufführung erntete eine bemerkenswerthe Aufnahme, obwohl</Unicode>
                </TextEquiv>
            </TextLine>
            <TextLine id="r1l43" custom="readingOrder {index:42;}">
                <Coords points="875,2848 2599,2910 2631,2865 876,2795"/>
                <Baseline points="886,2849 972,2851 1059,2852 1146,2854 1232,2857 1319,2859 1406,2862 1492,2864 1579,2867 1666,2869 1753,2872 1839,2875 1926,2878 2013,2881 2099,2883 2186,2885 2273,2887 2359,2890 2446,2892 2533,2893 2620,2895"/>
                <TextEquiv>
                    <Unicode>der Applaus keineswegs ein grenzenloser war. Es war eigentlich zu verwundern,</Unicode>
                </TextEquiv>
            </TextLine>
            <TextLine id="r1l44" custom="readingOrder {index:43;}">
                <Coords points="881,2901 2632,2952 2633,2897 882,2860"/>
                <Baseline points="891,2901 977,2902 1063,2904 1150,2906 1236,2908 1323,2910 1409,2912 1496,2914 1582,2917 1669,2919 1755,2921 1841,2924 1928,2926 2014,2929 2101,2931 2187,2934 2274,2936 2360,2938 2447,2941 2533,2943 2620,2945"/>
                <TextEquiv>
                    <Unicode>daß man sich für die Einakter interessirte. Die „lebendigen Stunden besitzen“ doch zu</Unicode>
                </TextEquiv>
            </TextLine>
            <TextLine id="r1l45" custom="readingOrder {index:44;}">
                <Coords points="876,2955 2633,3017 2635,2949 877,2900"/>
                <Baseline points="887,2945 973,2948 1060,2951 1147,2953 1234,2956 1320,2958 1407,2961 1494,2963 1581,2966 1667,2968 1754,2970 1841,2973 1928,2975 2014,2977 2101,2979 2188,2982 2275,2984 2361,2987 2448,2989 2535,2992 2622,2995"/>
                <TextEquiv>
                    <Unicode>wenig dramatische Kraft, um auf Zuschauer zu wirken. Ausgenommen ist nur der</Unicode>
                </TextEquiv>
            </TextLine>
            <TextLine id="r1l46" custom="readingOrder {index:45;}">
                <Coords points="869,2992 2640,3055 2535,2992 870,2956"/>
                <Baseline points="880,2994 967,2997 1054,3000 1142,3003 1229,3006 1317,3008 1404,3011 1491,3013 1579,3015 1666,3017 1754,3020 1841,3022 1928,3024 2016,3026 2103,3028 2191,3031 2278,3033 2365,3035 2453,3038 2540,3040 2628,3043"/>
                <TextEquiv>
                    <Unicode>vierte und letzte Einakter, ein geistreichelndes und zugkräftiges Lustspiel. Die übrigen</Unicode>
                </TextEquiv>
            </TextLine>
            <TextLine id="r1l47" custom="readingOrder {index:46;}">
                <Coords points="867,3044 2587,3109 2635,3055 868,3009"/>
                <Baseline points="878,3046 965,3048 1052,3051 1139,3052 1226,3055 1314,3057 1401,3059 1488,3062 1575,3064 1662,3066 1750,3069 1837,3071 1924,3073 2011,3076 2098,3078 2186,3080 2273,3083 2360,3084 2447,3087 2534,3089 2622,3091"/>
                <TextEquiv>
                    <Unicode>Werkchen Arthur Schnitzler's, Dialoge, die sich wahrscheinlich besser lesen würden,</Unicode>
                </TextEquiv>
            </TextLine>
            <TextLine id="r1l48" custom="readingOrder {index:47;}">
                <Coords points="875,3093 2612,3159 2632,3096 876,3056"/>
                <Baseline points="886,3095 972,3097 1059,3099 1146,3101 1232,3103 1319,3105 1406,3107 1492,3110 1579,3112 1666,3115 1753,3117 1839,3120 1926,3122 2013,3125 2099,3128 2186,3131 2273,3133 2359,3136 2446,3139 2533,3142 2620,3145"/>
                <TextEquiv>
                    <Unicode>waren ebenso wie sein „Anatol“ nicht dramatisch genug, um sich auf der Bühne zu</Unicode>
                </TextEquiv>
            </TextLine>
            <TextLine id="r1l49" custom="readingOrder {index:48;}">
                <Coords points="875,3147 2640,3187 877,3092"/>
                <Baseline points="885,3145 972,3147 1059,3149 1146,3151 1233,3153 1320,3155 1407,3157 1495,3159 1582,3162 1669,3164 1756,3166 1843,3169 1930,3171 2017,3174 2105,3177 2192,3179 2279,3182 2366,3185 2453,3188 2540,3190 2628,3193"/>
                <TextEquiv>
                    <Unicode>halten. Die neue Einakterserie trägt ebenfalls die ausgesprochenen Merkmale des</Unicode>
                </TextEquiv>
            </TextLine>
            <TextLine id="r1l50" custom="readingOrder {index:49;}">
                <Coords points="875,3196 2571,3253 2632,3195 876,3148"/>
                <Baseline points="887,3192 973,3194 1060,3197 1146,3200 1233,3202 1320,3204 1406,3207 1493,3208 1580,3211 1666,3213 1753,3216 1840,3218 1926,3220 2013,3222 2100,3225 2186,3228 2273,3230 2360,3233 2446,3236 2533,3239 2620,3243"/>
                <TextEquiv>
                    <Unicode>Verfassers, sie ist wie die anderen kein leichtverdaulicher Leckerbissen für Leute mit</Unicode>
                </TextEquiv>
            </TextLine>
            <TextLine id="r1l51" custom="readingOrder {index:50;}">
                <Coords points="863,3228 2632,3303 2633,3248 2521,3238 864,3204"/>
                <Baseline points="874,3245 961,3246 1048,3247 1135,3249 1223,3251 1310,3253 1397,3255 1485,3257 1572,3259 1659,3262 1747,3264 1834,3267 1921,3269 2008,3272 2096,3275 2183,3277 2270,3280 2358,3283 2445,3285 2532,3288 2620,3290"/>
                <TextEquiv>
                    <Unicode>einem litterarisch empfindlichen Magen. Lebendige Stunden! Zwei Menschen reden</Unicode>
                </TextEquiv>
            </TextLine>
            <TextLine id="r1l52" custom="readingOrder {index:51;}">
                <Coords points="870,3297 2624,3347 2570,3294 872,3253"/>
                <Baseline points="881,3292 967,3294 1054,3296 1140,3298 1227,3300 1314,3303 1400,3305 1487,3308 1573,3310 1660,3312 1747,3315 1833,3317 1920,3320 2006,3322 2093,3325 2180,3327 2266,3329 2353,3332 2439,3334 2526,3335 2613,3337"/>
                <TextEquiv>
                    <Unicode>über eine Tote, der eine als Freund und alter Beamter, der andere als Sohn und</Unicode>
                </TextEquiv>
            </TextLine>
            <TextLine id="r1l53" custom="readingOrder {index:52;}">
                <Coords points="873,3350 2489,3399 2636,3359 874,3299"/>
                <Baseline points="883,3340 970,3341 1057,3343 1144,3345 1231,3347 1318,3350 1405,3353 1492,3355 1579,3358 1666,3361 1753,3364 1840,3367 1927,3370 2014,3372 2101,3374 2188,3376 2275,3378 2362,3380 2449,3381 2536,3381 2624,3382"/>
                <TextEquiv>
                    <Unicode>Dichter. „Wenn sie nur wieder herauskommen könnte in den Garten, die theuere</Unicode>
                </TextEquiv>
            </TextLine>
            <TextLine id="r1l54" custom="readingOrder {index:53;}">
                <Coords points="868,3398 2600,3435 2601,3393 2374,3379 870,3347"/>
                <Baseline points="880,3387 965,3389 1050,3391 1136,3394 1221,3396 1307,3399 1392,3402 1477,3404 1563,3407 1648,3409 1734,3412 1819,3414 1904,3417 1990,3419 2075,3422 2161,3424 2246,3426 2331,3429 2417,3431 2502,3433 2588,3435"/>
                <TextEquiv>
                    <Unicode>Tote“ meinte der Freund mit den grauen Haaren. „Wenn sie wieder sprechen würde!“</Unicode>
                </TextEquiv>
            </TextLine>
            <TextLine id="r1l55" custom="readingOrder {index:54;}">
                <Coords points="869,3451 2614,3495 2580,3438 871,3398"/>
                <Baseline points="880,3432 966,3436 1052,3440 1138,3442 1224,3446 1311,3448 1397,3451 1483,3453 1569,3455 1655,3457 1742,3460 1828,3462 1914,3464 2000,3467 2086,3469 2173,3471 2259,3474 2345,3476 2431,3480 2517,3483 2604,3486"/>
                <TextEquiv>
                    <Unicode>Lebendige Stunden waren es, die vergangen sind und nie wieder werden. „Ja“,</Unicode>
                </TextEquiv>
            </TextLine>
            <TextLine id="r1l56" custom="readingOrder {index:55;}">
                <Coords points="866,3486 2615,3544 2616,3500 2458,3485 867,3449"/>
                <Baseline points="878,3485 964,3488 1050,3491 1137,3494 1223,3496 1309,3499 1396,3501 1482,3504 1568,3506 1655,3509 1741,3511 1827,3513 1914,3515 2000,3518 2086,3520 2173,3522 2259,3524 2345,3526 2432,3528 2518,3530 2605,3532"/>
                <TextEquiv>
                    <Unicode>sagte er zu dem Dichter, „nicht einmal Ihr könnt sie festhalten, was ist denn Eure</Unicode>
                </TextEquiv>
            </TextLine>
            <TextLine id="r1l57" custom="readingOrder {index:56;}">
                <Coords points="856,3556 2632,3595 2633,3542 2494,3530 857,3512"/>
                <Baseline points="868,3541 955,3544 1043,3547 1130,3550 1218,3552 1306,3555 1393,3557 1481,3560 1568,3562 1656,3564 1744,3567 1831,3569 1919,3571 2006,3573 2094,3575 2182,3576 2269,3578 2357,3579 2444,3581 2532,3582 2620,3583"/>
                <TextEquiv>
                    <Unicode>ganze Schreiberei?“ Der ist anderer Meinung. Die „lebendigen Stunden“ wären ja</Unicode>
                </TextEquiv>
            </TextLine>
            <TextEquiv>
                <Unicode>16.1. Lebendige Stunden zuklus
box 21/2
Ma 
Berliner Brief.
Wieder ist die Zeit der Erwartung gekommen. Der „beliebteste“ deutsche
Dramatiker der Moderne, wenn auch nicht der „erste“ wird vom Deutschen
Theater aus ein neues Werk in die Welt senden, das, wie es auch ausfallen mag,
in sämmtlichen Städten und Dörfern sämmtlicher Staaten deutscher Sprache aufge¬
führt werden wird. Vielleicht wird es sogar in das Französische übertragen werden,
um dem „Dichter“ auch in Paris neue Bewunderer zu werben. Hermann Suder¬
mann ist hier nach Gerhart Hauptmann, dem „ersten deutschen Dramatiker der
Gegenwart“, die beliebteste Person auf der Bühne. Man ruft ihn gerne, ja, wenn es
nur einigermaßen möglich ist, nach jedem Aktschluß. Er ist ja auch noch leichter „ver¬
ständlich“ wie der Verfasser der „versunkenen Glocke“ Sudermann's Mache ist im
Grunde aber durchaus kein Nachtheil für den Verfasser. Was liegt denn überhaupt
daran, daß es Mache ist und daß man diese merkt. Die Sudermannischen Stücke haben
„Schlager“ „Effekte“
manchmal verrathen sie sogar Bühnengewandtheit. Also,
sehr geehrter Herr Sudermann, seien Sie nicht nervös, es wird nicht schief gehen,
nein, es kann nicht einmal richtig schief gehen — das Publikum freut sich auf Alles,
was von Ihnen kommt, und sollte das neue Werk auch nicht ganz einwandfrei sein.
Also, nur frisch darauf los dramatisirt, auf daß in jedem Jannar der kommenden
Jahre ein neues Trauer= oder Schauerspiel den tüchtigen Künstlern des deutschen
Theaters Gelegenheit gebe, aus Nichts oder aus Wenig so viel wie möglich zu machen.
Die Berliner Theater sind äußerst premièrenträge geworden. Oder sollte wirklich
der „rothe Hahn“ das Gewitter bedeuten, das vorübergezogen ist, ohne einzuschlagen
und die jetzige Eintönigkeit an den Bühnen die Stille vor dem aufsteigenden Suder¬
mannischen Gewölk?
Im Berliner Theater gibt man mit bewundernswerther Geduld „Alt Heidel¬
berg“ und ab und zu die „Rothe Robe“ Wenn diesenur den Schauspielern wenig
111.%
abwechselnde und nicht gerade geistreiche Auswahl nicht schadet! Sie müßten eigentlich
schon beinahe eitersüchtig werden auf ihre Kollegen im Lessingtheater, die
Skowronek's Erzeuguis „Das schwarze Schäflein“ aufführen durften. Das
einzige, was sie vielleicht tröstet, ist der lanwarme Erfolg, den dieser Verfasser, der
nicht ganz ungeschickt auf den für die Kunst so segensreichen Pfaden eines Felix
Philippi wandelt, zu erringen wußte.
Wer zur Zeit ein Stück sehen will, das litterarisch ernst genommen werden kann
und will, der sieht im deutschen Theater sogar einen Zyklus von solchen. Ja, wahr¬
haftig, die vier Einakter Arthur Schnitzler's halten sich merkwürdig lang! Die
„Lebendigen Stunden“ füllen die Stille zwischen Hauptmann und Sudermann
ganz gut aus. Die Erstaufführung erntete eine bemerkenswerthe Aufnahme, obwohl
der Applaus keineswegs ein grenzenloser war. Es war eigentlich zu verwundern,
daß man sich für die Einakter interessirte. Die „lebendigen Stunden besitzen“ doch zu
wenig dramatische Kraft, um auf Zuschauer zu wirken. Ausgenommen ist nur der
vierte und letzte Einakter, ein geistreichelndes und zugkräftiges Lustspiel. Die übrigen
Werkchen Arthur Schnitzler's, Dialoge, die sich wahrscheinlich besser lesen würden,
waren ebenso wie sein „Anatol“ nicht dramatisch genug, um sich auf der Bühne zu
halten. Die neue Einakterserie trägt ebenfalls die ausgesprochenen Merkmale des
Verfassers, sie ist wie die anderen kein leichtverdaulicher Leckerbissen für Leute mit
einem litterarisch empfindlichen Magen. Lebendige Stunden! Zwei Menschen reden
über eine Tote, der eine als Freund und alter Beamter, der andere als Sohn und
Dichter. „Wenn sie nur wieder herauskommen könnte in den Garten, die theuere
Tote“ meinte der Freund mit den grauen Haaren. „Wenn sie wieder sprechen würde!“
Lebendige Stunden waren es, die vergangen sind und nie wieder werden. „Ja“,
sagte er zu dem Dichter, „nicht einmal Ihr könnt sie festhalten, was ist denn Eure
ganze Schreiberei?“ Der ist anderer Meinung. Die „lebendigen Stunden“ wären ja</Unicode>
            </TextEquiv>
        </TextRegion>
    </Page>
</PcGts>
