3392 4320
2027 249 2522 348 box 21/3
234 275 1898 375 16.1. Lebendige Stunden — zyklus
3125 1326 3258 1431 S
2158 1359 3239 1466 die Regierung muß abwarten, was in Kroonstad
2151 1429 3248 1494 geschehen wird. In politischen Kreisen war man
2799 1491 3001 1564 M
235 1501 549 1597 r IA####17
1095 1515 3253 1606 wandlung und die Pauline von heute gewährt ihrem Der letzte der Einacter, „Literatur“, ist der
142 1548 1026 1650 Theäter am Franzensplatz.
1109 1593 3255 1669 girrenden Seladon ein Abschiedsrendezvous. Der Zu¬ feinste und geistreichste. Wir begegnen darin
140 1632 1103 1715 Von den vier Einactern, die uns Arthur
1110 1633 3253 1705 schauer weiß nicht, wie ihm ist, wenn der dem keineswegs nur. der Phantasic des
1091 1689 2169 1776 Vorhang fällt. Vielleicht soll das Ganze eine
146 1689 1106 1762 sitzler gestern geboten hat, möchten wir zunächst
2154 1689 3259 1768 Dichters entsprungenen Tyous der Schriftstellerin, welche:
1102 1736 2084 1824 Persiflage des Ueberweibes in der Moderne sein?
161 1754 1102 1803 Frau mit dem Dolche“ als ein drama¬
2166 1750 3247 1820 die Geheimnisse ihres Schlafzimmers, die erotischen
1188 1779 2178 1866 Denn als geistvoller Satyriker tritt uns der
152 1796 1104 1853 Cavriccio bezeichnen, in dem ein tieserer Gehalt
2168 1788 3241 1854 Erinnerungen an — vergangene Zeiten mit cynischer
1101 1841 2163 1921 Dichter in den drei übrigen Stücken entgegen. In
149 1839 1116 1928 ht nicht zu suchen ist. Diese Frau Pauline ist
2160 1839 3241 1929 Unverhülltheit Jedem, der es lesen will, preisgibt.
1101 1895 2171 1952 seinen „Lebendigen Stunden“ zieht er gegen
146 1894 1105 1960 jener „complicirten“ Seelenprobleme, mit deren
2157 1886 3242 1974 Wer ist dieser schriftstellernden Margarethe — so heißt
1094 1924 2172 2012 das Gottesgnadenthum und die Ueberschätzung des
143 1944 1095 2005 diger Construction die modernen Dramatiker einige
2158 1939 3247 2026 sie in unserem Stücke — die „den weißen Hals des
1103 1980 2165 2068 Dichterlings zu Felde. Eine kranke Frau beschleunigt
144 1996 1100 2061 hslung in das Ehebruchsthema des Theaters zu
2163 1999 3241 2068 Geliebten“ beschreibt und sich darin gefällt, „das Meiste,
1089 2044 2163 2116 mit selbstmörderischer Hand ihr Ende, weil sie sieht,
147 2043 1099 2111 nsuchen. Frau Pauline schenkt ihrem Liebhaber
2164 2042 3238 2107 was über das Meiste geschrieben werden kann“ zu
1094 2092 2167 2172 wie ihre Krankheit dem „gottbegnadeten“ Sohn die
137 2101 1097 2172 unst, aber nicht ihr Herz. Sie genießt die
2165 2100 3250 2163 offenbaren — nicht schon einmal in der Literatur be¬
1094 2146 2168 2217 Kraft zum geistigen Schaffen raubt. — In den
139 2144 1106 2214 en seiner Umarmung und schüttelt ihn am
2161 2147 3242 2216 gegnet? Diese schmutzige Alkovenlyrik hält sie für hoch¬
1103 2197 2173 2261 „letzten Masken“ weicht Schnitzler's zersetzender
139 2191 1095 2275 n Morgen ab, wie der Mann eine Dirne weg¬
2169 2187 3247 2254 interessante Documente des „modernen Weibes“ und
167 2250 1096 2323 Um den Reiz des Abenteuers zu erhöhen, ge¬
1097 2249 2159 2306 Witz selbst vor der Majestät des Todes nicht zurück.
2156 2251 3244 2312 wenn sie für eine ihrer Dummheiten oder Gemein¬
1098 2293 2168 2362 Wir sehen ein Spitalszimmer, darin einen sterbenden
153 2282 1093 2367 sie die Geschichte theilweise oder ganz dem
2165 2290 3243 2370 heiten gar keine andere „psychologische" Rechtfertigung
1091 2350 2161 2407 Journalisten und einen lungensüchtigen Schauspieler,
201 2351 1100 2405 Jedoch nicht in dieser immerhin ungewöhn¬
2157 2348 3238 2430 findet, so sagt sie „Gott, ich war ja so complicirt“.
155 2371 1099 2458 Erotik besteht das Capriccio, sondern in einem
1094 2382 2164 2453 der nur mehr acht Tage zu leben hat. Ersterer hat
2156 2406 3256 2463 Da sie sich im Schmutze gewälzt hat und frech genug
1092 2444 2158 2516 das dringende Bedürfniß, bevor es zu Ende geht,
156 2450 1100 2515 Occultistische hinüberspielenden Theatercoup, der
2158 2448 3243 2532 ist, das weiter zu erzählen, so ist sie eine Schrift¬
1092 2497 2162 2562 einem literarischen Rivalen einige Unannehmlichkeiten
163 2496 1100 2564 Handlung plötzlich ein drei Jahrhunderte älteres
2157 2501 3235 2559 stellerin, sie gehört zur Literatur, also zur Aristokratie
1088 2551 2161 2615 zu sagen und er probirt, diesen erwartend, mit dem
151 2547 1087 2614 erungsbild einschiebt. Wir finden das Liebes¬
2161 2537 3238 2620 des Geistes. Aber auch aristokratisches Blut will sie
1092 2597 2158 2659 hustenden Schauspieler die Scene, die er ihm zu machen
155 2605 1099 2671 in dem abgelegenen Winkel einer Bildergalerie
2153 2591 3238 2670 in ihren Adern haben. — „Wie so denn?“ fragt der
1087 2650 2168 2711 gedenkt. Aber alle die großen Worte bleiben, als der
135 2644 1095 2706 Em Bilde einer Dame mit dem Dolche, in der
2158 2644 3243 2715 Mann, der zur Zeit der Handlung ihr Geliebter ist. —
1099 2695 2169 2764 Gegner erscheint, ungesprochen. Der Sterbende
134 2690 1097 2762 e sich selbst wiedererkennt. Und während sie
2164 2684 3242 2781 „Na, ich habe Dir doch erzählt, daß im Hause meiner
2155 2736 2787 2823 Eltern Aristokraten verkehrten.“
145 2747 1101 2828 emüht, dem Liebhaber seinen sonderbaren Stand¬
1093 2742 2170 2811 kommt zur Einsicht, daß es überflüssig sei, sich mit
1098 2784 2179 2864 einem Menschen einzulassen, der morgen noch auf dieser
157 2801 1101 2865 klar zu machen, verwandelt sich die Scene und
2240 2797 3253 2865 Man sieht, die Schnitzler'schen Stücke haben, ob¬
1096 2843 2166 2922 Erde herumgehen wird. Die beklemmende Spitals¬
152 2850 1093 2915 ehen, wie die Pauline des 16. Jahrhunderts
2159 2831 3244 2909 gleich sie modern sind, in ihrer Art ihre Moral, die
1101 2892 2163 2964 Atmosphäre legt sich Einem widerlich auf die Brust,
150 2896 1105 2968 ungestümen Liebhaber in Gegenwart des Gatten
2165 2909 3239 2986 dadurch nichts an Werth und Wahrheit einbüßt, daß
153 2953 3236 3044 Dolch in die Brust stößt. Dann neuerliche Ver= aber die Scene ist von grüßer dremalischen Wirkung. der Dichter sie mit viel Geist und großem theatrali¬
2407 3074 2548 3195 8
