3436 4224
2133 69 2556 166 box 21/3
296 69 1945 168 16.1. Lebendige Stunden— Zukius
1680 1032 1844 1122 au
628 1067 1793 1164 Schicksal haben, tödten und glühendes Leben spenden, sich auf¬
1813 1106 2981 1182 in das wirkliche eingeschaltet, das ist „Die Frau mit dem
629 1130 1797 1211 opfern dabei — auch Hedda Gabler hat, beiläufig bemerkt,
1808 1151 2972 1261 Dolche“, diese groteske Phantasie voll poctischer und seelischer
632 1168 1800 1260 danach gestrebt. Daß jedoch Remigio's Fähigkeit, über den
1821 1199 2018 1267 Weisheit.
639 1212 1804 1289 jähen Schmerz hinweg, ruhevoll zum Schaffen zu schreiten,
1893 1258 2958 1340 Komödie und Wahrheit spielen auch in den „Letzten Masken“
634 1251 1799 1337 der Phantasie einer Frau entspringt, ist das Wesentliche. So
1816 1292 2976 1382 ineinander. Rademacher, der arme Journalist, stirbt im
628 1311 1801 1386 hoch stellt die an einer Künstlerseele gebildete und zum Be¬
1810 1339 2981 1436 Krankenhause. Ein gescheiter, zugrunde gegangener Dichter,
634 1353 1790 1429 greifen erzogene Frau den schöpferischen Mann, daß sie ihm
1807 1380 2964 1471 aber ein Dichter eben, läßt er sich von dem Komiker, der
625 1410 1786 1470 zutraut, über Nichtigkeiten, wie hübsche Burschen es sind,
1804 1424 2961 1513 als Stubengenosse bei ihm ist, in der fieberischen Erregung
633 1446 1786 1514 gelassen wegzusehen. Was ist Leonhard? Ein Junge mit
1810 1471 2964 1556 der Agonie hinreißen, eine Probe abzuhalten, eine Probe all
628 1490 1787 1551 weißem Halse. Es ist ganz gleichgiltig, ob Paulinens
1796 1507 2960 1605 der tödtlichen Wahrheiten, die er seinem talentlosen, aber
632 1518 1784 1593 wirklicher Remigio gegebenen Falles so reagiren würde; aus¬
1801 1569 2963 1627 glücklich zur Berühmtheit emporgekommenen Jugendfreund
632 1563 1788 1632 schlaggebend bleibt nur, daß Pauline ihrem Manne solche
1800 1612 2969 1696 zu guterletzt in's Gesicht schleudern will. Niemals noch ist
620 1616 1783 1687 Kraft in die Seele legt, ja, daß sie dergleichen bestimmt
1796 1653 2960 1735 der bei aller darstellenden Kraft doch immer weiche und
623 1653 1788 1720 von ihm erwartet, daß er sie anders enttäuschen würde. Ein
1800 1699 2966 1779 zärtliche Schnitzler so scharf und so voll rückhaltloser
613 1700 1781 1780 tobender Remigio könnte den Lionardo tödten, das hälfe ihm
1793 1745 2971 1822 Satire gewesen. Niemals noch hat seine schmiegsame
621 1751 1779 1811 wenig. Er würde sicher in der nächsten Nacht betrogen, und
1798 1788 2949 1855 Anmuth so straffe, harte Linien gezogen. Und nie ist
607 1777 1780 1866 diesmal anders noch, gemeiner, einfach gewöhnlich. Tief lebt
1804 1835 2956 1913 er von seiner charmanten Ironie so dicht an grausame
609 1840 1778 1904 im Weibe die Auffassung der künstlerischen Natur, und nur
1789 1875 2955 1942 Bitterkeit herangetreten, wie in diesem Stück. Hier beginnt
606 1858 1775 1954 das Weib allein vermag, da es die Mysterien der Be¬
1789 1920 2951 1998 der Haß gegen den im Metier verdorrten Menschen furchtbar
608 1926 1782 2004 fruchtung kennt, den Dichtermenschen zu verstehen. Des
1795 1960 2950 2043 aus der Schule zu reden. Und im letzten Stück ist die Ge¬
614 1971 1773 2038 Künstlers Art, nie im Leben selbst, sondern stets nur dem
1789 2004 2945 2084 schichte von Remigio umgekehrt. Da ist der von den „geistigen
609 2009 1770 2088 Leben gegenüberzustehen, konnte erschöpfend nicht verhandelt
1789 2045 2940 2121 Beziehungen“ ausgeschlossene, der schöne Mann auch zu¬
608 2059 1781 2129 werden, ohne auch diesen Frauentypus zu zeigen. Pauline
1778 2099 2937 2178 gleich der wahrhaft gute Mensch. Da sind zwei im Hand¬
613 2099 1772 2191 ist eine jener Ergänzungen, die nur die reife Gestaltung
610 2138 841 2211 sich findet.
1778 2142 2942 2229 werk Verdorbene, zwei in der „Literatur“ über und über
1785 2183 2941 2269 mit Tinte beschmierte Seelen die Minderwerthigen. Und
701 2182 1767 2284 Ein beträchtlicher Reiz dieses Stückes liegt in der merk¬
1783 2226 2935 2323 das ist mit der Verve gezeigt, die Schnitzler's heiterer
609 2238 1768 2329 würdigen, zuletzt frappirenden Erfindung. Pauline, die in
1782 2260 2082 2331 Dialog besitzt.
597 2298 1770 2371 der Frau mit dem Dolche ihre eigenen Züge erkennt und
1868 2310 2935 2409 Arthur Schnitzler mag das tiefe Verlangen gespürt
606 2340 1760 2415 sich halb wach, halb träumend, an ein Erlebniß erinnert, das
1773 2355 2934 2454 haben, sein menschliches Fühlen über den Raub am Leben,
601 2385 1756 2454 dreihundert Jahre zurück liegt. War sie, Pauline, die Freundin
1770 2399 2938 2491 den der Dichter begeht, zur Ruhe zu bringen. Aus dieser
593 2423 1761 2502 des Leonhard nicht einmal Paola, die Geliebte des Lionardo?
1767 2462 2928 2543 Sehnsucht sind vier kleine, wunderbar feine Dichtungen ent¬
608 2462 1772 2543 So kommt man zum erstenmal in eine fremde Stadt, findet
1780 2499 2922 2578 standen, prangend in all' der Vollendung, die nur aus der
602 2508 1765 2578 sich sogleich zurecht, geht ohne zu fragen durch Gassen, die
1778 2550 2935 2614 inneren Nothwendigkeit herrührt. Es ist in mancher Be¬
599 2552 1755 2642 bekannt scheinen, weiß im Voraus, was für ein Platz hinter
1770 2585 2939 2657 ziehung die erfreulichste Arbeit, die er geleistet hat. Sie
593 2603 1759 2693 jener Biegung sich birgt, und hegt, im Innersten
1765 2629 2924 2711 zeigt seine helle, künstlerische und seelische Ehrlichkeit: sie
602 2648 1760 2709 erstaunt, die wunderliche Gewißheit, schon einmal hier
1762 2675 1904 2733 zeigt
1904 2679 2925 2760 ferner seinen ruhigen, sicheren Entwicklungs¬
596 2684 783 2759 gewesen
784 2676 1757 2767 zu sein. Wann? Schnitzler spielt gerne mit
1762 2706 2919 2808 gang. Wie er mit dem Anatol=Typus und dem
596 2725 1757 2814 solchen Räthseln, denen Hebbel schon nachgegrübelt
1775 2753 2908 2854 „süßen Mädel“, fertig geworden („Schleier der Beatrice"),
607 2779 1752 2855 hat. Spiegelbilder liebt er und Verschachtelungen.
1965 2811 2910 2891 er hier mit Allem fertig geworden, was
604 2819 1756 2902 Das Leben, das manchmal selbst ein wenig dichtet, fesselt
1756 2838 2583 2921 Papier, was „de la literature“ in
596 2860 1745 2948 ihn, und der Maler Pinsel, wie er den Maler Pinsel malt,
2574 2871 2915 2941 der Dichtkunst
1755 2902 2925 2966 ist. Und nun werden wir vielleicht einmal eine große Ge¬
605 2912 1748 2988 ist für ihn ersichtlich nicht nur ein Scherz, sondern von
1759 2937 2913 3024 stalt von ihm sehen, eine, die den mit allen prächtigen
599 2947 1753 3031 ieferer Bedeutung. Die komödiantische Revolution in der
1748 2985 2909 3054 Wünschen ausgestatteten Bentivoglio noch um Haupteslänge
594 3002 1751 3075 virklichen, bis sie einander völlig decken, so sehr, daß man
1753 3037 2919 3116 überragt. Sehen? Man weiß ja, daß Arthur Schnitzler auf
588 3032 1740 3126 den Ernst erst merkt, wenn ein richtiger Herzog ernsthaft
1747 3065 2915 3153 der Wiener Bühne hinter Schönthan und Trotha zurück¬
586 3072 1745 3175 ermordet wird. Das war „Der grüne Kakadu“, dieser in
1751 3124 2903 3220 stehen muß. Aber im nächsten Mai kehrt uns das „Deutsche
583 3132 2490 3249 seinem Ri#hthum an Beziehungen wie in seiner farbigen Theater“ aus Berlin vielleicht wieder.
589 3181 1757 3262 Intensität ganz einzige Einfall. Das geträumte Schicksal
2448 3201 2877 3294 Felix Salten.
