3436 4256
2142 116 2580 222 box 21/3
320 113 1988 237 16.1. Leendie Stunden#kus
1228 1023 2693 1106 Eindruck einer Idee oder eines Schauspieles. Soll ich Ihnen schliesslich
1227 1082 2694 1155 meine geheimsten Gedanken anvertrauen? Die Literatur einer Epoche ist immer
1228 1130 2690 1208 moralischer als ihre Moral. Kein Buch ist so lüstern wie die gewöhnliche
1218 1178 2692 1257 Unterhaltung, in der feinen Gesellschaft sowohl als auch beim Volke. Sie
1219 1223 2700 1308 F#rechen von der Jugend und den Gefahren, in welche Ankündigungen und
1216 1262 2677 1363 Zeitungsartikel sie stürzen? Hören Sie doch die Unterhaltungen dieser Gymna¬
1216 1330 2326 1402 siasten und Arbeiterinnen, wenn sie unter sich sind!..
1339 1365 2692 1459 Die lassen sich gar nicht wiedergeben. Doch gleichwohl ... gleich¬
1220 1420 2683 1494 wohl wird jeden Schriftsteller, der zugleich ein anständiger Mensch ist, arge
1215 1472 2691 1548 Unruhe quälen über die Verleitung zum Bösen, die von seinem Buche kommt.
1222 1499 2681 1595 Die Vernunft kann noch so schön reden: Es gibt in all diesem nichts Ver¬
1209 1568 2686 1636 führendes; es gibt nurdeinen klaren-iedanken, deine moralische Glaubwürdig¬
1216 1598 2686 1699 keit, deine genaue Lebenskenntnis der Vorwurf Sir Walter Scotts hat
1216 1653 2674 1756 auch die Stärksten schon gequält... „Ob es dennoch nicht anders kam“
1270 1719 2196 1788 fragen Sie sich immer und immer wieder —
2189 1730 2673 1803 bei einem Wesen von
1218 1761 2685 1854 schwacher Seele, bei einem Kinde, bei einem waffeulosen Geiste, der nicht
1201 1805 2668 1901 zu begreifen vermochte?“ Und das diewissen — von Natur aus unfähig
1207 1864 2673 1952 über sich selbst zu urtheilen wie zu entscheiden, ob es seibst al das bewirk:
1196 1910 2677 1983 oder ob es nicht nur ein gleichgiltiges Werkzeug war, zaudert, macht sich
1197 1969 2055 2028 verrückt wie der Kopf eines Liebenden.
1308 2007 2658 2092 Glauben Sie mir, gnädige Frau, und schlendern Sie auf einen Schriftsteller
1204 2061 2654 2142 nickt so sorglos den Vorwurf der Unmoral. Die sind nicht allzu häufig, die
1189 2104 1846 2164 gegen ihr Gewissen schreiben.
1315 2160 2663 2242 Meine Gegnerin antwortete nicht. Einige Augenblicke war ich sehr
1193 2215 2661 2298 stolz, sie so völlig zum Schweigen gebracht zu haben. Aber wie ich sie genauer
1200 2259 2637 2346 ansah, da merkte ich: sie hatte so lange nicht selbst reden können
1204 2300 1428 2374 sie schlief.
1866 2400 2222 2508 WTTSE
1642 2396 1758 2551 8
2143 2487 2345 2598 A
2337 2478 2702 2607 Lartol
1750 2502 2097 2627 COMNNN
2341 2556 2782 2732 Ne. 910
1669 2642 2170 2755 Die Berliner.
1290 2731 2657 2820 Mit dieser gemüthlichen Abkürzung bezeichnet man in
1187 2782 2652 2879 Wien die vortrefflich dressierte Truppe des Deutschen Theaters
1178 2840 2658 2934 in Berlin, die nun wieder den Wienern ihre vielen Künste
1178 2896 2656 2981 zeigt. Die Gastspiele begannen vor drei Jahren — genau
1182 2948 2643 3027 zu derselben Zeit, da die naturalistische Stuckherrlichkeit
1184 2991 2649 3075 die ersten Eisse und Sprünge zeigte. Herr Otto Brahm
1184 3047 2654 3128 wollte sein Publicum, das abzufallen drohte und inzwischen auch
1185 3093 2634 3172 abgefallen ist, durch rasch im Auslande gesammelte Weihrauch¬
1178 3138 2625 3226 opfer gläubig erhalten. Die Absicht des ausgezeichneten Theater¬
1171 3179 2653 3277 taktikers ist missglückt, weil sie nicht glücken konnte. Die Zeit
1168 3243 2638 3308 des consequenten Realismus ist um — lassen wir Herrn Brahm
1172 3289 2640 3368 seine Dichter begraben. Eine andere Mode ist aufgekommen, die
1167 3322 2629 3419 Moderne wurde unmodern. Man trägt sich heute nicht geschmack¬
1166 3371 2629 3475 voller als früher, nur anders. Und die feinen Leute gehen zu
1171 3438 2632 3521 einem neuen Schneider. Wenn sich Herr Brahm in den sieben
1163 3482 2637 3577 fetten Jahren genug zurückgelegt hat, kann man ihm Glück
1165 3535 2624 3602 wünschen. Künstlerisch war er jedenfalls nicht sparsam. Sein
1165 3573 2620 3670 Theater ist auf Sensationen gestimmt und ohne Repertoire. Neues,
1166 3648 2630 3711 das sich halten könnte, scheint es nicht für ihn zu geben. Er
1745 3740 1964 3837 — 337 —
