3436 4320
2061 213 2507 318 box 21/2
251 227 1926 318 16.1. Lebendige Stunden Zuklus
113 1128 3222 1240 begeben muß; sie darf ohne Zumme! bengt sich dem stethensseinblichen Joche nicht: Wenn Ale un leger er ist, nicht von Am. Ain Hondesilüiter gestern erwahnten
129 1182 3225 1231 kein neues Anlehen aufnehmen. Redner ##eu werden, wir bleiben ewig treu! (Stürmischer Beifall!) Revolverjournalisten den Artikel erhalten habe, der Incorrectheiten
117 1273 3225 1341 finden vielleicht gerade im joup hinenschenfreundliche Arzt kann es nicht über sich bringen,] und Weihgaft oben gesagt wurde, ist zum geringen Theile
114 1335 3222 1415 t hat, wo unablässig das Lebenndem Sterbenden diesen letzten Wunsch abzuschlagen, und in dem Stück enthalten; das Meiste muß man sich hinzu¬
114 1373 2027 1472 ngewirkt hat — welcher stets)be¬ geht selbst Weihgast holen, den er zufälligerweise persön¬
2010 1410 3229 1474 denken. Das Drama des Journalisten, das seit Langem
124 1423 848 1495 Charaktere und die Erscheinzngen
834 1426 2014 1501 lich kennt. Währenddem hält Florian Jackwerth, der Co¬
2013 1438 3220 1517 reif ist, geschrieben zu werden, ist nur mit flüchtiger Hand
116 1450 843 1543 sen — und welcher in Tausenden
833 1482 2017 1534 mödiant, mit Rademacher eine Art Generalprobe ab, da¬
2016 1482 3211 1571 angedeutet. Allerdings, im Einacter mangelt der Raum zur
119 1512 835 1584 m Tage entstanden, mit dem Tage
824 1511 2026 1596 mit dieser nur ja nichts vergißt von Allem, was er zu
2013 1537 3220 1617 Ausbreitung und zur Vertiefung, und die Einacter=Kunst
118 1569 837 1638 ie Persönlichkeit kundgegeben hat,
830 1572 2009 1642 sagen hat. O, es sind zerschmetternde Worte. Weihgast's
2008 1576 3203 1666 kann eben nicht mehr sein als eine Kunst der Andemungen.
120 1608 835 1679 cum nicht begriffen hat, weil das
828 1622 2000 1689 Glück wird in Trümmer gehen bei diesem Besuche im
2012 1635 3211 1701 Darum soll aber ein Dichter der nach dem Höchsten strebt,
116 1650 835 1720 ndheit für die Persönlichkeit nur
833 1664 2016 1726 Hospital. Und er kommt. Er kommt in seinem eleganten
2001 1687 3216 1760 sich nicht damit begnügen, Einacter zu schreiben oder selbst
160 1694 833 1777 durch die Etikette „literarisch“
828 1714 2012 1790 Pelze, mit seinem glänzend gebügelten Cylinder. Er ist
2010 1714 3209 1813 Einacter=Cyklen. Und da Arthur Schnitzler berechtigt ist,
120 1754 836 1820 d weil es heutzutage nun ein¬
825 1764 2017 1832 voll herablassender Freundlichkeit. Wie traurig, den
2007 1783 3210 1854 nach dem Höchsten zu streben — da er vor fast allen
121 1795 204 1863 6
184 1785 838 1878 der Journalismus nicht zur
827 1802 2003 1880 Jugendfreund so wiederzufinden: Aber es hätte nicht da¬
2007 1818 3218 1917 Dramatikern seiner Generation den Vorzug hat, daß
123 1854 835 1916 der Weihgast hingegen hat alle
825 1858 2012 1924 hin zu kommen brauchen. Er hätte in jeder Weise zur
2006 1868 3201 1951 er ein geistvoller Mann und ein Poet ist —
118 1899 836 1981 er keine Zeitungsartikel geschrieben
823 1907 2010 1983 Verfügung gestanden. Und noch jetzt ist er bereit, Alles
2008 1911 3212 2008 da seine Technik, wie seine neuen Werke zeigen,
125 1942 841 2024 r Theaterstücke, weil er die Ge¬
813 1942 2005 2028 zu chun, was in seinen Kräften steht. Er wird Billette
1996 1964 2126 2019 zur
2113 1975 2813 2039 vollen Reife gediehen ist
3018 1963 3214 2050 diese
121 1973 829 2064 in seinen Romanen oder in seinen
819 2008 2011 2073 zu seiner nächsten Première schicken, obwol das Blatt, dem
2004 2004 3203 2098 neuen Werke wieder einmal den größten Erfolg der
127 2042 823 2103 des Publicums zu treffen, und
816 2045 2000 2126 Rademacher angehört, sich gar nicht freundlich gegen ihn
2004 2055 3199 2146 Saison am „Deutschen Theater“ davongetragen haben, und
130 2095 829 2159 als Romancier oder Dramatiker
821 2087 2004 2174 benimmt. Und wenn er mit Geld dienen kann, so soll
2001 2107 3200 2191 da Talent und Erfolg Verpflichtungen auferlegen, so ist
123 2119 830 2195 ist, für die Armseligkeit seiner
821 2139 1997 2218 Rademacher sich nur ja keinen Zwang auferlegen. Rade¬
1991 2150 3202 2232 jetzt die Zeit gekommen, wo der Autor der „Lebendigen
144 2165 828 2252 Flachheit seiner Weltanschauung
816 2187 2003 2264 macher hat mehrmals die Lippen geöffnet, als wolle er
1997 2215 3200 2274 Stunden“ wird versuchen müssen, in einem Drama großen
143 2228 819 2300 finden. Rademacher, der Jour¬
814 2244 2009 2318 reden. Doch er bringt nur gleichgiltige Worte heraus. Was
1991 2240 3183 2326 Styls etwa# vom Geiste unserer Zeit zum Ausdrucke zu
160 2284 821 2355 Schriftsteller — es ist selbstver¬
816 2286 2007 2365 er sagen wollte, bleibt ungesagt; und Weihgast geht und
1999 2294 3190 2376 bringen. Das nn ein Schauspiel oder auch ein Lustspiel
116 2321 820 2401 sich für Weihgast entschieden hat.
813 2333 1996 2399 kann es sich nicht erklären, warum Rademacher ihn hat
1991 2336 3189 2407 sein. Der vierte, so viel belachte Einacter des Cyklus, der
122 2376 772 2445 erkt, daß da ein Unrecht ge
813 2381 1996 2451 rufen lassen. Florian Jackwerth, der Comödiant, eilt durch
1996 2395 3164 2467 Schwank „Literatur“ der eine glänzende komische Begabung
124 2411 812 2488 emand hat es bemerkt: Weih¬
811 2425 1987 2485 die Thür, in höchster Spannung. „Also, was ist gewesen?
1992 2435 3184 2517 zeigt (es ist leider nicht mehr Raum genug, um auch
136 2460 1999 2539 Nichtigkeit und Hohlheit ihres Es zeigt sich, daß gar nichts gewesen ist. Florian Jack¬
1992 2477 3196 2558 dieses Stück ausführlich zu behandeln), weist eher auf den
131 2518 1998 2567 erkannt, daß der Andere, der werth ist verblüfft. „Wie? Sie haben ihn gehen lassen?“
1980 2528 3191 2605 Weg des Lustspiels. Jedenfalls schuldet uns Arthur Schnitzler
111 2556 1990 2650 in echter Mensch war, und sie ist Und Rademacher sagt: „Was hab' ich mit ihm zu schaffen?
1988 2574 3183 2662 nach seinem anmuthreichen Jugenddrama „Liebelei“ jetzt das
118 2610 829 2669 bei Jahre lang. Und wie Rade¬
801 2620 1993 2686 Was geht mich sein Glück, was geh'n mich seine Sorgen
1978 2624 3195 2699 starke Werk seiner Mannesjahre. In diesem Werke wird seine
116 2656 808 2728 Stunden das Alles bedenkt; wie
803 2669 1982 2744 an? Was haben wir Zwei mit einander zu reden ge¬
1984 2667 3183 2738 Kunst sich auch von den Liebeleien freimachen (müssen, in
124 2690 809 2771 es Jugendfreundes vergleicht;
802 2706 1993 2782 habt? He! Was?“ .. Was hat Unsereiner mit den
1979 2720 3190 2798 denen sie, wie zum Theile wieder der jüngste Ein cter¬
129 2746 806 2819 hergegenwärtigt, in seinem schönen
804 2765 1991 2835 Leuten zu schaffen, die morgen noch auf der Welt sein
1978 2773 3180 2834 Cyklus darthut, immer noch befangen ist. Arthur Schnitzler's
126 2799 825 2876 und dem Behagen der Familie
797 2790 1989 2877 werden?“ Dann sinkt er in seinen Sessel zurück und stirbt.
1974 2811 3185 2896 Dichtungen handeln fast immer zunächst von einer Lieb¬
118 2848 1993 2940 bst einsam und verlassen im Er hat geschwiegen, weil er den Tod so nahe fühlte. Es
1982 2865 3181 2941 schaft und von allem Andern nebenbei. Man könnte diese
126 2895 818 2973 n muß, da flammt der Haß in
797 2894 1985 2983 kann keinen Haß mehr geben im Augenblicke des Todes.
1979 2907 3174 2996 Kunst unter Vari##ung einer bekannten Erklärung des
118 2944 1985 3033 chsal keine Gerechtigkeit geübt Denn der Haß gehört zum Leben; und für denjenigen,
1978 2955 3174 3034 Wesens der Kunst definiren, als: „Un coin de la vie,
134 2985 811 3061 r will dem Andern seinen Un¬
788 2988 1861 3074 der stirbt ist das Leben so unendlich gleichgiltig!
1975 3012 3162 3082 vu à travers une amourette“. Diese Art der Darstellung
142 3035 811 3108 Er will Abrechnung mit ihm
877 3030 1976 3125 Dieses Stück hat eine besonders starke Wirkung aus¬
1972 3045 3167 3130 jedoch gibt ein unrichtiges Bild. Denn die Liebe, obwol
126 3060 807 3167 gen, jenes unverdiente Behagen,
795 3067 1978 3163 geübt, weil es in seiner Handlung und in seinem Dialog,
1972 3100 3179 3188 sie eine nicht unwichtige Angelegenheit des Daseins bildet,
123 3114 808 3211 en durch die Worte: „Deine
796 3139 1972 3215 der wieder reich ist an feinen und bedeutenden Worten,
1968 3151 3171 3206 ist doch immer nur eine Episode im Leben, während in
132 3164 809 3258 ewesen.“ Dieses Werk des Hasses
795 3186 1982 3260 das Allermenschlichste berührt. Freilich wird aber Alles nur
1963 3188 3182 3285 Arthur Schnitzler's Schriften umgekehrt das Leben oft als
144 3208 813 3295 „Rufen Sie Weihgast zu mir,“
789 3230 1972 3311 berührt. Die großen Probleme werden lediglich gestreift,
1971 3239 2710 3316 eine Episode in der Liebe erscheint.
134 3274 1997 3357 zur Nachtvisite kommt. Der die Charaktere skizzenhaft umrissen. Was über Rademacher
2595 3299 3142 3400 Paul Goldmann.
