3484 4224
307 181 2464 268 16. 1. Lebendige Stunden zuklus box 21/5
1705 1415 3392 1542 galerie, wo, in einem nachgedunkelten Renaissance=Porträt: „Frau bedürftiger, einer mit
936 1441 1352 1535 Feuilleton.
1715 1483 3392 1594 mit dem Dolche — unbekannter Meister“ eine moderne, sinnliche zweiflung —, dafür wird
524 1402 826 1604 ##71
1714 1535 3399 1643 Dame sich selbst wieder erkennt, ihre einstige Erscheinungsform, ihr lange dankbar sein. Er h
923 1543 1348 1648 Lessing=Theater.
1716 1578 3386 1681 dunkles, wogendes Schicksal vor vielen hundert Jahren. Der und das Material dazu
616 1616 1668 1701 (Arthur Schnitzler: „Lebendige Stunden“.)
1710 1614 3397 1710 schmale Saal mit den Gemälden; die Dame und ihr Liebhaber, beide funden... (In zwei an
1717 1663 3391 1762 gefährbet (auch der jungen Renate Fuchs Liebesgeschichte begann Routinier, lächelnd und
597 1649 1717 1749 Von Arthur Schnitzler, zu dem man wie zu einem Abenteuer
1722 1707 3381 1803 in der Pinakothek, eines Sommertags gegen Abend); dann dies Emanuel Reicher, der
530 1707 1728 1802 geht: leicht irritiert und im Smoking —, von Arthur Schnitzler
1718 1752 3395 1851 plötzliche Wiedererkennen der Situation, diese cajochgien, dies Sich= letzten Stunden darzustellen
519 1756 1724 1846 kommt man wie von einem Abenteuer: ein wenig verwirrt und
1723 1796 2899 1867 besinnen: „Das muß ich doch schon einmal erlebt haben“ —, und
532 1805 1719 1885 ein Summen im Kopf und im Geunde enttäuscht. Dieser Wiener
2895 1830 3394 1901 abwehren können, daß er
1710 1831 2910 1929 wie dann aus der finsteren Goldflut der Vergangenheit das
527 1845 1725 1931 Skeptiker, der es nicht erträgt, soltairianer zu sein, und der
2890 1874 3378 1931 voller, männlicher Spieler
1722 1883 3385 1995 Parallel=Schicksal aufleuchtet —, diese große Miniatur=Kühnheit, wahren Aengsten der Zeit.
523 1883 1720 1970 deshalb die allzu entgöttlichte Went mit psychopathischen Wundern
1714 1926 3366 2027 die an Tiefen rührt, klingend und lockend und abweisend —, sie Journalisten Rademacher.
526 1931 2906 2051 bevölkern möchte —, dieser Arrangeur mit den weichen Hände wird sich länger im Gedächtnis der Menschen erhalten als die
2955 1998 3387 2069 Klare Leistungen gabe
526 1969 2895 2089 eines Arztes reizt die Epidermis unserer Einsicht und unser übrigen Szenen (die die Gestaltung von Einfällen, Aphorismen
527 2026 1728 2106 Wünsche, weckt — mit einer Geberde — auch den Willen tieferer
2899 2020 3391 2114 Marx. Alles etwas phi
1715 2055 2899 2136 sind, mit dem Konzentrationswert einer enthüllenden Viertelstunde)
523 2066 1731 2144 Schichten und versagt diesem Willen die Sättigung (muß sie, kraft
2898 2090 3383 2155 Charakterunterschied zwisch
1773 2115 3390 2198 In der Darstellung trug nicht „Die Frau mit dem Dolche“ deu des Komödianten jetzt gan
523 2109 1718 2191 seiner feinen Schwäche, in die er verliebt ist, versagen). Bei Oscar
1710 2119 3398 2239 Hauptton. Irene Triesch ist nicht dazu da, seelischem Erschaue### östliche Kunst; Schule und
520 2154 3394 2285 Wilde, in der Bibliothek mit der Aussicht auf den Green Park, sagt bannkräftige Nachhaltigkeit zu leihen. Das Sichere dieser einwands= Großen und das Sachsen
524 2186 3403 2341 Gilbert zu Ernst: „Zigaretten haben wenigstens einen Reiz: sie lassenfreien Kompromißkünstlerin liegt in allem, was nahe der Sinnlichkeitschw Suppe und bunte
528 2237 1718 2319 unbeiriedigt.“ Schnitzler, der Dichter, hat mehr Reize als selbst solche
1702 2283 2910 2360 liegt (was denn bei den Frauen freilich viel ist): in der Katzenhaftig¬
542 2289 1721 2366 Ligaretten, deren Tabak englische Aitachés ihren Freunden aus
1712 2317 2909 2394 keit der großen Dame, in dem Geschmeidigen, dem feuchten Blick, den
511 2320 1713 2406 Kai#o nach London gesandt haben —; aber das eigentliche seiner
1704 2360 2898 2433 feuchten Lippen, dem Leuchten der Augen. Aber selbst ihre
518 2367 1720 2469 poetischen Physis, seines Weltbildes, seiner Eigenwilligkeit, seiner
1708 2408 2898 2488 Mondänität ist bürgerlich, vielleicht großbürgerlich, plutokratisch.
516 2408 1299 2489 Wirkungsart bleibt: er läßt unbefriedigt.
1706 2452 2900 2516 Frau Triesch hat mit der Moderne nichts zu schaffen. Sie kommt
586 2464 1719 2555 Und das um so fühlbarer, wenn man uns Früheres von ihm
1706 2499 2897 2585 von den Makart=Buketts und hat sich bis zu dem eleganten Pfeudo¬
518 2494 1719 2595 aufs Neue sehen läßt. Dieses Frühere hat zu altern begonnen,
1701 2540 2476 2612 Mystizismus von Gabriel Max entwickelt.
516 2552 1721 2647 schmerzlich= schnell, aber (zum Teil) auf eine köstliche Weise.
1766 2591 2896 2661 Alles, was der Irene Triesch fehlt: die Fülle innerer patho¬
510 2603 1708 2679 Da entströmt einigem ein Duft von Edelfäulnis, fast so,
1702 2626 2907 2724 logischer Möglichkeiten, das hat Albert Bassermann. Dieser
504 2635 1702 2724 als genössen wir einen galant=sentimentalen Dichter des ancien
1712 2668 2896 2758 große Künstler bot gestern, als „Puppenspieler“, eine Gestalt, die
497 2678 2895 2776 régime und nicht den Dr. Schnitzler, geboren in Wien, lebt man als einen Freund bewahren wird. Er zeigte (über den
499 2731 2896 2841 ebenda. Man kennt diese Einakter der „Lebendigen Stunden“, die Dichter hinauswachsend) die kleine Pose, zu der die intellektuelle
509 2765 1710 2854 Dr. Brahm jetzt wieder auf seine, immer etwas haushälterische
1696 2796 2893 2881 Dämonie sich heute verurteilt sieht; einen Ramponierten, der sich
504 2814 1705 2898 Bühne gebracht hat; man kennt auch den aus einem anderen
1695 2840 2907 2925 krampfhaft und bitter=glücklich in seinen hellgelben Sommerpaletot
510 2851 1711 2943 Cyklus dazugenommenen „Puppenspieler“. Und man erinnert sich:
1698 2888 2903 2969 versteckt (vielleicht hat er keinen Rock darunter); einen, der, allen!
496 2908 2894 3025 wie, in der Spitalszene der „Letzten Masken“, ein Sterbender überlegen —, in Lebensdingen allen unterlegen, sich doch seinen
497 2937 2885 3061 dem Gehaßten Böses, Entlarvendes sagen will — und wie er,] Duft gerettet hat, seine höhnisch=vibrierende Note, sein Apartes,
499 2993 1711 3072 gegenüber der Banalität des Lebenden, davon absteht; wie, in der
1691 3022 2895 3085 seine graziös=verzerrte Vornehmheit, das Bewußtsein, ein innerer
507 3050 1713 3117 „Literatur", ein dralles Weibchen, anstatt in die Liebes=Mansarden
1696 3062 2886 3149 Verschwörer gegen alle Konsolidierten zu sein, gegen alle die, die
489 3082 2884 3185 der Bohème zurückzukehren, doch lieber im warmen Stall des ganz an weißgedeckten Tischen sitzen und sich von einem Dienstmädchen be¬
491 3126 1704 3204 unliterarischen Aristokraten bleibt (Nähe Hartlebens); wie einer,
1689 3154 2887 3229 dienen lassen... Wie dieser scheinbar gescheiterte Puppenspieler sich
487 3165 1696 3247 der in verbissener Dämonie als Puppenspieler andere zu lenken
1690 3196 2899 3276 verkriecht und sich genießt und einer Rührung anheimfällt und doch der
492 3200 2894 3319 glaubte, selbst als der Unfreieste, Determinierteste, auch Glück= Stärkste ist —, wie er sich selbst erledigt mit Ironie und doch auf¬
488 3259 2899 3369 losefte entpuppt wird; — und dann diese Szene in der Bilder=reckt als ein Freier, ein Eroberer, ein Schönheits= und Erregungs¬
