3484 4128
-15 4057 25 4101 —
497 145 1904 200 ganze Szene mit Weihgast vor, wie sie sich abspielen werde. Wozu
507 189 1912 263 diese ganze Geschichte? Und dann kommt richtig der Weihgast und
498 231 1908 303 der Sterbende sieht seinen letzten Wunsch erfüllt und .. vertrödelt
504 269 1906 349 die Zeit, ohne ihm auch nur einen Tropfen von all dem geplanten
514 324 1899 396 Gift ins Gesicht zu spritzen. Er hat nicht das Talent, wie jener
503 373 1912 448 Schmierenspieler, sich noch am Rande des Grabes eine lebendige
508 415 1023 487 Viertelstunde zu machen.
1534 463 1570 510 7
619 454 1902 540 Den Schluß macht das Lustspiel: „Literatur“. Es ist einfach
501 513 1905 584 köstlich. Wenn es nicht von Arthur Schnitzler wäre, könnte es von
499 571 1897 635 Frank Wedekind sein. Es sprudelt von Unverfrorenheit, blague,
505 611 1899 658 Snobismus. Doch nein, denn es hat auch einen ernsten Kern und
496 656 1899 728 führt die Weiber ad absurdum, die sich „im Trikot bei Ronacher
497 690 1904 773 hinstellen“ indem sie erdichtete oder halberdichtete Sünden als
496 755 1899 811 „Literatur“ von sich geben. Da ist diese kleine Margarethe, die sich
504 798 1897 863 in München mit der Bohème herumgekugelt hat und nun einen etwas
506 857 1900 917 einfältigen Baron heiraten soll. Welche Rettung. Aber sie hat heimlich
492 903 1907 965 einen Roman geschrieben, der soeben erscheinen soll, und das schreckt
503 934 1899 1015 den Baron wieder ab. Höchst amüsant ist der Besuch ihres Münchner
503 991 1906 1054 Geliebten Gilbert, der auch einen Roman geschrieben hat. Er schildert
503 1024 1893 1097 sein Verhältniß mit ihr, sie ihres mit ihm. Natürlich „stilisirt“,
496 1076 1891 1150 d. h. übertrieben ... oder untertrieben, je nachdem. Denaturirt auf
494 1130 1909 1202 alle Fälle. Nur daß beide ihre beiderseitigen wirklichen Liebesbriefe
492 1179 1900 1247 mit aufgenommen haben! Wenn das erscheint, was wird der Baron
491 1227 1899 1294 sagen? Das Malheur ist so grotesk und die beiden Romanciers in
501 1272 1892 1342 ihrem Geniethum sind so komisch, daß Schnitzler Unrecht hätte, wenn
486 1315 1905 1391 er nicht Gnade für Recht ergehen ließe. Der Baron ist „Tepp“
498 1372 1894 1438 genug, um beim Verleger Künigl die ganze Auflage seiner Margarethe
483 1419 1892 1477 aufzukaufen und se Dichterin doch zu ehelichen. Die Auflage soll
486 1461 1892 1535 eingestampft werden, bis auf ein Exemplar, das er zu lesen gedenkt.
494 1505 1891 1584 Wir rathen ihm dringend davon ab. Die lebendigen Stunden eines
483 1546 1723 1615 so nahestehenden Vorlebens bleiben besser lebendig begraben.
610 1604 1890 1667 Der Erfolg des Schnitzler=Abends war vollständig. Das zweite
488 1632 1882 1724 Stück erregte Beifallsstürme, obgleich es ungeschickt szenirt ist und
485 1709 1898 1773 etwas poesielos gespielt wurde. Das zweimalige Zerschneiden des
479 1742 1883 1815 Aktes durch den Zwischenvorhang — das zweite Mal glaubte das
487 1791 1878 1858 Publikum, es sei schon aus — ist ein unglückseliges Auskunftsmittel.
473 1842 1888 1915 In der Darstellung versagte besonders Frl. Triesch, der es an
478 1887 1888 1964 dem visionären Zuge fehlt. Sie hat überhaupt nicht die Nerven für
475 1922 1890 2010 dieses Stück; im vierten Einakter, als Dichterin Margarethe, be¬
474 1981 1884 2059 währte sie sich viel besser. Das dritte und das vierte Stück wurden
482 2023 1877 2104 überhaupt vorzüglich gespielt. Da sind keine poctischen Stimmungen zu
483 2074 1884 2157 brauen. Die Spitalgeschichte war zum Gruseln und zum Lachen zugleich.
472 2124 1892 2205 Herr Reinhardt hatte sich eine schauerliche Sterbemaske auf¬
470 2166 1889 2248 gemalt, der er im Sprechen tragikomische Lichter aufsetzte. Der
484 2227 1880 2292 andere Patient allerdings sah keineswegs aus, als hätte er nur
473 2262 1890 2332 mehr acht Tage zu leben. Herr Fischer spielte ihn kerngesund.
467 2302 1887 2396 Meisterhaft war Herr Bassermann als Dichter Weihgast; groß¬
470 2356 1828 2425 artige Pelzfigur mit hoher singender Stimme, jede Faser Affektation-
469 2411 1882 2478 ein Exemplar zum Ausstopfen. Auch in „Literatur“ war Herr
474 2449 1881 2530 Bassermann als wienerischer Baron ganz vorzüglich; mit großer
464 2517 1876 2580 Diskretion zwischen Charakter und Charge schwebend. Hier sind auch
470 2549 1877 2630 Herr Rittner (Gilbert) und Frl. Triesch (Margarethe) zu
477 2591 1880 2675 loben. Dieses vierte Stück setzte dem Abend die Krone auf. Man
466 2640 1882 2717 hat sich schon lange nicht so gut amüsirt und so schallend gelacht.
475 2691 1870 2771 Der Verfasser wurde vom zweiten Stück angefangen oft und stürmisch
466 2729 667 2807 gerufen.
1593 2755 1848 2817 L. H—1.
681 2810 1639 2902 Der Untergang der Sängethiere.
572 2871 1871 2946 Die Zahl der Menschen, welche Interesse für Naturwissenschaft und
467 2927 1870 2996 Liebe zur Natur hegen, hat in den letzten hundert Jahren, trotz des be¬
458 2978 1881 3049 deutenden Fortschrittes, den diese Wissenschaft selbst gemacht hat, eigentlich
464 3027 1874 3095 nicht zugenommen. Die größeren Ansprüche, welche Amt und Geschäft an
467 3060 1875 3127 die Thätigkeit und Zeit jedes Einzelnen stellen, mögen daran wohl Schuld
465 3120 1876 3181 tragen. Und dann — wo gibt es denn jetzt noch ursprüngliches Naturleben?
461 3166 1874 3228 Ueberall sind die Menschen bestrebt, die Natur für ihre Zwecke herzurichten,
468 3201 756 3267 also eigentlich
820 3208 1882 3290 zu vernichten. Wald wird Forst, Wiese wird Feld,
470 3249 1876 3342 Eisenbahndämme und Telegraphenleitungen zerstören das Bild der
456 3289 703 3367 Landschaft.
571 3325 1875 3430 Immer weitere Gebiete werden in den Bereich der Kultur gezogen.
455 3383 1877 3462 Die großen weißen Flächen mit der Inschrift „Unbekannt“ sind aus den
464 3444 1872 3524 Landkarten Aftikas, Australiens, Asiens verschwunden, alle diese Gebiete
465 3495 1864 3572 sind in den letzten Jahrzehnten erschlossen worden. Eisenbahn und
465 3547 1880 3599 Telegraph werden in Kurzem auch noch die letzten Schlupfwinkel, in denen
452 3603 1882 3667 heute noch ursprüngliches Naturleben herrscht, erreichen, Axt und Feuer
464 3651 1870 3722 werden den Urwald vernichten und mit seinen letzten Resten werden auch
459 3684 1245 3755 seine Bewohner für immer verschwinden.
579 3737 1869 3812 Wohin der Weiße mit seinem Feuerrohr dringt, spielt sich ein ver¬
462 3770 1869 3857 zweifelter, aussichtsloser Kampf zwischen ihm und der einheimischen Thier¬
463 3837 1864 3903 welt ab und der Schluß ist immer — Vernichtung der Säugethiere, welche
462 3873 936 3933 das Gebiet bevölkerten.
568 3917 1864 3986 Die Mehrzahl von uns hat wohl eine ganz falsche Vor¬
460 3955 1867 4049 stellung von dem Reichthum an Thieren im Innern der großen
450 4018 1880 4097 Kontinente. Im Geiste bevölkern wir die Prärien Amerikas
442 4078 1741 4142 noch immer mit zahllosen Büffelherden, sehen wir noch
2281 135 2332 178 .
1915 160 3342 221 die Steppen und Walder der Tropen durch die interessantesten und hervor¬
1916 201 3329 285 ragendsten Großthiere belebt. Wie wenig entspricht dieses Bild der Wirk¬
1922 245 3333 334 lichkeit! Die Vereinigten Staaten, die reichen Jagdgründe der Rothhäute,
1929 293 3341 380 sind heute vielleicht eines der wildärmsten Gebiete der Welt, die Heerden
1922 350 3325 420 von Wildthieren der Tropenländer sind zu spärlichen Rudeln zusammen¬
1921 392 3342 472 geschmolzen. Die Ausbeute eines mehrwöchentlichen Jagdausfluges in
1925 439 3347 518 Afrika, dem Idealland des Jägers, besteht oft blos aus einigen Anti¬
1929 482 2161 544 lopenfelten.
2029 536 3342 603 Das Vordringen der Kultur, die Vervollkommnung der Transport¬
1913 571 3336 662 mittel und der Jagdwaffen bedeutet für die Welt der Säugethiere eine
1922 632 3328 709 Katastrophe, mit welcher nicht einmal die Wirkungen von Eiszeiten, Sint¬
1928 675 3331 761 fluthen, vulkanischen Eruptionen, ja selbst das Untergehen ganzer Kontinente
1925 728 3342 778 in früheren Erdperioden verglichen werden kann, denn das Eintreten
1924 765 3348 834 derartiger Ereignisse und demgemäß auch die klimatischen und territorialen
1922 814 3333 889 Veränderungen, welche sie im Gefolge hatten, war wohl in den
1921 863 3334 920 meisten Fällen kein plötzliches, sie trafen nicht alle Theile der Erd¬
1921 906 3334 994 oberfläche gleichzeitig, so daß einer großen Zahl von Arten Flucht
1930 955 3338 1040 in andere Gegenden oder Anpassung an die veränderten Lebensbedingungen
1917 1011 3328 1104 ermöglicht wurde. Ja selbst, wenn die gesammte Thierwelt einer großen
1913 1051 3330 1145 Insel eines Kontinentes vernichtet wurde, so konnte dennoch eine Fanna,
1910 1098 3044 1163 durch Besiedelung von anderen Gebieten aus, neu entstehen.
2027 1150 3332 1227 Die Katastrophe, welche durch den Fortschritt der Kultur jetzt die
1912 1199 3330 1277 Säugethierwelt bedroht, ist aber nicht partieller Natur, und ihr Um¬
1920 1242 3332 1350 sichgreifen kann nicht durch Gebirge, Thäler, Flüsse und Meere aufgehalten
1916 1296 2082 1362 werden.
2021 1338 3335 1418 Immer war der Mensch der größte Feind der wildlebenden Säuger,
1923 1393 3326 1471 denn viele Arten bedrohen seine Existenz unmittelbar, wie die großen
1906 1447 3336 1523 Raubthiere, viele Arten schädigen seine Pflanzungen. Die primitiven Waffen
1911 1486 3340 1563 der Jäger konnten aber in alten Zeiten dem Wildbestande keinen allzu großen
1906 1535 3332 1613 Schaden zufügen. Durch die mörderischen Jagdwaffen der Neuzeit werden jedoch
1916 1580 3334 1657 in den kommenden fünf Jahrzehnten mehr Säugethierarten der Vernichtung
1903 1634 3334 1715 anheimfallen, als in den verflossenen fünf Jahrtausenden vernichtet
1914 1674 2183 1735 worden sind.
2010 1727 3331 1812 Diese Behauptung mag auf den ersten Blick übertrieben erscheinen,
1905 1771 3330 1845 denn noch zählt man an 2000 Arten von Säugern. Aber man darf den
1900 1821 3317 1910 Umstand nicht übersehen, daß die Zahl der Individuen in jeder Art in
1914 1881 3323 1958 reißender Abnahme begriffen ist und deshalb das Erlöschen vieler Thier¬
1912 1928 3132 1995 geschlechter auf einmal, in einem kurzen Zeitraum erfolgen muß.
2017 1959 3317 2035 Es ist wohl nicht zu bezweifeln, daß die großen Räuber, Löwe,
1903 2021 3321 2092 Tiger, Panther, Bär, deren Bestand neben dem Menschen einfach unmöglich
1909 2072 3322 2147 erscheint, in den nächsten Jahrzehnten ausgerottet sein werden, doch auch
1906 2111 3322 2182 harmlosere Thiere, wie die großen Dickhäuter, Menschenaffen, Wildstiere,
1909 2158 3330 2238 Giraffen, Antilopen, Wale und Robben dürften bis dahin das Schicksal
1897 2207 3321 2290 des Auerochsen, des Alpensteinbockes, des Elches, Bisons, Quaggas 2c.
1904 2264 3324 2344 getheilt haben, sie werden gänzlich oder bis auf wenige geschonte Reste aus¬
1908 2294 2181 2358 gerottet sein.
2009 2330 3322 2417 Man kunn sich daher leicht eine Vorstellung davon machen, was bei
1909 2395 3309 2473 fortgesetzter Verfolgung von den noch heute existirenden 2000 Sängethier¬
1896 2432 3316 2500 arten, abgesehen von unseren Hausthieren, übrig bleiben wird. Es werden
1893 2491 3316 2573 dies blos die kleineren Arten der Affen, Nagethiere, Insektenfresser, Raub¬
1900 2535 2867 2609 thiere, Delphine und die gehegten Jagdthiere sein.
1995 2588 3309 2674 Diese Katastrophe von der Säugethierwelt abzuwenden, erscheint uns
1909 2638 3319 2714 undenkbar, wer wollte den Schritt der Kultur hemmen? Und das müßte
1898 2690 3317 2768 ja geschehen, wollte man die hauptsächlichste Lebensbedingung der Thierwelt
1902 2748 3318 2805 erhalten, nämlich den Urzustand auf großen Gebieten. Aber verzögern könnte
1886 2778 3313 2856 man vielleicht den Untergang vieler harmloser Säuger, welche in den ent¬
1896 2834 3311 2904 legenen Gebieten, die sie heute bewohnen, dem Menschen noch keinen
1896 2873 3312 2952 Schaden zufügen, durch Einstellen sinnloser Thierschlächterei, welche gerade
1891 2923 3309 3009 dort getrieben wird, durch Anlage von Reservationen und Thiergärten in
1893 2966 2183 3035 großem Styl.
2008 3008 3307 3101 Wie dem auch sei, unsere Zeit, das verflossene und das nächste
1891 3069 3310 3144 Jahrhundert wird in der Naturgeschichte der Säugethiere eine Bedeutung
1895 3126 3307 3202 erlangen, von der wir überhaupt noch keine Ahnung haben, in dieser kurzen
1892 3165 3304 3240 Zeitperiode wird sich der Untergang der uns am nächsten stehenden Be¬
1901 3211 3309 3278 wohner des Erdballs, der Säugethiere, zum größten Theil vollzogen haben.
1996 3265 3307 3327 Sollte aber einst in einer feiner fühlenden Generation der Sinn für
1895 3289 3308 3367 Natur und ihre vergangene Schönheit allgemein erwachen, so wird man
1890 3366 3312 3429 vielleicht mit Trauer unsere Zeit als diejenige bezeichnen, in der die
1899 3388 3302 3468 Menschheit sich mit einer unfühnbaren Schuld belud, indem sie einen der
1895 3455 3294 3524 größten Reize der Natur durch die Ausrottung der Säugethiere vernichtete.
2006 3491 3286 3575 Der gerodete Wald ersteht wieder, sobald wir ihn sich selbst über¬
1892 3526 3300 3619 lassen, aber eine vernichtete Thiergattung bleibt vernichtet, für immerdar.
2005 3596 3296 3665 Nur aus spärlichen Resten, Abbildungen und Ueberlieferungen werden
1889 3610 3298 3722 spätere Gencrationen sich ein undeutliches Bild von der heute noch so
1891 3687 2628 3740 mannigfaltigen Fauna machen können.
2001 3744 3284 3804 Wir können uns nur schwer einen Begriff davon machen, wie ver¬
1890 3771 3297 3872 ändernd auf das Gedankenleben des Menschen der Anblick der Natur
1889 3832 2927 3894 wirken wird, in welcher die Säugethiere fehlen werden.
1996 3880 3288 3949 Die Fabel, Sprüchwörter, Gleichnisse aus dem Thierleben, werden
1895 3921 3287 3995 aus der Sprache verschwinden, dem Künstler wird die Anregung, welche
1890 3971 3287 4054 ihm die Thierwelt bot, dem Forscher das Material, dem wahren Natur¬
1882 4015 3084 4093 freund eine Quelle hohen Genusses für immer entzogen bleiben.
2956 4064 3279 4143 R. Child.
