3484 4256
272 278 2437 364 16.1. Lebendige Stunden zuklus box 21/5
1121 659 1536 755 Telephon 12801.
379 780 470 853 6
420 844 1524 939 AimrreHpfiKTTSn
409 874 466 953 1
391 923 1525 995 (1 I. österr. behördl. konz. Unternehmen für Zeitungs-Ausschnitte
397 983 475 1031 6
547 983 1430 1077 Wien, I., Concordiaplatz 4.
379 1054 486 1116 5
771 1060 1209 1132 Vertretungen
399 1103 1525 1167 0 in Berlin, Budapest, Chicago, Christiania, Genf, Konen¬
2720 1102 3122 1188 Telephon 12801.
372 1167 1535 1215 hagen, London, Madrid, Mailand, Minneapolis, New-Vork,
424 1209 1504 1262 □ Paris, Rom, San Francisco, Stockholm, St. Petersburg.
790 1238 1202 1300 Quelienang abe ohne Gewah.
366 1273 880 1368 * Ausschnitt als:
2010 1278 3110 1395 S MntrHrrakirererute
379 1328 462 1406 2
980 1347 1038 1419 F
1965 1366 3117 1434 O l. österr. behördl. konz. Unternehmen für Zeitungs-Ausschnitte
1134 1351 1485 1448 Presse, Wien
752 1369 952 1448 3 16
374 1386 737 1501 E vom:
1980 1447 2023 1479 1
928 1416 1300 1521 bendblatt
2131 1416 3021 1506 Wien, I., Concordiaplatz 4.
2362 1497 2818 1572 Vertretungen
1968 1500 2095 1568 4
1984 1512 3129 1615 0 in Berlin, Budapest, Chirago, Christiania, Genf, Kopen¬
548 1553 1643 1628 [Theater.] Aus klin wird uns berichtet: Das
1964 1580 3137 1679 hagen, London, Madrid, Mailand, Minneapolis, New-Vork,
467 1610 1656 1686 Lissing=Theater stellte Akthur Schnitzlers Einakterzyklus
1990 1620 3100 1716 0 Paris, Rom, San Francisco, Stockholm, St. Petersburg.
2382 1675 2800 1730 (Quellenangabe ohne Gewähr.)
483 1647 1648 1713 „Lebendige Stunden“ wieder in seinen Sptelplan ein. Das
476 1688 1654 1745 eiste Stück, das dem Zyklus den Namen gegeben hat, war
1969 1708 2478 1815 — Ausschnitt aus:
479 1744 1655 1800 durch den Einakter „Der Puppenspieler“ ersetzt worden. Das
478 1787 1652 1851 Publikum bereitete den kleinen Dramen eine sehr freundliche
2304 1775 3079 1870 rädeutsche Allgemeine Zeitung
1978 1804 2063 1855 12
483 1824 1646 1894 Aufnahme. Den größten Erfolg hatte wieder das Lustspiel
2246 1829 2497 1891 5- 3. J308
1984 1837 2230 1915 E vom:
2494 1838 2754 1929 —Herlin
464 1866 1648 1932 „Literatur", das von Bassermann und Irene Triesch
458 1914 982 1989 vorzüglich gespielt wurde
2130 1980 2679 2070 Theater und Musik.
1888 2048 1951 2116 *
1946 2045 3020 2128 Es ist bezeichnend für die Dürftigkeit der heurigen
1797 2113 3021 2177 dramatischen Produktion, daß eine Bühne wie das Lessing¬
1811 2161 3009 2220 Theater, statt uns eine „literarische“ Neuheit zu bescheren,
1814 2197 3014 2252 sich damit begnügen muß (trotz Gerhart Hauptmann!), einen
1809 2244 3011 2300 längst als bewährt anerkannten Schnitzlerschen Einakter=Zyklus
1804 2294 3012 2344 Lebendige Stunden neu einstudiert zu bringen. Die vier
1804 2321 3017 2386 Stücke, deren Inhalt von den früheren Aufführungen her be¬
1803 2367 3014 2434 kannt sein dürfte, versetzen den Hörer dank ihrem anregenden und
1160 2381 1569 2479 Telephon 12801.
1801 2415 3012 2472 geistreichen Dialog in eine angenehme Stimmung, die noch
1804 2459 3016 2515 gehoben wird durch die mustergültige Darstellung und die
1806 2497 3017 2559 sorgsame Inszenierung, die das Lessing=Theater den vier Ein¬
433 2483 492 2558 5
1814 2534 3025 2600 aktern angedeihen ließ. Die Hauptrollen sind in bewährten
404 2555 486 2622 2
470 2479 831 2656 Me
806 2550 1553 2667 IeTaRtSHE
1807 2581 3012 2631 Händen geblieben. Im Puppenspieler erfreuten Herr
405 2612 492 2667 —
1804 2625 3018 2681 Kurt Stieler und Frau Grete Hofmann durch einen
411 2653 1553 2705 O l. österr. behördl. konz. Unternehmen für Zeitungs-Ausschnitte
1806 2671 3023 2738 schlichten, mit warmer Herzlichkeit erfüllten Ton; in der Frau
1812 2722 3006 2774 mit dem Dolche bot Frau Irene Triesch eine ihrer
571 2702 1467 2798 Wien, I., Concordiaplatz 4.
2296 2752 3018 2819 den darauffolgenden Letzten
1811 2752 2164 2822 Glanzleistungen.
397 2766 515 2833 2
795 2772 1234 2846 Vertretungen
1813 2801 3011 2852 Masken war Herr Reicher ausgezeichnet als alter
396 2819 1561 2897 4 in Berlin, Budapest, Chicago, Christiania, Genf, Konen¬
1811 2844 3019 2903 sterbender Journalist, und Herr Forest, der die Rittnerschen
390 2869 1560 2931 hagen, London, Madrid, Mailand, Minneapolis, New-Vork,
1810 2890 3011 2943 Rollen geerbt hat, erregte allgemeine Heiterkeit durch seine
404 2918 1535 2982 □ Paris, Rom, San Francisco, Stockholm, St. Petersburg.
1814 2938 3009 2989 humorvolle Darstellung des Komödianten und namentlich des
798 2947 1217 3003 (Quelienangabe ohne Gewähr.)
1814 2980 3014 3034 modernen Schriftstellers in Literatur. Frau Triesch war
394 2990 440 3044 7
425 2989 1226 3069 * Ausschnitt aus: 5- 3. 1908
1813 3017 3015 3070 in diesem letzten Stücke eine lebensprühende, verführerische Mar¬
1822 3063 3022 3117 garete und Herr Bassermann ein einfach, sogar bis auf den
1211 3081 1360 3163 Berli
1812 3103 3039 3175 Wiener Dialekt mustergültiger österreichischer Aristokrat. Seine
382 3092 632 3182 E vom:
745 3091 958 3161 Nations
1817 3144 3012 3200 von innerem Leben erfüllte Darstellung des Puppenspielers,
1820 3189 3021 3242 sowie die des Alexander Weihgast in den Letzten Masken
1811 3232 3024 3286 dürfte allen Freunden des Hauses wieder ein Beweis gewesen
488 3235 1562 3329 = Das Lessing=Theater brachte gestern eine Wieder¬
1820 3284 3034 3345 sein für die große Charakterisierungskunst und Wandlungs¬
368 3258 1577 3366 aufnahme von Arthur Schnitzlers Einakterreihe:
363 3317 1572 3419 „Lebendige Stunden der einst der Serie
358 3354 1558 3453 den Namen gegeben hatte, ersetzte man dabei durch die
1737 3377 2954 3490 fähigkeit dieses Künstlers. Den meisten Beifall hatte das
366 3406 1568 3513 gleichfalls bekannte „Studie": „Der Puppenspie¬
1753 3444 2617 3538 letzte der vier Stücke, das Lustspiel Literatur.
362 3437 1579 3546 ler“. In diesen zwanzig Minuten konzentrierten Lebens
365 3488 1558 3603 bot Bassermann das Wertvollste des Abends. Im
352 3533 1564 3654 übrigen ragten Irene Triesch und Reicher hervor —,
353 3570 1563 3695 innerhalb einer etwas puritanischen Gesamtauffassung.
349 3611 934 3692 Heute Abend ein Weiteres.
