<?xml version="1.0" encoding="UTF-8" standalone="yes"?>
<PcGts xmlns="http://schema.primaresearch.org/PAGE/gts/pagecontent/2013-07-15" xmlns:xsi="http://www.w3.org/2001/XMLSchema-instance" xsi:schemaLocation="http://schema.primaresearch.org/PAGE/gts/pagecontent/2013-07-15 http://schema.primaresearch.org/PAGE/gts/pagecontent/2013-07-15/pagecontent.xsd">
    <Metadata>
        <Creator>prov=University of Rostock/Institute of Mathematics/CITlab/Gundram Leifert/gundram.leifert@uni-rostock.de:name=ONB_Newseye_GT_M1+(htr_id=10810)::::v=2.4.2
prov=University of Rostock/Institute of Mathematics/CITlab/Tobias Gruening/tobias.gruening@uni-rostock.de:name=de.uros.citlab.module.baseline2polygon.B2PSeamMultiOriented:v=2.4.2
prov=University of Rostock/Institute of Mathematics/CITlab/Tobias Gruening/tobias.gruening@uni-rostock.de:name=/mnt/transkribus/LA/DEA/URO/LA_news_onb_att.pb:de.uros.citlab.segmentation.CITlab_LA_ML:v=2.4.2
Transkribus</Creator>
        <Created>2019-10-07T11:34:55.492+02:00</Created>
        <LastChange>2019-10-08T16:08:24.978+02:00</LastChange>
        <TranskribusMetadata docId="223975" pageId="9501344" pageNr="316" tsid="16598887" status="IN_PROGRESS" userId="40391" imgUrl="https://files.transkribus.eu/Get?id=MVPOOIKUTZYIOFFHKSWSFGVT&amp;fileType=view" xmlUrl="https://files.transkribus.eu/Get?id=CFQVPGEEADHZLMNOWGFQBYHN" imageId="6191566"/>
    </Metadata>
    <Page imageFilename="223975_0316.jpeg" imageWidth="3484" imageHeight="4256">
        <ReadingOrder>
            <OrderedGroup id="ro_1711449828968" caption="Regions reading order">
                <RegionRefIndexed index="0" regionRef="r1"/>
                <RegionRefIndexed index="1" regionRef="r2"/>
            </OrderedGroup>
        </ReadingOrder>
        <TextRegion orientation="0.0" id="r1" custom="readingOrder {index:0;}">
            <Coords points="313,207 313,3311 1968,3311 1968,207"/>
            <TextLine id="r1l1" custom="readingOrder {index:0;}">
                <Coords points="1839,249 1889,254 1895,247 1901,247 1909,253 1936,252 1934,186 1924,187 1920,183 1914,187 1899,187 1871,209 1854,203 1848,210 1838,210"/>
                <Baseline points="1849,245 1874,248 1899,247 1925,243"/>
                <TextEquiv>
                    <Unicode>U S</Unicode>
                </TextEquiv>
            </TextLine>
            <TextLine id="r1l2" custom="readingOrder {index:1;}">
                <Coords points="308,246 1936,299 1978,245 1768,191 1569,244 1440,186 309,180"/>
                <Baseline points="318,231 400,236 483,240 565,244 648,247 730,249 813,251 895,253 978,254 1060,255 1143,256 1225,256 1308,257 1390,257 1473,257 1555,258 1638,258 1720,259 1803,260 1885,261 1968,263"/>
                <TextEquiv>
                    <Unicode>16.1. Lebendige Stunden zvks</Unicode>
                </TextEquiv>
            </TextLine>
            <TextLine id="r1l3" custom="readingOrder {index:2;}">
                <Coords points="830,1129 1298,1142 1300,1076 1175,1062 1063,1076 1042,1063 1015,1077 987,1061 832,1049"/>
                <Baseline points="841,1104 867,1105 893,1105 920,1106 946,1106 972,1107 999,1107 1025,1108 1051,1108 1078,1109 1104,1109 1130,1110 1157,1111 1183,1112 1209,1113 1236,1115 1262,1116 1289,1118"/>
                <TextEquiv>
                    <Unicode>Telephon 12801.</Unicode>
                </TextEquiv>
            </TextLine>
            <TextLine id="r1l4" custom="readingOrder {index:3;}">
                <Coords points="440,1219 1377,1239 1682,1217 1683,1180 752,1145 440,1178"/>
                <Baseline points="450,1206 511,1204 572,1203 633,1202 694,1202 755,1202 816,1203 877,1204 938,1205 999,1206 1061,1207 1122,1208 1183,1209 1244,1210 1305,1210 1366,1211 1427,1211 1488,1211 1549,1210 1610,1210 1672,1208"/>
                <TextEquiv>
                    <Unicode>Alex. Weigl's Unternehmen für Zeitungs-Ausschnitte</Unicode>
                </TextEquiv>
            </TextLine>
            <TextLine id="r1l5" custom="readingOrder {index:4;}">
                <Coords points="1439,1287 1470,1278 1476,1284 1490,1273 1555,1282 1579,1272 1610,1287 1625,1275 1643,1281 1662,1268 1684,1267 1683,1216 1654,1216 1646,1225 1609,1221 1597,1230 1564,1216 1527,1231 1492,1224 1471,1241 1438,1245"/>
                <Baseline points="1449,1275 1474,1271 1499,1269 1524,1267 1549,1267 1574,1267 1599,1267 1624,1268 1649,1268 1675,1267"/>
                <TextEquiv>
                    <Unicode>Ausschnitt</Unicode>
                </TextEquiv>
            </TextLine>
            <TextLine id="r1l6" custom="readingOrder {index:5;}">
                <Coords points="666,1337 755,1352 949,1330 1098,1357 1176,1333 1317,1357 1397,1323 1395,1234 1325,1252 1283,1221 1180,1209 1114,1237 1077,1216 792,1229 739,1274 665,1289"/>
                <Baseline points="676,1339 711,1333 747,1330 782,1327 818,1325 853,1324 889,1323 924,1323 960,1324 995,1325 1031,1326 1066,1327 1102,1327 1137,1328 1173,1327 1208,1327 1244,1325 1279,1323 1315,1319 1350,1314 1386,1307"/>
                <TextEquiv>
                    <Unicode>„OBSERTER“</Unicode>
                </TextEquiv>
            </TextLine>
            <TextLine id="r1l7" custom="readingOrder {index:6;}">
                <Coords points="1501,1347 1552,1362 1600,1357 1624,1373 1658,1360 1676,1369 1693,1359 1749,1364 1752,1289 1669,1290 1637,1314 1606,1310 1568,1282 1504,1277"/>
                <Baseline points="1511,1342 1536,1341 1561,1341 1586,1342 1611,1343 1637,1345 1662,1346 1687,1348 1712,1348 1738,1349"/>
                <TextEquiv>
                    <Unicode>Nr. 44</Unicode>
                </TextEquiv>
            </TextLine>
            <TextLine id="r1l8" custom="readingOrder {index:7;}">
                <Coords points="330,1414 1696,1430 1789,1414 1790,1373 331,1344"/>
                <Baseline points="340,1396 412,1396 484,1396 556,1396 628,1396 700,1396 772,1396 844,1396 916,1397 988,1397 1060,1398 1132,1399 1204,1399 1276,1400 1348,1401 1420,1402 1492,1403 1564,1403 1636,1404 1708,1405 1780,1406"/>
                <TextEquiv>
                    <Unicode>I. österr. behördl. conc. Bureau für Zeitungsberichte u. Personalnachrichten</Unicode>
                </TextEquiv>
            </TextLine>
            <TextLine id="r1l9" custom="readingOrder {index:8;}">
                <Coords points="561,1488 1570,1482 1570,1432 1496,1415 561,1408"/>
                <Baseline points="571,1464 620,1464 669,1464 719,1464 768,1465 818,1465 867,1465 916,1465 966,1466 1015,1466 1065,1467 1114,1467 1163,1468 1213,1469 1262,1470 1312,1470 1361,1471 1410,1472 1460,1473 1509,1475 1559,1476"/>
                <TextEquiv>
                    <Unicode>Wien, IX/1, Türkenstrasse 17.</Unicode>
                </TextEquiv>
            </TextLine>
            <TextLine id="r1l10" custom="readingOrder {index:9;}">
                <Coords points="724,1549 1121,1538 1304,1558 1381,1538 1381,1503 1290,1482 1177,1505 952,1472 725,1487"/>
                <Baseline points="735,1529 766,1529 798,1529 830,1530 862,1530 893,1530 925,1531 957,1531 989,1531 1020,1532 1052,1532 1084,1533 1116,1533 1147,1533 1179,1533 1211,1534 1243,1534 1274,1534 1306,1534 1338,1534 1370,1534"/>
                <TextEquiv>
                    <Unicode>— Filiale in Budapest: „Figyelö“ -</Unicode>
                </TextEquiv>
            </TextLine>
            <TextLine id="r1l11" custom="readingOrder {index:10;}">
                <Coords points="329,1603 1545,1625 1792,1615 1793,1577 330,1553"/>
                <Baseline points="339,1588 411,1587 483,1587 555,1588 627,1588 699,1589 771,1589 844,1590 916,1591 988,1592 1060,1593 1132,1594 1204,1595 1276,1596 1349,1597 1421,1597 1493,1598 1565,1598 1637,1598 1709,1598 1782,1597"/>
                <TextEquiv>
                    <Unicode>Vertretungen in Berlin, Chicago, Genf, London, Newyork, Paris, Rom, Stochholm.</Unicode>
                </TextEquiv>
            </TextLine>
            <TextLine id="r1l12" custom="readingOrder {index:11;}">
                <Coords points="329,1751 1649,1732 1785,1708 1817,1645 837,1705 327,1683"/>
                <Baseline points="338,1730 411,1731 485,1731 558,1731 632,1731 705,1730 779,1729 852,1727 926,1726 999,1724 1073,1722 1146,1720 1220,1718 1293,1716 1367,1713 1440,1711 1514,1709 1587,1707 1661,1705 1734,1703 1808,1702"/>
                <TextEquiv>
                    <Unicode>Ausschnitt aus zoertza</Unicode>
                </TextEquiv>
            </TextLine>
            <TextLine id="r1l13" custom="readingOrder {index:12;}">
                <Coords points="328,1898 368,1911 433,1885 456,1903 536,1869 620,1904 718,1874 788,1885 852,1870 850,1810 730,1806 648,1825 621,1801 528,1803 487,1821 429,1808 326,1830"/>
                <Baseline points="337,1871 362,1873 387,1875 412,1876 437,1876 463,1876 488,1876 513,1875 538,1874 563,1872 589,1871 614,1869 639,1867 664,1866 689,1865 715,1864 740,1863 765,1863 790,1864 815,1865 841,1867"/>
                <TextEquiv>
                    <Unicode>vom772</Unicode>
                </TextEquiv>
            </TextLine>
            <TextLine id="r1l14" custom="readingOrder {index:13;}">
                <Coords points="627,2234 1470,2280 1473,2204 630,2170"/>
                <Baseline points="637,2231 678,2235 719,2237 760,2240 801,2242 843,2244 884,2246 925,2248 966,2249 1007,2250 1049,2252 1090,2253 1131,2255 1172,2256 1213,2257 1255,2258 1296,2259 1337,2261 1378,2263 1419,2264 1461,2267"/>
                <TextEquiv>
                    <Unicode>Das „Deutsche Theater“ in Wien. Im</Unicode>
                </TextEquiv>
            </TextLine>
            <TextLine id="r1l15" custom="readingOrder {index:14;}">
                <Coords points="550,2290 1480,2328 1482,2276 718,2261 609,2213 552,2230"/>
                <Baseline points="560,2274 605,2278 651,2280 696,2283 742,2285 787,2288 833,2289 878,2291 924,2293 969,2294 1015,2296 1061,2297 1106,2299 1152,2300 1197,2301 1243,2303 1288,2304 1334,2306 1379,2307 1425,2309 1471,2311"/>
                <TextEquiv>
                    <Unicode>Witen Larltheater eröffnete ein Teil der Truppe</Unicode>
                </TextEquiv>
            </TextLine>
            <TextLine id="r1l16" custom="readingOrder {index:15;}">
                <Coords points="568,2331 1478,2359 1479,2320 1428,2314 570,2280"/>
                <Baseline points="579,2326 623,2326 667,2327 712,2329 756,2330 801,2332 845,2334 889,2335 934,2338 978,2339 1023,2341 1067,2343 1111,2345 1156,2346 1200,2348 1245,2349 1289,2349 1333,2350 1378,2350 1422,2350 1467,2350"/>
                <TextEquiv>
                    <Unicode>ditesigen Deutschen Theat ers mit Schnitzlers „L¬</Unicode>
                </TextEquiv>
            </TextLine>
            <TextLine id="r1l17" custom="readingOrder {index:16;}">
                <Coords points="566,2383 926,2371 1323,2412 1483,2382 1422,2353 568,2330"/>
                <Baseline points="576,2372 620,2373 665,2374 710,2375 755,2376 800,2379 845,2380 889,2382 934,2383 979,2385 1024,2387 1069,2389 1114,2391 1159,2392 1203,2393 1248,2394 1293,2395 1338,2395 1383,2395 1428,2395 1473,2394"/>
                <TextEquiv>
                    <Unicode>bendigen Stunden“ sein auf mehrere Wochen be¬</Unicode>
                </TextEquiv>
            </TextLine>
            <TextLine id="r1l18" custom="readingOrder {index:17;}">
                <Coords points="572,2429 1492,2466 1493,2409 1458,2395 573,2379"/>
                <Baseline points="582,2413 627,2415 672,2418 717,2419 762,2421 807,2423 852,2424 897,2426 942,2428 987,2429 1032,2430 1077,2432 1122,2433 1167,2434 1212,2435 1257,2435 1302,2436 1347,2436 1392,2437 1437,2437 1483,2437"/>
                <TextEquiv>
                    <Unicode>rechnetes Gastspiel. Wie uns unser Wiener Korre¬</Unicode>
                </TextEquiv>
            </TextLine>
            <TextLine id="r1l19" custom="readingOrder {index:18;}">
                <Coords points="569,2455 1468,2510 1469,2466 1406,2445 571,2424"/>
                <Baseline points="580,2455 623,2457 667,2459 711,2461 755,2463 799,2465 843,2467 887,2469 931,2470 975,2472 1019,2473 1062,2475 1106,2476 1150,2477 1194,2479 1238,2480 1282,2481 1326,2483 1370,2484 1414,2486 1458,2487"/>
                <TextEquiv>
                    <Unicode>spondent telegraphiert, war seit Tagen kein Sitz</Unicode>
                </TextEquiv>
            </TextLine>
            <TextLine id="r1l20" custom="readingOrder {index:19;}">
                <Coords points="576,2501 1479,2541 1481,2498 1320,2483 578,2466"/>
                <Baseline points="586,2497 630,2500 674,2503 718,2505 762,2507 807,2510 851,2511 895,2513 939,2515 983,2517 1028,2519 1072,2521 1116,2522 1160,2523 1204,2525 1249,2526 1293,2528 1337,2529 1381,2531 1425,2532 1470,2534"/>
                <TextEquiv>
                    <Unicode>mehr zu haben, da man nicht bloß dem Berliner</Unicode>
                </TextEquiv>
            </TextLine>
            <TextLine id="r1l21" custom="readingOrder {index:20;}">
                <Coords points="561,2539 1203,2590 1344,2572 1473,2606 1475,2544 1430,2534 562,2504"/>
                <Baseline points="572,2539 616,2543 661,2545 705,2548 750,2551 795,2554 839,2556 884,2558 928,2559 973,2561 1018,2562 1062,2563 1107,2565 1151,2566 1196,2567 1241,2568 1285,2569 1330,2572 1374,2573 1419,2575 1464,2577"/>
                <TextEquiv>
                    <Unicode>Ensemble, sondern insbesondere dem Autor Arthur</Unicode>
                </TextEquiv>
            </TextLine>
            <TextLine id="r1l22" custom="readingOrder {index:21;}">
                <Coords points="564,2603 1420,2632 1455,2623 1457,2577 823,2576 566,2539"/>
                <Baseline points="574,2582 617,2585 661,2588 704,2591 748,2593 791,2595 835,2598 878,2600 922,2602 965,2603 1009,2605 1053,2606 1096,2607 1140,2609 1183,2610 1227,2611 1270,2613 1314,2613 1357,2615 1401,2616 1445,2617"/>
                <TextEquiv>
                    <Unicode>Schnitzler, der Wiener ist, das größte Inter¬</Unicode>
                </TextEquiv>
            </TextLine>
            <TextLine id="r1l23" custom="readingOrder {index:22;}">
                <Coords points="318,2629 1408,2667 1463,2625 479,2579 319,2605"/>
                <Baseline points="329,2626 385,2627 441,2628 497,2629 553,2631 609,2632 665,2635 721,2637 777,2639 833,2641 890,2644 946,2646 1002,2648 1058,2651 1114,2653 1170,2654 1226,2656 1282,2657 1338,2658 1394,2659 1451,2660"/>
                <TextEquiv>
                    <Unicode>Für 50 ¼ esse entgegenbrachte. Infolge der aus dem Vor¬</Unicode>
                </TextEquiv>
            </TextLine>
            <TextLine id="r1l24" custom="readingOrder {index:23;}">
                <Coords points="1527,2656 1539,2654 1562,2671 1593,2665 1650,2668 1675,2681 1687,2675 1710,2681 1729,2677 1730,2624 1701,2630 1668,2610 1626,2630 1606,2622 1589,2630 1571,2623 1527,2623"/>
                <Baseline points="1537,2660 1563,2659 1589,2659 1615,2659 1641,2660 1667,2661 1693,2661 1719,2662"/>
                <TextEquiv>
                    <Unicode>inclusive</Unicode>
                </TextEquiv>
            </TextLine>
            <TextLine id="r1l25" custom="readingOrder {index:24;}">
                <Coords points="562,2693 1354,2719 1470,2695 1471,2650 563,2633"/>
                <Baseline points="572,2679 616,2680 660,2682 705,2683 749,2684 794,2685 838,2687 882,2688 927,2689 971,2690 1016,2691 1060,2692 1104,2693 1149,2695 1193,2696 1238,2697 1282,2698 1326,2700 1371,2701 1415,2703 1460,2705"/>
                <TextEquiv>
                    <Unicode>jahre bekannten Konflikte Schnitzlers, die er wegen</Unicode>
                </TextEquiv>
            </TextLine>
            <TextLine id="r1l26" custom="readingOrder {index:25;}">
                <Coords points="1529,2706 1564,2701 1586,2708 1595,2700 1605,2707 1630,2703 1652,2711 1708,2711 1705,2675 1678,2681 1668,2672 1658,2674 1646,2667 1611,2670 1586,2664 1571,2666 1559,2678 1553,2673 1546,2679 1530,2675"/>
                <Baseline points="1540,2693 1566,2697 1593,2698 1619,2699 1646,2699 1672,2700 1699,2702"/>
                <TextEquiv>
                    <Unicode>Porto.</Unicode>
                </TextEquiv>
            </TextLine>
            <TextLine id="r1l27" custom="readingOrder {index:26;}">
                <Coords points="426,2704 439,2704 451,2715 459,2713 472,2717 476,2713 484,2715 490,2710 494,2715 527,2712 527,2684 517,2684 509,2675 476,2675 471,2678 469,2675 451,2675 445,2682 426,2680"/>
                <Baseline points="436,2706 462,2705 489,2706 516,2705"/>
                <TextEquiv>
                    <Unicode>200</Unicode>
                </TextEquiv>
            </TextLine>
            <TextLine id="r1l28" custom="readingOrder {index:27;}">
                <Coords points="559,2736 1461,2766 1456,2708 561,2684"/>
                <Baseline points="569,2722 613,2724 657,2725 701,2726 745,2728 789,2729 833,2731 877,2732 921,2734 965,2735 1009,2737 1053,2738 1097,2739 1141,2740 1185,2742 1229,2743 1273,2744 1317,2745 1361,2746 1405,2746 1450,2747"/>
                <TextEquiv>
                    <Unicode>seiner Novelle „Leutnant Gustl“ mit Hof= und Mi¬</Unicode>
                </TextEquiv>
            </TextLine>
            <TextLine id="r1l29" custom="readingOrder {index:28;}">
                <Coords points="1523,2737 1551,2740 1559,2749 1574,2743 1584,2750 1603,2742 1665,2750 1688,2745 1707,2729 1725,2733 1726,2707 1600,2709 1592,2702 1586,2708 1561,2701 1548,2713 1523,2710"/>
                <Baseline points="1532,2737 1558,2737 1584,2739 1610,2740 1636,2741 1662,2742 1688,2742 1714,2741"/>
                <TextEquiv>
                    <Unicode>Zahlbar</Unicode>
                </TextEquiv>
            </TextLine>
            <TextLine id="r1l30" custom="readingOrder {index:29;}">
                <Coords points="424,2741 438,2741 450,2754 473,2755 487,2751 491,2756 496,2752 506,2754 512,2748 524,2757 531,2751 541,2751 542,2723 522,2720 514,2713 495,2715 491,2712 487,2716 425,2704"/>
                <Baseline points="435,2744 466,2743 498,2745 530,2747"/>
                <TextEquiv>
                    <Unicode>500</Unicode>
                </TextEquiv>
            </TextLine>
            <TextLine id="r1l31" custom="readingOrder {index:30;}">
                <Coords points="555,2775 1394,2807 1456,2797 1458,2748 556,2729"/>
                <Baseline points="565,2761 609,2764 653,2766 697,2768 741,2770 785,2772 829,2774 873,2775 917,2776 961,2778 1005,2779 1049,2781 1093,2782 1137,2784 1181,2785 1225,2788 1269,2790 1313,2791 1357,2793 1401,2797 1445,2799"/>
                <TextEquiv>
                    <Unicode>litärkreisen hatte, sowie wegen seiner Fehde gegen</Unicode>
                </TextEquiv>
            </TextLine>
            <TextLine id="r1l32" custom="readingOrder {index:31;}">
                <Coords points="1453,2803 1513,2799 1544,2814 1562,2805 1643,2811 1673,2790 1728,2807 1754,2793 1753,2754 1602,2742 1571,2758 1532,2740 1504,2768 1493,2760 1452,2774"/>
                <Baseline points="1463,2793 1488,2789 1514,2788 1539,2786 1565,2784 1590,2784 1616,2783 1641,2783 1667,2783 1692,2783 1718,2782 1744,2782"/>
                <TextEquiv>
                    <Unicode>) im Voraus.</Unicode>
                </TextEquiv>
            </TextLine>
            <TextLine id="r1l33" custom="readingOrder {index:32;}">
                <Coords points="346,2807 377,2806 386,2815 424,2799 451,2807 474,2796 507,2807 513,2801 534,2803 533,2751 450,2753 437,2741 419,2737 380,2765 345,2766"/>
                <Baseline points="355,2791 383,2789 411,2787 439,2786 467,2786 495,2786 523,2787"/>
                <TextEquiv>
                    <Unicode>„ 1000</Unicode>
                </TextEquiv>
            </TextLine>
            <TextLine id="r1l34" custom="readingOrder {index:33;}">
                <Coords points="549,2795 1773,2865 1775,2815 1662,2796 550,2772"/>
                <Baseline points="559,2803 619,2806 679,2809 739,2811 799,2813 860,2816 920,2818 980,2821 1040,2824 1100,2825 1161,2828 1221,2831 1281,2832 1341,2835 1401,2837 1462,2839 1522,2841 1582,2843 1642,2846 1702,2848 1763,2850"/>
                <TextEquiv>
                    <Unicode>den Burgtheaterdirektor Dr. Schleuther können näm- hehnitte ist das</Unicode>
                </TextEquiv>
            </TextLine>
            <TextLine id="r1l35" custom="readingOrder {index:34;}">
                <Coords points="429,2839 445,2841 451,2835 464,2845 478,2841 491,2847 515,2846 526,2838 536,2838 536,2815 525,2815 515,2807 509,2809 505,2805 488,2803 476,2795 455,2802 447,2810 428,2810"/>
                <Baseline points="439,2835 467,2833 496,2834 525,2833"/>
                <TextEquiv>
                    <Unicode>Im</Unicode>
                </TextEquiv>
            </TextLine>
            <TextLine id="r1l36" custom="readingOrder {index:35;}">
                <Coords points="545,2850 1724,2916 1778,2860 847,2838 547,2794"/>
                <Baseline points="555,2850 615,2852 676,2855 736,2857 797,2860 858,2862 918,2864 979,2867 1039,2869 1100,2871 1161,2873 1221,2876 1282,2878 1342,2879 1403,2881 1464,2883 1524,2885 1585,2887 1645,2889 1706,2890 1767,2891"/>
                <TextEquiv>
                    <Unicode>lich seine Stücke an der Hofbühne nicht mehr auf= sieh sicht es den</Unicode>
                </TextEquiv>
            </TextLine>
            <TextLine id="r1l37" custom="readingOrder {index:36;}">
                <Coords points="322,2879 1632,2963 1645,2905 324,2836"/>
                <Baseline points="332,2865 397,2872 462,2878 527,2885 592,2890 657,2894 722,2899 787,2902 852,2906 917,2909 982,2912 1047,2914 1112,2916 1177,2918 1242,2919 1307,2920 1372,2921 1437,2923 1502,2924 1567,2925 1633,2926"/>
                <TextEquiv>
                    <Unicode>Abonnement geführt werden, und das Berliner Deutsche Theater su ändern.</Unicode>
                </TextEquiv>
            </TextLine>
            <TextLine id="r1l38" custom="readingOrder {index:37;}">
                <Coords points="307,2913 356,2917 377,2930 400,2918 420,2929 433,2921 443,2931 484,2919 500,2936 515,2936 563,2910 577,2912 577,2896 534,2883 410,2887 361,2876 340,2886 307,2875"/>
                <Baseline points="317,2912 342,2911 367,2911 392,2911 417,2911 442,2911 467,2912 492,2913 517,2913 542,2914 567,2915"/>
                <TextEquiv>
                    <Unicode>Abonnenten</Unicode>
                </TextEquiv>
            </TextLine>
            <TextLine id="r1l39" custom="readingOrder {index:38;}">
                <Coords points="547,2950 987,2948 1450,2992 1452,2943 548,2909"/>
                <Baseline points="558,2938 602,2940 646,2941 690,2943 734,2944 778,2946 822,2948 866,2949 910,2951 954,2953 999,2955 1043,2956 1087,2958 1131,2959 1175,2960 1219,2962 1263,2962 1307,2964 1351,2964 1395,2965 1440,2965"/>
                <TextEquiv>
                    <Unicode>hatte sich für Wien das Aufführungsrecht gewahrt.</Unicode>
                </TextEquiv>
            </TextLine>
            <TextLine id="r1l40" custom="readingOrder {index:39;}">
                <Coords points="437,2997 450,2998 462,3008 476,3008 480,3004 518,3007 530,2999 534,3003 544,3003 545,2964 530,2959 514,2961 510,2957 502,2961 479,2953 466,2965 456,2956 438,2958"/>
                <Baseline points="447,2994 476,2996 505,2995 535,2996"/>
                <TextEquiv>
                    <Unicode>Der</Unicode>
                </TextEquiv>
            </TextLine>
            <TextLine id="r1l41" custom="readingOrder {index:40;}">
                <Coords points="543,2997 1773,3021 1774,2959 1731,2952 1518,2984 544,2952"/>
                <Baseline points="554,2979 614,2982 674,2984 735,2988 795,2990 856,2992 916,2995 977,2998 1037,3000 1098,3002 1158,3004 1218,3005 1279,3007 1339,3008 1400,3009 1460,3010 1521,3010 1581,3010 1642,3010 1702,3009 1763,3008"/>
                <TextEquiv>
                    <Unicode>Der ganze Abend war eine Demonstration für Schnitz= k enthaltend die</Unicode>
                </TextEquiv>
            </TextLine>
            <TextLine id="r1l42" custom="readingOrder {index:41;}">
                <Coords points="303,3039 1146,3041 1434,3090 1435,3026 1363,3014 304,3004"/>
                <Baseline points="313,3039 368,3036 424,3034 479,3033 535,3032 590,3032 646,3033 701,3033 757,3034 812,3036 868,3037 923,3040 979,3041 1034,3044 1090,3046 1145,3047 1201,3050 1256,3051 1312,3053 1367,3054 1423,3055"/>
                <TextEquiv>
                    <Unicode>Inhaltsangg ler. Sämtliche Einakter, besonders aber die „letzten</Unicode>
                </TextEquiv>
            </TextLine>
            <TextLine id="r1l43" custom="readingOrder {index:42;}">
                <Coords points="1430,3052 1485,3048 1504,3061 1557,3062 1580,3050 1675,3064 1683,3055 1760,3054 1760,3021 1430,3019"/>
                <Baseline points="1440,3047 1465,3048 1491,3048 1517,3049 1543,3051 1569,3052 1595,3052 1620,3053 1646,3054 1672,3053 1698,3053 1724,3051 1750,3048"/>
                <TextEquiv>
                    <Unicode>ler Morgen¬</Unicode>
                </TextEquiv>
            </TextLine>
            <TextLine id="r1l44" custom="readingOrder {index:43;}">
                <Coords points="307,3096 1115,3081 1213,3106 1268,3078 1147,3041 309,3038"/>
                <Baseline points="319,3076 365,3075 412,3074 459,3074 506,3074 553,3074 600,3074 647,3075 694,3076 741,3077 788,3078 834,3079 881,3081 928,3082 975,3084 1022,3085 1069,3086 1116,3088 1163,3089 1210,3090 1257,3091"/>
                <TextEquiv>
                    <Unicode>blätter Masku“##rrangen einen grosen Erfolg.</Unicode>
                </TextEquiv>
            </TextLine>
            <TextLine id="r1l45" custom="readingOrder {index:44;}">
                <Coords points="1420,3097 1680,3092 1696,3103 1713,3092 1723,3103 1773,3103 1773,3049 1661,3064 1583,3051 1500,3060 1486,3049 1420,3051"/>
                <Baseline points="1431,3085 1456,3085 1482,3086 1507,3087 1533,3088 1558,3089 1584,3090 1609,3091 1635,3091 1660,3091 1686,3089 1711,3087 1737,3084 1763,3079"/>
                <TextEquiv>
                    <Unicode>WWViener Zeitung")</Unicode>
                </TextEquiv>
            </TextLine>
            <TextLine id="r1l46" custom="readingOrder {index:45;}">
                <Coords points="321,3109 1772,3132 1714,3092 321,3082"/>
                <Baseline points="331,3112 402,3113 474,3115 545,3116 617,3117 688,3118 760,3119 831,3121 903,3122 974,3123 1046,3123 1117,3124 1189,3125 1260,3125 1332,3125 1403,3125 1475,3125 1546,3125 1618,3125 1689,3124 1761,3124"/>
                <TextEquiv>
                    <Unicode>wodurch eine Uebersicht über das gesammte pölitische und wirthschaftliche</Unicode>
                </TextEquiv>
            </TextLine>
            <TextLine id="r1l47" custom="readingOrder {index:46;}">
                <Coords points="311,3159 1553,3187 1768,3179 1787,3133 311,3109"/>
                <Baseline points="322,3151 394,3152 467,3154 540,3155 613,3156 685,3157 758,3159 831,3159 904,3161 976,3162 1049,3162 1122,3163 1195,3164 1267,3164 1340,3165 1413,3165 1486,3166 1558,3166 1631,3166 1704,3166 1777,3166"/>
                <TextEquiv>
                    <Unicode>Leben des In- und Auslandes in drastischer Kürze geboten wird. Diese Mit¬</Unicode>
                </TextEquiv>
            </TextLine>
            <TextLine id="r1l48" custom="readingOrder {index:47;}">
                <Coords points="307,3209 1358,3200 1280,3162 308,3163"/>
                <Baseline points="317,3195 368,3195 420,3195 471,3196 523,3196 574,3196 626,3197 677,3197 729,3198 780,3198 832,3199 883,3199 935,3200 986,3201 1038,3202 1089,3202 1141,3203 1192,3204 1244,3204 1295,3205 1347,3206"/>
                <TextEquiv>
                    <Unicode>theilungen werden in Wien um 9 Uhr Früh verschickt.</Unicode>
                </TextEquiv>
            </TextLine>
            <TextLine id="r1l49" custom="readingOrder {index:48;}">
                <Coords points="638,3292 1014,3327 1166,3328 1218,3296 1334,3328 1416,3300 1417,3258 1299,3236 1167,3270 1074,3247 639,3255"/>
                <Baseline points="649,3292 686,3293 724,3293 762,3294 800,3294 838,3295 876,3295 913,3296 951,3296 989,3297 1027,3297 1065,3298 1103,3298 1141,3298 1178,3299 1216,3299 1254,3299 1292,3299 1330,3299 1368,3299 1406,3299"/>
                <TextEquiv>
                    <Unicode>Prospecte graris und franco.</Unicode>
                </TextEquiv>
            </TextLine>
            <TextEquiv>
                <Unicode>U S
16.1. Lebendige Stunden zvks
Telephon 12801.
Alex. Weigl's Unternehmen für Zeitungs-Ausschnitte
Ausschnitt
„OBSERTER“
Nr. 44
I. österr. behördl. conc. Bureau für Zeitungsberichte u. Personalnachrichten
Wien, IX/1, Türkenstrasse 17.
— Filiale in Budapest: „Figyelö“ -
Vertretungen in Berlin, Chicago, Genf, London, Newyork, Paris, Rom, Stochholm.
Ausschnitt aus zoertza
vom772
Das „Deutsche Theater“ in Wien. Im
Witen Larltheater eröffnete ein Teil der Truppe
ditesigen Deutschen Theat ers mit Schnitzlers „L¬
bendigen Stunden“ sein auf mehrere Wochen be¬
rechnetes Gastspiel. Wie uns unser Wiener Korre¬
spondent telegraphiert, war seit Tagen kein Sitz
mehr zu haben, da man nicht bloß dem Berliner
Ensemble, sondern insbesondere dem Autor Arthur
Schnitzler, der Wiener ist, das größte Inter¬
Für 50 ¼ esse entgegenbrachte. Infolge der aus dem Vor¬
inclusive
jahre bekannten Konflikte Schnitzlers, die er wegen
Porto.
200
seiner Novelle „Leutnant Gustl“ mit Hof= und Mi¬
Zahlbar
500
litärkreisen hatte, sowie wegen seiner Fehde gegen
) im Voraus.
„ 1000
den Burgtheaterdirektor Dr. Schleuther können näm- hehnitte ist das
Im
lich seine Stücke an der Hofbühne nicht mehr auf= sieh sicht es den
Abonnement geführt werden, und das Berliner Deutsche Theater su ändern.
Abonnenten
hatte sich für Wien das Aufführungsrecht gewahrt.
Der
Der ganze Abend war eine Demonstration für Schnitz= k enthaltend die
Inhaltsangg ler. Sämtliche Einakter, besonders aber die „letzten
ler Morgen¬
blätter Masku“##rrangen einen grosen Erfolg.
WWViener Zeitung")
wodurch eine Uebersicht über das gesammte pölitische und wirthschaftliche
Leben des In- und Auslandes in drastischer Kürze geboten wird. Diese Mit¬
theilungen werden in Wien um 9 Uhr Früh verschickt.
Prospecte graris und franco.</Unicode>
            </TextEquiv>
        </TextRegion>
        <TextRegion orientation="0.0" id="r2" custom="readingOrder {index:1;}">
            <Coords points="1895,228 1895,3685 3339,3685 3339,228"/>
            <TextLine id="r2l1" custom="readingOrder {index:0;}">
                <Coords points="2130,266 2295,271 2399,256 2415,269 2535,267 2578,249 2579,209 2494,192 2457,220 2434,199 2383,196 2319,220 2239,190 2218,202 2131,188"/>
                <Baseline points="2140,250 2165,249 2190,250 2215,250 2240,250 2265,251 2291,252 2316,252 2341,253 2366,254 2391,254 2416,255 2442,255 2467,256 2492,255 2517,255 2542,254 2568,253"/>
                <TextEquiv>
                    <Unicode>box 21/3</Unicode>
                </TextEquiv>
            </TextLine>
            <TextLine id="r2l2" custom="readingOrder {index:1;}">
                <Coords points="2392,1111 2850,1108 2850,1063 2801,1037 2685,1042 2655,1028 2452,1048 2393,1025"/>
                <Baseline points="2403,1082 2428,1082 2454,1082 2479,1083 2505,1083 2531,1083 2556,1084 2582,1084 2608,1084 2633,1084 2659,1084 2685,1084 2710,1085 2736,1085 2762,1086 2787,1086 2813,1087 2839,1088"/>
                <TextEquiv>
                    <Unicode>Telephon 12801.</Unicode>
                </TextEquiv>
            </TextLine>
            <TextLine id="r2l3" custom="readingOrder {index:2;}">
                <Coords points="2009,1202 3235,1204 3254,1144 2211,1120 2009,1166"/>
                <Baseline points="2019,1185 2080,1184 2141,1183 2202,1183 2263,1183 2325,1182 2386,1182 2447,1182 2508,1182 2569,1181 2631,1181 2692,1181 2753,1181 2814,1181 2875,1181 2937,1181 2998,1181 3059,1181 3120,1181 3181,1180 3243,1180"/>
                <TextEquiv>
                    <Unicode>Llex. Weigl’s Unternehmen für Zeitungs-Ausschnitte</Unicode>
                </TextEquiv>
            </TextLine>
            <TextLine id="r2l4" custom="readingOrder {index:3;}">
                <Coords points="3012,1259 3054,1264 3066,1253 3119,1242 3157,1262 3177,1253 3212,1255 3225,1244 3245,1246 3245,1205 3224,1207 3189,1187 3158,1200 3102,1185 3092,1191 3063,1187 3038,1202 3011,1203"/>
                <Baseline points="3023,1239 3049,1236 3076,1235 3102,1235 3129,1235 3155,1235 3182,1235 3208,1234 3235,1231"/>
                <TextEquiv>
                    <Unicode>Ausschnitt</Unicode>
                </TextEquiv>
            </TextLine>
            <TextLine id="r2l5" custom="readingOrder {index:4;}">
                <Coords points="2244,1320 2309,1335 2382,1304 2711,1331 2832,1307 2909,1318 2908,1262 2847,1237 2819,1258 2785,1242 2749,1266 2576,1281 2507,1245 2472,1267 2420,1241 2352,1266 2321,1248 2244,1285"/>
                <Baseline points="2254,1316 2286,1313 2318,1310 2350,1308 2382,1307 2415,1305 2447,1303 2479,1303 2511,1302 2543,1301 2576,1300 2608,1300 2640,1299 2672,1299 2704,1298 2737,1298 2769,1298 2801,1298 2833,1297 2865,1297 2898,1296"/>
                <TextEquiv>
                    <Unicode>„OBSENVEN</Unicode>
                </TextEquiv>
            </TextLine>
            <TextLine id="r2l6" custom="readingOrder {index:5;}">
                <Coords points="3069,1307 3146,1332 3201,1311 3226,1323 3257,1321 3267,1331 3313,1331 3312,1246 3275,1249 3255,1263 3232,1253 3201,1255 3174,1270 3133,1247 3106,1247 3069,1264"/>
                <Baseline points="3080,1309 3107,1310 3135,1310 3163,1310 3191,1309 3218,1309 3246,1309 3274,1309 3302,1309"/>
                <TextEquiv>
                    <Unicode>Nr. 14</Unicode>
                </TextEquiv>
            </TextLine>
            <TextLine id="r2l7" custom="readingOrder {index:6;}">
                <Coords points="1884,1407 3343,1377 3343,1334 3252,1320 1884,1328"/>
                <Baseline points="1895,1379 1966,1378 2038,1377 2110,1376 2182,1375 2254,1375 2326,1374 2397,1374 2469,1373 2541,1373 2613,1373 2685,1373 2757,1372 2829,1372 2900,1372 2972,1372 3044,1371 3116,1370 3188,1370 3260,1369 3332,1368"/>
                <TextEquiv>
                    <Unicode>I. österr. behördl. conc. Bureau für Zeitungsberichte u. Personalnachrichten</Unicode>
                </TextEquiv>
            </TextLine>
            <TextLine id="r2l8" custom="readingOrder {index:7;}">
                <Coords points="2126,1459 2925,1467 3024,1442 3069,1466 3141,1456 3141,1388 2126,1391"/>
                <Baseline points="2137,1445 2186,1444 2236,1444 2286,1444 2335,1443 2385,1443 2435,1443 2484,1442 2534,1442 2584,1441 2634,1441 2683,1441 2733,1440 2783,1440 2832,1440 2882,1440 2932,1441 2981,1441 3031,1442 3081,1443 3131,1444"/>
                <TextEquiv>
                    <Unicode>Wien, IX/1, Türkenstrasse 17.</Unicode>
                </TextEquiv>
            </TextLine>
            <TextLine id="r2l9" custom="readingOrder {index:8;}">
                <Coords points="2308,1524 2337,1506 2818,1523 2906,1496 2950,1514 2949,1463 2906,1455 2848,1474 2780,1456 2739,1479 2685,1460 2466,1482 2425,1460 2307,1469"/>
                <Baseline points="2319,1511 2350,1509 2381,1508 2412,1507 2443,1507 2474,1506 2505,1506 2536,1506 2567,1507 2598,1507 2629,1507 2660,1507 2691,1507 2722,1507 2753,1507 2784,1507 2815,1507 2846,1506 2877,1505 2908,1503 2940,1502"/>
                <TextEquiv>
                    <Unicode> Filiale ir Budapest: „Figyelö“-</Unicode>
                </TextEquiv>
            </TextLine>
            <TextLine id="r2l10" custom="readingOrder {index:9;}">
                <Coords points="1894,1573 3217,1587 3341,1577 3341,1511 1894,1540"/>
                <Baseline points="1905,1575 1976,1573 2047,1571 2118,1570 2190,1569 2261,1569 2332,1569 2403,1569 2475,1569 2546,1570 2617,1570 2688,1571 2760,1571 2831,1572 2902,1572 2973,1572 3045,1572 3116,1572 3187,1571 3258,1569 3330,1568"/>
                <TextEquiv>
                    <Unicode>Vertretungen in Berlin, Chicago, Genf, London, Newyork, Paris, Rom, Stockholm.</Unicode>
                </TextEquiv>
            </TextLine>
            <TextLine id="r2l11" custom="readingOrder {index:10;}">
                <Coords points="1895,1723 2246,1720 2306,1742 2341,1719 2434,1715 2433,1662 2340,1651 2309,1676 2210,1650 2138,1676 1895,1681"/>
                <Baseline points="1905,1717 1932,1716 1959,1716 1986,1715 2014,1715 2041,1714 2068,1714 2096,1713 2123,1713 2150,1712 2178,1712 2205,1712 2232,1712 2260,1711 2287,1711 2314,1711 2342,1710 2369,1710 2396,1710 2424,1710"/>
                <TextEquiv>
                    <Unicode>Ausschnitt aus:</Unicode>
                </TextEquiv>
            </TextLine>
            <TextLine id="r2l12" custom="readingOrder {index:11;}">
                <Coords points="1915,1862 2062,1880 2286,1838 2460,1837 2453,1761 2413,1756 2357,1772 2257,1764 2229,1784 2184,1767 2150,1805 2096,1821 1910,1809"/>
                <Baseline points="1925,1853 1951,1855 1977,1855 2003,1855 2029,1854 2055,1853 2081,1851 2108,1848 2134,1845 2160,1842 2186,1838 2212,1835 2238,1832 2264,1828 2291,1826 2317,1822 2343,1821 2369,1819 2395,1818 2421,1818 2448,1818"/>
                <TextEquiv>
                    <Unicode>voma: #/877/1</Unicode>
                </TextEquiv>
            </TextLine>
            <TextLine id="r2l13" custom="readingOrder {index:12;}">
                <Coords points="2173,2125 2679,2156 3214,2129 3163,2095 2893,2077 2174,2078"/>
                <Baseline points="2184,2124 2235,2126 2286,2128 2337,2130 2388,2132 2439,2133 2490,2135 2541,2136 2592,2137 2643,2138 2694,2139 2745,2140 2796,2141 2847,2142 2898,2142 2949,2143 3000,2143 3051,2144 3102,2144 3153,2144 3204,2145"/>
                <TextEquiv>
                    <Unicode>Carl=Theater. Das Ensemble des Bertiner</Unicode>
                </TextEquiv>
            </TextLine>
            <TextLine id="r2l14" custom="readingOrder {index:13;}">
                <Coords points="2140,2166 3153,2196 3176,2163 2140,2141"/>
                <Baseline points="2149,2164 2199,2165 2250,2166 2301,2168 2352,2170 2403,2171 2453,2172 2504,2173 2555,2175 2606,2176 2657,2177 2707,2178 2758,2179 2809,2180 2860,2180 2911,2181 2961,2181 3012,2182 3063,2182 3114,2183 3165,2183"/>
                <TextEquiv>
                    <Unicode>Deutschen Theaters hat gestern hier seine Spielerei¬</Unicode>
                </TextEquiv>
            </TextLine>
            <TextLine id="r2l15" custom="readingOrder {index:14;}">
                <Coords points="2127,2202 3167,2231 3167,2194 3108,2184 2127,2169"/>
                <Baseline points="2138,2203 2188,2205 2239,2206 2290,2207 2341,2208 2392,2210 2443,2211 2494,2212 2545,2213 2596,2214 2647,2215 2697,2215 2748,2216 2799,2217 2850,2218 2901,2219 2952,2220 3003,2221 3054,2222 3105,2223 3156,2224"/>
                <TextEquiv>
                    <Unicode>schachtel geöffnet und uns eine Serie Arthur Schnitz¬</Unicode>
                </TextEquiv>
            </TextLine>
            <TextLine id="r2l16" custom="readingOrder {index:15;}">
                <Coords points="2133,2241 3175,2272 3162,2220 2134,2204"/>
                <Baseline points="2144,2237 2195,2239 2246,2242 2297,2245 2348,2246 2399,2249 2450,2250 2501,2251 2552,2253 2603,2254 2654,2255 2705,2256 2756,2257 2807,2258 2858,2258 2909,2259 2960,2259 3011,2260 3062,2260 3113,2260 3165,2260"/>
                <TextEquiv>
                    <Unicode>ler'scher „iguren gezeigt, welche angeblich beweisen sollen,</Unicode>
                </TextEquiv>
            </TextLine>
            <TextLine id="r2l17" custom="readingOrder {index:16;}">
                <Coords points="2130,2284 3155,2311 3171,2272 2131,2239"/>
                <Baseline points="2140,2276 2193,2279 2247,2282 2300,2284 2354,2286 2408,2287 2461,2289 2515,2290 2569,2291 2622,2292 2676,2292 2729,2293 2783,2294 2837,2294 2890,2295 2944,2296 2998,2297 3051,2298 3105,2299 3159,2301"/>
                <TextEquiv>
                    <Unicode>daß er an Kunstfertigkeit immer vorwärtsschreite. Sein</Unicode>
                </TextEquiv>
            </TextLine>
            <TextLine id="r2l18" custom="readingOrder {index:17;}">
                <Coords points="2126,2314 3171,2330 3169,2305 3056,2293 2127,2281"/>
                <Baseline points="2137,2316 2188,2317 2239,2318 2290,2319 2341,2321 2393,2322 2444,2323 2495,2324 2546,2325 2597,2326 2649,2328 2700,2329 2751,2330 2802,2331 2853,2332 2905,2332 2956,2333 3007,2334 3058,2334 3109,2334 3161,2334"/>
                <TextEquiv>
                    <Unicode>Talent in allen Ehren. Er steckt viel Gefälliges und schein¬</Unicode>
                </TextEquiv>
            </TextLine>
            <TextLine id="r2l19" custom="readingOrder {index:18;}">
                <Coords points="2131,2363 3094,2380 3167,2355 3155,2328 2841,2349 2131,2311"/>
                <Baseline points="2140,2353 2190,2354 2241,2356 2292,2357 2343,2358 2394,2359 2444,2361 2495,2362 2546,2364 2597,2365 2648,2365 2698,2367 2749,2368 2800,2368 2851,2369 2902,2370 2952,2370 3003,2370 3054,2370 3105,2370 3156,2370"/>
                <TextEquiv>
                    <Unicode>bar Lebendiges in seinen „Lebendigen Stunden“</Unicode>
                </TextEquiv>
            </TextLine>
            <TextLine id="r2l20" custom="readingOrder {index:19;}">
                <Coords points="2124,2394 3162,2413 3162,2387 3065,2370 2124,2361"/>
                <Baseline points="2135,2390 2185,2391 2236,2392 2287,2394 2338,2395 2389,2396 2439,2398 2490,2399 2541,2400 2592,2401 2643,2402 2693,2403 2744,2404 2795,2405 2846,2406 2897,2407 2947,2407 2998,2407 3049,2408 3100,2408 3151,2408"/>
                <TextEquiv>
                    <Unicode>die (als vier Einakter) übrigens keinen inneren Zusammen¬</Unicode>
                </TextEquiv>
            </TextLine>
            <TextLine id="r2l21" custom="readingOrder {index:20;}">
                <Coords points="2128,2432 3083,2462 3173,2433 2129,2395"/>
                <Baseline points="2138,2429 2189,2430 2240,2432 2291,2433 2343,2434 2394,2435 2445,2436 2496,2437 2548,2438 2599,2439 2650,2440 2701,2441 2753,2442 2804,2443 2855,2444 2906,2444 2958,2445 3009,2446 3060,2447 3111,2448 3163,2448"/>
                <TextEquiv>
                    <Unicode>hang besitzen, aber es sind novellistische Skizzen, gesprochene</Unicode>
                </TextEquiv>
            </TextLine>
            <TextLine id="r2l22" custom="readingOrder {index:21;}">
                <Coords points="2130,2473 2996,2504 3141,2496 3169,2437 2131,2442"/>
                <Baseline points="2140,2466 2190,2468 2241,2469 2292,2470 2343,2471 2394,2472 2445,2473 2496,2475 2547,2476 2598,2477 2649,2478 2699,2479 2750,2480 2801,2481 2852,2482 2903,2482 2954,2483 3005,2484 3056,2484 3107,2485 3158,2486"/>
                <TextEquiv>
                    <Unicode>Feuilletons, deren dramatische Kraft von den Zufälligkeiten</Unicode>
                </TextEquiv>
            </TextLine>
            <TextLine id="r2l23" custom="readingOrder {index:22;}">
                <Coords points="2119,2509 3161,2522 3149,2488 2639,2500 2120,2462"/>
                <Baseline points="2130,2501 2181,2503 2232,2506 2283,2508 2334,2509 2385,2511 2436,2512 2487,2513 2538,2514 2589,2515 2640,2516 2691,2517 2742,2517 2793,2518 2844,2519 2895,2520 2946,2521 2997,2523 3048,2524 3099,2525 3151,2528"/>
                <TextEquiv>
                    <Unicode>der Darstellung abhängt. Wenn der Autor sexuelle</Unicode>
                </TextEquiv>
            </TextLine>
            <TextLine id="r2l24" custom="readingOrder {index:23;}">
                <Coords points="2119,2538 3171,2571 3172,2515 2119,2520"/>
                <Baseline points="2130,2539 2181,2542 2233,2545 2284,2547 2336,2548 2387,2550 2439,2551 2490,2552 2542,2553 2593,2554 2645,2555 2697,2555 2748,2556 2800,2556 2851,2557 2903,2557 2954,2558 3006,2558 3057,2559 3109,2560 3161,2561"/>
                <TextEquiv>
                    <Unicode>Blähungen hat, ist er witzig; wenn er ernste Gedanten</Unicode>
                </TextEquiv>
            </TextLine>
            <TextLine id="r2l25" custom="readingOrder {index:24;}">
                <Coords points="2127,2589 3163,2597 3163,2560 2127,2560"/>
                <Baseline points="2138,2586 2188,2586 2239,2586 2290,2586 2341,2586 2391,2587 2442,2588 2493,2589 2544,2590 2594,2591 2645,2592 2696,2593 2747,2594 2797,2595 2848,2596 2899,2596 2950,2597 3000,2597 3051,2597 3102,2596 3153,2596"/>
                <TextEquiv>
                    <Unicode>zu prägen vorgibt, so ist er entweder langweilig oder</Unicode>
                </TextEquiv>
            </TextLine>
            <TextLine id="r2l26" custom="readingOrder {index:25;}">
                <Coords points="1894,2624 1907,2627 1919,2620 1938,2633 1942,2629 1950,2631 1960,2621 1973,2623 1993,2617 2022,2621 2023,2578 2008,2582 1977,2567 1971,2569 1963,2561 1934,2571 1926,2569 1909,2579 1895,2577"/>
                <Baseline points="1904,2612 1931,2610 1958,2610 1985,2611 2012,2612"/>
                <TextEquiv>
                    <Unicode>Für</Unicode>
                </TextEquiv>
            </TextLine>
            <TextLine id="r2l27" custom="readingOrder {index:26;}">
                <Coords points="2022,2605 2865,2649 3324,2623 3250,2584 2022,2578"/>
                <Baseline points="2033,2610 2097,2614 2161,2616 2225,2620 2289,2622 2353,2624 2417,2626 2481,2629 2545,2630 2609,2631 2673,2632 2737,2633 2801,2634 2865,2634 2929,2634 2993,2634 3057,2634 3121,2633 3185,2633 3249,2631 3313,2630"/>
                <TextEquiv>
                    <Unicode>50 : phrasenhaft. Einen vollwerthigen künstlerischen Eindruck lclusive</Unicode>
                </TextEquiv>
            </TextLine>
            <TextLine id="r2l28" custom="readingOrder {index:27;}">
                <Coords points="2010,2655 2023,2655 2029,2662 2041,2654 2095,2655 2107,2666 2119,2666 2120,2629 2108,2629 2094,2618 2075,2618 2071,2613 2057,2619 2049,2613 2038,2615 2032,2621 2030,2618 2028,2621 2011,2620"/>
                <Baseline points="2020,2649 2050,2647 2080,2648 2110,2651"/>
                <TextEquiv>
                    <Unicode>100</Unicode>
                </TextEquiv>
            </TextLine>
            <TextLine id="r2l29" custom="readingOrder {index:28;}">
                <Coords points="3154,2682 3166,2683 3177,2673 3206,2677 3218,2668 3222,2673 3239,2672 3249,2678 3265,2678 3274,2670 3296,2670 3296,2639 3265,2635 3242,2641 3215,2633 3207,2642 3195,2642 3166,2626 3153,2626"/>
                <Baseline points="3165,2669 3195,2668 3226,2667 3256,2668 3287,2667"/>
                <TextEquiv>
                    <Unicode>Porto.</Unicode>
                </TextEquiv>
            </TextLine>
            <TextLine id="r2l30" custom="readingOrder {index:29;}">
                <Coords points="2121,2657 3155,2679 3141,2639 2122,2624"/>
                <Baseline points="2131,2658 2181,2659 2232,2660 2283,2660 2333,2662 2384,2662 2435,2664 2485,2665 2536,2666 2587,2667 2638,2668 2688,2669 2739,2670 2790,2671 2840,2672 2891,2673 2942,2674 2992,2674 3043,2675 3094,2675 3145,2676"/>
                <TextEquiv>
                    <Unicode>machen seine Sachen ano nicht. Unter den modernen</Unicode>
                </TextEquiv>
            </TextLine>
            <TextLine id="r2l31" custom="readingOrder {index:30;}">
                <Coords points="2015,2690 2027,2690 2035,2699 2040,2695 2058,2693 2102,2693 2106,2689 2118,2689 2119,2666 2107,2666 2095,2655 2039,2655 2035,2659 2016,2659"/>
                <Baseline points="2026,2689 2053,2687 2080,2689 2108,2691"/>
                <TextEquiv>
                    <Unicode>200</Unicode>
                </TextEquiv>
            </TextLine>
            <TextLine id="r2l32" custom="readingOrder {index:31;}">
                <Coords points="2129,2701 3153,2733 3296,2685 2130,2678"/>
                <Baseline points="2140,2697 2197,2697 2254,2698 2311,2699 2369,2700 2426,2701 2483,2703 2540,2704 2598,2705 2655,2706 2712,2708 2769,2709 2827,2710 2884,2711 2941,2711 2998,2711 3056,2711 3113,2711 3170,2710 3227,2708 3285,2706"/>
                <TextEquiv>
                    <Unicode>„Dichtern“, die heute die Theaterdirektoren im Sacke haben, jahlbar</Unicode>
                </TextEquiv>
            </TextLine>
            <TextLine id="r2l33" custom="readingOrder {index:32;}">
                <Coords points="2006,2728 2033,2730 2037,2734 2051,2733 2057,2729 2062,2733 2101,2732 2100,2695 2081,2695 2075,2691 2073,2694 2052,2696 2036,2692 2030,2699 2005,2706"/>
                <Baseline points="2017,2727 2054,2724 2091,2725"/>
                <TextEquiv>
                    <Unicode>500</Unicode>
                </TextEquiv>
            </TextLine>
            <TextLine id="r2l34" custom="readingOrder {index:33;}">
                <Coords points="2128,2740 3137,2762 3163,2711 2129,2701"/>
                <Baseline points="2138,2732 2188,2734 2239,2735 2289,2736 2340,2737 2391,2738 2441,2739 2492,2740 2543,2741 2593,2742 2644,2743 2695,2744 2745,2745 2796,2746 2847,2746 2897,2747 2948,2748 2999,2749 3049,2749 3100,2750 3151,2751"/>
                <TextEquiv>
                    <Unicode>ist Schnitzler trotz Alledem aber einer der gewandtesten</Unicode>
                </TextEquiv>
            </TextLine>
            <TextLine id="r2l35" custom="readingOrder {index:34;}">
                <Coords points="3161,2757 3192,2763 3202,2755 3217,2769 3237,2767 3254,2751 3276,2763 3285,2757 3305,2765 3328,2763 3328,2711 3280,2709 3270,2718 3256,2713 3241,2720 3231,2713 3214,2718 3206,2711 3161,2716"/>
                <Baseline points="3172,2746 3201,2745 3230,2746 3259,2746 3288,2746 3318,2744"/>
                <TextEquiv>
                    <Unicode>Voraus.</Unicode>
                </TextEquiv>
            </TextLine>
            <TextLine id="r2l36" custom="readingOrder {index:35;}">
                <Coords points="1929,2768 1971,2784 2001,2770 2030,2777 2036,2772 2074,2787 2082,2780 2091,2786 2111,2780 2108,2729 2036,2735 2017,2728 1993,2733 1979,2745 1968,2741 1948,2753 1938,2745 1927,2746"/>
                <Baseline points="1939,2775 1966,2772 1993,2769 2020,2767 2047,2765 2074,2765 2101,2767"/>
                <TextEquiv>
                    <Unicode>„ 1000</Unicode>
                </TextEquiv>
            </TextLine>
            <TextLine id="r2l37" custom="readingOrder {index:36;}">
                <Coords points="2130,2769 3153,2795 3154,2760 3088,2752 2131,2738"/>
                <Baseline points="2140,2773 2190,2773 2240,2773 2290,2774 2340,2775 2390,2775 2440,2777 2491,2778 2541,2779 2591,2780 2641,2781 2691,2783 2741,2784 2791,2785 2842,2787 2892,2788 2942,2789 2992,2789 3042,2790 3092,2790 3143,2790"/>
                <TextEquiv>
                    <Unicode>und talentirtesten. Die sehr guten Kräfte des „Deutschen</Unicode>
                </TextEquiv>
            </TextLine>
            <TextLine id="r2l38" custom="readingOrder {index:37;}">
                <Coords points="3170,2826 3201,2819 3228,2827 3248,2814 3265,2813 3292,2823 3341,2818 3340,2756 3327,2756 3319,2765 3311,2761 3295,2776 3278,2778 3257,2766 3237,2775 3210,2763 3187,2783 3179,2774 3169,2775"/>
                <Baseline points="3181,2812 3206,2814 3231,2814 3256,2814 3281,2812 3306,2811 3331,2809"/>
                <TextEquiv>
                    <Unicode>ist das</Unicode>
                </TextEquiv>
            </TextLine>
            <TextLine id="r2l39" custom="readingOrder {index:38;}">
                <Coords points="2034,2828 2050,2826 2054,2828 2062,2821 2088,2830 2102,2827 2099,2782 2076,2783 2074,2786 2055,2776 2051,2781 2049,2779 2030,2780"/>
                <Baseline points="2044,2816 2091,2813"/>
                <TextEquiv>
                    <Unicode>Im</Unicode>
                </TextEquiv>
            </TextLine>
            <TextLine id="r2l40" custom="readingOrder {index:39;}">
                <Coords points="2125,2803 3159,2827 3160,2790 2126,2778"/>
                <Baseline points="2136,2808 2186,2810 2237,2811 2287,2813 2338,2814 2389,2815 2439,2816 2490,2817 2541,2819 2591,2820 2642,2820 2693,2821 2743,2822 2794,2823 2845,2824 2895,2825 2946,2825 2997,2826 3047,2827 3098,2828 3149,2829"/>
                <TextEquiv>
                    <Unicode>Theaters“ liehen ihm gestern ihre volle Unterstützung und</Unicode>
                </TextEquiv>
            </TextLine>
            <TextLine id="r2l41" custom="readingOrder {index:40;}">
                <Coords points="1897,2855 1928,2867 1944,2859 1979,2865 2002,2859 2014,2867 2091,2859 2122,2873 2122,2826 2014,2828 1969,2795 1915,2834 1897,2838"/>
                <Baseline points="1907,2855 1932,2854 1958,2854 1983,2854 2009,2854 2034,2855 2060,2855 2085,2854 2111,2853"/>
                <TextEquiv>
                    <Unicode>Abonneme</Unicode>
                </TextEquiv>
            </TextLine>
            <TextLine id="r2l42" custom="readingOrder {index:41;}">
                <Coords points="2128,2849 3350,2879 3350,2817 2129,2808"/>
                <Baseline points="2138,2849 2198,2849 2258,2849 2318,2850 2378,2851 2438,2852 2498,2854 2558,2855 2618,2857 2678,2858 2738,2859 2798,2860 2858,2861 2918,2862 2978,2862 3038,2862 3098,2861 3158,2859 3218,2858 3278,2855 3339,2851"/>
                <TextEquiv>
                    <Unicode>wenn auch „Lebendige Stunden“ — die unklare iht es den</Unicode>
                </TextEquiv>
            </TextLine>
            <TextLine id="r2l43" custom="readingOrder {index:42;}">
                <Coords points="2137,2887 3141,2923 3232,2913 3233,2868 2137,2850"/>
                <Baseline points="2147,2885 2200,2886 2254,2888 2308,2889 2362,2890 2416,2891 2469,2892 2523,2893 2577,2894 2631,2896 2685,2896 2738,2897 2792,2898 2846,2898 2900,2898 2954,2898 3007,2898 3061,2897 3115,2897 3169,2895 3223,2893"/>
                <TextEquiv>
                    <Unicode>Verneinung der Trauer um Verstorbene — etwas abfiel, sru.</Unicode>
                </TextEquiv>
            </TextLine>
            <TextLine id="r2l44" custom="readingOrder {index:43;}">
                <Coords points="1900,2905 1915,2900 1950,2921 1977,2913 1997,2922 2039,2908 2047,2916 2063,2916 2086,2900 2117,2896 2117,2867 2091,2859 2020,2868 1948,2857 1936,2868 1901,2867"/>
                <Baseline points="1911,2893 1939,2892 1967,2893 1995,2893 2023,2893 2051,2894 2079,2894 2107,2893"/>
                <TextEquiv>
                    <Unicode>Abonnente</Unicode>
                </TextEquiv>
            </TextLine>
            <TextLine id="r2l45" custom="readingOrder {index:44;}">
                <Coords points="2126,2923 3156,2947 3148,2901 2127,2888"/>
                <Baseline points="2136,2923 2186,2924 2236,2925 2287,2927 2337,2928 2388,2929 2438,2930 2489,2931 2539,2932 2590,2932 2640,2933 2690,2934 2741,2935 2791,2936 2842,2936 2892,2937 2943,2938 2993,2938 3044,2939 3094,2940 3145,2941"/>
                <TextEquiv>
                    <Unicode>so fand doch „Die Frau mit dem Dolche“ starken</Unicode>
                </TextEquiv>
            </TextLine>
            <TextLine id="r2l46" custom="readingOrder {index:45;}">
                <Coords points="2119,2959 3341,2978 3311,2917 3151,2956 2120,2918"/>
                <Baseline points="2129,2962 2189,2962 2249,2963 2309,2964 2369,2965 2429,2966 2489,2967 2549,2969 2609,2971 2669,2972 2730,2973 2790,2975 2850,2976 2910,2977 2970,2978 3030,2979 3090,2980 3150,2980 3210,2980 3270,2980 3331,2980"/>
                <TextEquiv>
                    <Unicode>Beifall, für den der Autor wiederholt danken durfte. Das altend die</Unicode>
                </TextEquiv>
            </TextLine>
            <TextLine id="r2l47" custom="readingOrder {index:46;}">
                <Coords points="2120,3002 3251,3030 3337,3017 3338,2984 2121,2969"/>
                <Baseline points="2131,2999 2190,3000 2250,3001 2310,3003 2370,3004 2430,3005 2489,3007 2549,3008 2609,3010 2669,3011 2729,3012 2788,3014 2848,3015 2908,3016 2968,3017 3028,3017 3087,3018 3147,3018 3207,3018 3267,3018 3327,3017"/>
                <TextEquiv>
                    <Unicode>Schauspiel „Die letzten Masken“, in welchem ein lorgen¬</Unicode>
                </TextEquiv>
            </TextLine>
            <TextLine id="r2l48" custom="readingOrder {index:47;}">
                <Coords points="1908,3020 1947,3023 1955,3031 1974,3021 2091,3027 2114,3019 2115,2982 2057,2989 2037,2980 1999,2985 1987,2976 1952,2982 1940,2975 1919,2991 1908,2991"/>
                <Baseline points="1918,3015 1944,3016 1971,3016 1997,3017 2024,3017 2050,3018 2077,3019 2104,3021"/>
                <TextEquiv>
                    <Unicode>Inhaltsar</Unicode>
                </TextEquiv>
            </TextLine>
            <TextLine id="r2l49" custom="readingOrder {index:48;}">
                <Coords points="2112,3033 3346,3059 3326,3015 2113,3006"/>
                <Baseline points="2123,3038 2183,3038 2244,3039 2305,3040 2365,3041 2426,3043 2487,3044 2547,3046 2608,3047 2669,3049 2730,3051 2790,3052 2851,3053 2912,3054 2972,3055 3033,3055 3094,3055 3154,3055 3215,3054 3276,3053 3337,3051"/>
                <TextEquiv>
                    <Unicode>verbitterter Journalist im Angesichte des Todes auf die Zeitung")</Unicode>
                </TextEquiv>
            </TextLine>
            <TextLine id="r2l50" custom="readingOrder {index:49;}">
                <Coords points="1911,3064 1981,3071 2000,3063 2014,3072 2064,3058 2080,3073 2101,3061 2116,3063 2116,3018 2077,3029 1974,3021 1955,3031 1947,3023 1912,3022"/>
                <Baseline points="1922,3054 1948,3055 1974,3055 2000,3055 2027,3055 2053,3055 2079,3057 2106,3059"/>
                <TextEquiv>
                    <Unicode>blätte</Unicode>
                </TextEquiv>
            </TextLine>
            <TextLine id="r2l51" custom="readingOrder {index:50;}">
                <Coords points="2123,3073 3340,3108 3341,3059 2124,3036"/>
                <Baseline points="2133,3072 2192,3074 2252,3076 2312,3077 2372,3079 2432,3081 2492,3083 2552,3084 2612,3086 2672,3087 2732,3088 2791,3090 2851,3091 2911,3091 2971,3092 3031,3093 3091,3093 3151,3094 3211,3094 3271,3094 3331,3094"/>
                <TextEquiv>
                    <Unicode>beabsichtigte Entlarvung eines hohlen Dichterlings ver= schaftliche</Unicode>
                </TextEquiv>
            </TextLine>
            <TextLine id="r2l52" custom="readingOrder {index:51;}">
                <Coords points="1916,3096 1963,3104 1988,3100 1996,3107 2006,3101 2062,3107 2081,3098 2101,3109 2103,3068 2080,3073 2064,3058 2053,3066 1989,3063 1981,3071 1917,3061"/>
                <Baseline points="1926,3091 1953,3092 1981,3093 2008,3094 2036,3094 2063,3096 2091,3098"/>
                <TextEquiv>
                    <Unicode>wodurch</Unicode>
                </TextEquiv>
            </TextLine>
            <TextLine id="r2l53" custom="readingOrder {index:52;}">
                <Coords points="2115,3112 3344,3152 3345,3107 2115,3075"/>
                <Baseline points="2125,3112 2185,3114 2246,3116 2306,3118 2367,3119 2427,3120 2488,3122 2548,3122 2609,3124 2669,3125 2730,3126 2790,3127 2851,3127 2911,3128 2972,3129 3032,3130 3093,3130 3153,3131 3214,3132 3274,3132 3335,3133"/>
                <TextEquiv>
                    <Unicode>zichtet, interessirte lebhaft, insbesondere des brillauten Diese Mit¬</Unicode>
                </TextEquiv>
            </TextLine>
            <TextLine id="r2l54" custom="readingOrder {index:53;}">
                <Coords points="1911,3130 1927,3131 1937,3142 2001,3137 2042,3147 2076,3139 2110,3145 2112,3107 2091,3109 2079,3098 2050,3108 2029,3101 1994,3108 1980,3101 1967,3109 1938,3096 1912,3095"/>
                <Baseline points="1920,3133 1945,3132 1971,3132 1997,3133 2022,3134 2048,3135 2074,3136 2100,3137"/>
                <TextEquiv>
                    <Unicode>Leben d.</Unicode>
                </TextEquiv>
            </TextLine>
            <TextLine id="r2l55" custom="readingOrder {index:54;}">
                <Coords points="2111,3147 3143,3171 3104,3133 2112,3106"/>
                <Baseline points="2122,3145 2172,3148 2223,3151 2273,3153 2324,3155 2374,3157 2425,3157 2475,3158 2526,3159 2576,3159 2627,3160 2678,3160 2728,3160 2779,3160 2829,3160 2880,3161 2930,3161 2981,3162 3031,3163 3082,3165 3133,3166"/>
                <TextEquiv>
                    <Unicode>Spieles wegen, und bei „Literatur“ — der Aus¬</Unicode>
                </TextEquiv>
            </TextLine>
            <TextLine id="r2l56" custom="readingOrder {index:55;}">
                <Coords points="1912,3173 1976,3178 1988,3191 2005,3179 2025,3197 2054,3188 2064,3195 2095,3192 2096,3144 2052,3148 1997,3138 1972,3145 1966,3138 1937,3141 1927,3130 1915,3131"/>
                <Baseline points="1924,3169 1951,3170 1978,3171 2005,3173 2032,3174 2059,3175 2086,3177"/>
                <TextEquiv>
                    <Unicode>theilunge</Unicode>
                </TextEquiv>
            </TextLine>
            <TextLine id="r2l57" custom="readingOrder {index:56;}">
                <Coords points="2119,3190 2989,3222 3152,3219 3153,3179 2119,3141"/>
                <Baseline points="2129,3187 2179,3188 2230,3188 2281,3189 2331,3190 2382,3191 2433,3192 2483,3193 2534,3194 2585,3196 2636,3196 2686,3198 2737,3199 2788,3200 2838,3201 2889,3202 2940,3202 2990,3203 3041,3204 3092,3204 3143,3204"/>
                <TextEquiv>
                    <Unicode>beutung literarischer Bohémefiguren unterhielt sich das</Unicode>
                </TextEquiv>
            </TextLine>
            <TextLine id="r2l58" custom="readingOrder {index:57;}">
                <Coords points="2109,3237 3145,3254 3124,3210 2111,3187"/>
                <Baseline points="2120,3223 2170,3225 2221,3226 2272,3228 2323,3229 2374,3231 2424,3232 2475,3233 2526,3235 2577,3236 2628,3237 2678,3239 2729,3240 2780,3241 2831,3242 2882,3242 2932,3243 2983,3244 3034,3244 3085,3245 3136,3245"/>
                <TextEquiv>
                    <Unicode>Haus vortrefflich. Es war aber auch „Alles“ da, was in</Unicode>
                </TextEquiv>
            </TextLine>
            <TextLine id="r2l59" custom="readingOrder {index:58;}">
                <Coords points="2116,3280 2968,3304 3156,3285 3157,3259 2117,3230"/>
                <Baseline points="2127,3263 2178,3265 2229,3266 2280,3268 2331,3269 2382,3270 2433,3271 2484,3272 2535,3273 2586,3273 2637,3274 2688,3275 2739,3276 2790,3277 2841,3278 2892,3279 2943,3280 2994,3281 3045,3282 3096,3284 3147,3285"/>
                <TextEquiv>
                    <Unicode>Wien sich literarisch gibt und „heimische Talente zu schätzen</Unicode>
                </TextEquiv>
            </TextLine>
            <TextLine id="r2l60" custom="readingOrder {index:59;}">
                <Coords points="2108,3320 3158,3336 3159,3276 2109,3280"/>
                <Baseline points="2119,3302 2170,3304 2222,3306 2273,3307 2325,3308 2376,3309 2428,3310 2479,3311 2531,3312 2582,3312 2634,3313 2685,3314 2737,3315 2788,3316 2840,3317 2891,3318 2943,3319 2994,3320 3046,3322 3097,3324 3149,3326"/>
                <TextEquiv>
                    <Unicode>weiß. Das Haus war ausverkauft. Von den Darstellern</Unicode>
                </TextEquiv>
            </TextLine>
            <TextLine id="r2l61" custom="readingOrder {index:60;}">
                <Coords points="2091,3471 3126,3509 3127,3458 3078,3436 2092,3407"/>
                <Baseline points="2101,3465 2151,3465 2202,3466 2253,3467 2304,3468 2355,3470 2405,3471 2456,3473 2507,3474 2558,3475 2609,3477 2659,3479 2710,3480 2761,3482 2812,3483 2863,3485 2913,3486 2964,3487 3015,3488 3066,3488 3117,3489"/>
                <TextEquiv>
                    <Unicode>verdienen die Herren Reinhart, Rittner, Kaißler,</Unicode>
                </TextEquiv>
            </TextLine>
            <TextLine id="r2l62" custom="readingOrder {index:61;}">
                <Coords points="2086,3506 3064,3537 3123,3496 2087,3465"/>
                <Baseline points="2097,3498 2147,3499 2198,3501 2249,3503 2299,3505 2350,3507 2401,3508 2451,3510 2502,3512 2553,3514 2604,3516 2654,3517 2705,3519 2756,3521 2806,3522 2857,3523 2908,3524 2958,3525 3009,3525 3060,3525 3111,3525"/>
                <TextEquiv>
                    <Unicode>und Bassermann vollste Anerkennung, wiewohl sie!</Unicode>
                </TextEquiv>
            </TextLine>
            <TextLine id="r2l63" custom="readingOrder {index:62;}">
                <Coords points="2092,3546 3111,3585 3096,3528 2093,3505"/>
                <Baseline points="2102,3538 2151,3540 2201,3542 2251,3543 2301,3545 2351,3546 2401,3548 2451,3550 2501,3551 2551,3552 2601,3553 2650,3555 2700,3556 2750,3557 2800,3559 2850,3559 2900,3560 2950,3561 3000,3562 3050,3563 3100,3563"/>
                <TextEquiv>
                    <Unicode>gegen früher an künstlerischer Mäßigung eingebüßt zu</Unicode>
                </TextEquiv>
            </TextLine>
            <TextLine id="r2l64" custom="readingOrder {index:63;}">
                <Coords points="2089,3579 3038,3612 3102,3597 3103,3566 2090,3546"/>
                <Baseline points="2100,3577 2149,3579 2199,3581 2248,3583 2298,3585 2348,3586 2397,3587 2447,3589 2497,3590 2546,3591 2596,3593 2646,3594 2695,3595 2745,3596 2795,3597 2844,3597 2894,3598 2944,3598 2993,3599 3043,3599 3093,3599"/>
                <TextEquiv>
                    <Unicode>haben schienen. Irene Triesch ist noch immer annehm¬</Unicode>
                </TextEquiv>
            </TextLine>
            <TextLine id="r2l65" custom="readingOrder {index:64;}">
                <Coords points="2076,3617 3089,3663 3105,3594 2077,3584"/>
                <Baseline points="2086,3612 2136,3614 2186,3618 2237,3620 2287,3622 2338,3623 2388,3625 2438,3626 2489,3627 2539,3628 2590,3629 2640,3629 2690,3630 2741,3630 2791,3631 2842,3632 2892,3633 2942,3634 2993,3636 3043,3637 3094,3639"/>
                <TextEquiv>
                    <Unicode>bar trotz ihrer Neigung zu Uebertreibungen. Man darf</Unicode>
                </TextEquiv>
            </TextLine>
            <TextLine id="r2l66" custom="readingOrder {index:65;}">
                <Coords points="2070,3675 2282,3682 2336,3667 2381,3685 2654,3697 2655,3635 2635,3630 2260,3615 2241,3631 2173,3610 2100,3621 2072,3603"/>
                <Baseline points="2081,3648 2109,3649 2137,3651 2165,3652 2193,3654 2221,3654 2249,3656 2278,3657 2306,3658 2334,3660 2362,3661 2390,3661 2418,3662 2446,3663 2475,3663 2503,3664 2531,3664 2559,3664 2587,3664 2615,3664 2644,3664"/>
                <TextEquiv>
                    <Unicode>auf das Weitere gespannt sein.</Unicode>
                </TextEquiv>
            </TextLine>
            <TextLine id="r2l67" custom="readingOrder {index:66;}">
                <Coords points="2897,3671 2913,3676 2919,3672 2929,3679 2981,3672 3009,3698 3018,3692 3034,3697 3042,3689 3071,3686 3073,3655 3048,3659 3030,3641 3019,3645 3009,3638 2997,3650 2976,3639 2941,3648 2933,3639 2916,3645 2898,3638"/>
                <Baseline points="2906,3669 2932,3670 2958,3671 2984,3672 3010,3674 3036,3674 3062,3675"/>
                <TextEquiv>
                    <Unicode>v. 6—g.</Unicode>
                </TextEquiv>
            </TextLine>
            <TextEquiv>
                <Unicode>box 21/3
Telephon 12801.
Llex. Weigl’s Unternehmen für Zeitungs-Ausschnitte
Ausschnitt
„OBSENVEN
Nr. 14
I. österr. behördl. conc. Bureau für Zeitungsberichte u. Personalnachrichten
Wien, IX/1, Türkenstrasse 17.
 Filiale ir Budapest: „Figyelö“-
Vertretungen in Berlin, Chicago, Genf, London, Newyork, Paris, Rom, Stockholm.
Ausschnitt aus:
voma: #/877/1
Carl=Theater. Das Ensemble des Bertiner
Deutschen Theaters hat gestern hier seine Spielerei¬
schachtel geöffnet und uns eine Serie Arthur Schnitz¬
ler'scher „iguren gezeigt, welche angeblich beweisen sollen,
daß er an Kunstfertigkeit immer vorwärtsschreite. Sein
Talent in allen Ehren. Er steckt viel Gefälliges und schein¬
bar Lebendiges in seinen „Lebendigen Stunden“
die (als vier Einakter) übrigens keinen inneren Zusammen¬
hang besitzen, aber es sind novellistische Skizzen, gesprochene
Feuilletons, deren dramatische Kraft von den Zufälligkeiten
der Darstellung abhängt. Wenn der Autor sexuelle
Blähungen hat, ist er witzig; wenn er ernste Gedanten
zu prägen vorgibt, so ist er entweder langweilig oder
Für
50 : phrasenhaft. Einen vollwerthigen künstlerischen Eindruck lclusive
100
Porto.
machen seine Sachen ano nicht. Unter den modernen
200
„Dichtern“, die heute die Theaterdirektoren im Sacke haben, jahlbar
500
ist Schnitzler trotz Alledem aber einer der gewandtesten
Voraus.
„ 1000
und talentirtesten. Die sehr guten Kräfte des „Deutschen
ist das
Im
Theaters“ liehen ihm gestern ihre volle Unterstützung und
Abonneme
wenn auch „Lebendige Stunden“ — die unklare iht es den
Verneinung der Trauer um Verstorbene — etwas abfiel, sru.
Abonnente
so fand doch „Die Frau mit dem Dolche“ starken
Beifall, für den der Autor wiederholt danken durfte. Das altend die
Schauspiel „Die letzten Masken“, in welchem ein lorgen¬
Inhaltsar
verbitterter Journalist im Angesichte des Todes auf die Zeitung")
blätte
beabsichtigte Entlarvung eines hohlen Dichterlings ver= schaftliche
wodurch
zichtet, interessirte lebhaft, insbesondere des brillauten Diese Mit¬
Leben d.
Spieles wegen, und bei „Literatur“ — der Aus¬
theilunge
beutung literarischer Bohémefiguren unterhielt sich das
Haus vortrefflich. Es war aber auch „Alles“ da, was in
Wien sich literarisch gibt und „heimische Talente zu schätzen
weiß. Das Haus war ausverkauft. Von den Darstellern
verdienen die Herren Reinhart, Rittner, Kaißler,
und Bassermann vollste Anerkennung, wiewohl sie!
gegen früher an künstlerischer Mäßigung eingebüßt zu
haben schienen. Irene Triesch ist noch immer annehm¬
bar trotz ihrer Neigung zu Uebertreibungen. Man darf
auf das Weitere gespannt sein.
v. 6—g.</Unicode>
            </TextEquiv>
        </TextRegion>
    </Page>
</PcGts>
