3484 4320
304 124 529 198 vom:
492 264 1580 371 Theater, Kunst und Literatur.
663 362 1577 432 Literarischer Abend. Die unter der
520 425 1573 479 Devise „Ledendige Stunden“ gestern an unserer
535 475 1592 533 Bühne gegebenen, von Arthur Schnitzler
536 517 1585 580 stammenden drei Einakter=Novitäten brachten eine
2251 524 2729 639 Telephon 12801.
522 555 1579 637 arge Enttäuschung. Es gibt nichts Widerlicheres,
526 616 1581 690 als wenn ein Künstler — sei es auf welch'
1888 631 3084 722 Alex. Weigl’s Unternehmen für Zeitungs-Ausschnitte
522 661 1594 736 immer Gebiete der Kunst — zum Spekulanten
2693 694 3040 822 Dee Ausschnitt
522 718 1584 776 wird und durch absonderliche Versuche in der
2123 731 2720 848 „OBSERVE.
522 765 1585 852 Absicht Neues, Verblüffendes, Seusationelles zu
2880 746 3174 851 Nr. 57
1659 827 3201 903 4 L österr. behördl. conc. Bureau für Zeitungsberichte u. Personalnachrichten
543 873 1716 946 bieten, Stoffe auf die Bühne zerrt — die in telunf
2030 892 2952 966 Wien, I., Concondiaplatz 4.
546 932 1711 984 solcher Form und in solchem Kleide niemals auf Porto.
427 926 528 1011 150
1773 963 3204 1039 Vertretungen in Berlin, Budapest, Chicago, Genf, London, Newyork, Paris, Rom,
1566 973 1704 1022 ahlba
549 981 1568 1039 dem Theater eingebürgert werden können, sondern
424 999 537 1049 200
2131 1013 2843 1076 Stockholm, Kristiania, St. Petersburg.
1575 1007 1717 1079 Vor.
548 1024 1584 1093 höchstens in literarische, medizinische sder andere
441 1033 547 1094 500
1585 1065 1685 1127 ist
442 1088 1572 1139 000 Fachschriften gehören — wenn überhaupt Jemand
1572 1096 1702 1181 ht es
551 1124 1564 1184 Geschmack haran finden kann. Die schon ins Un¬
1570 1156 1666 1219 gn.
1761 1128 2980 1261 Ausschnitt aus: Pressburger Zeitung
544 1181 1571 1242 siunige, Lächerliche verraute moderne literarische
535 1206 1698 1284 Richtung hat die Grenze überschritten, in welcher itend
543 1271 1714 1348 ihre Talmikunst Auspruch darauf erheben därfte, lorg
1776 1259 2325 1364 vom:  7030
533 1315 1710 1389 Ernst genommen zu werden und in ihrer Ver¬ Zeitu
545 1353 1712 1439 krüppelung klammert sie sich an den darstellenden scha#t
1569 1400 1718 1473 Diese
526 1426 1584 1475 Künstler in der Hoffnung, daß dessen Gente solchen
2337 1410 2670 1519 Theater.
528 1465 1592 1531 Mißgeburten gerade Glieder auschmieden vermag,
2726 1486 2979 1556 F A  2
532 1519 1600 1587 auf welchen sie sich vor dem sicheren Falle auf¬
2814 1540 2876 1587 810
2686 1534 2750 1583 #.
2909 1540 3006 1613 110
2252 1531 2825 1619 „Lebendige Stunden.
539 1557 1604 1643 rechtzuerhalten vermögen. Auf Provinzbühnen
2033 1583 2976 1660 Drei Einakter von Arthur Schmitzler.
541 1607 1618 1677 sind solche Experim ute doppelt schwierig, weil
2024 1635 3068 1735 Der gestrige „lierarische Abend“ erfreute sich
542 1662 1589 1717 da nur zu oft die Darsteller selbst auf den
1947 1680 3054 1778 unter der tüchtigen Regie des Herrn Direkior Bla¬
526 1712 1581 1774 eigenen Beinen nicht zu stehen vermögen. Wie
1946 1750 3058 1836 sel eines sehr guten Besuches. Wasgeboten wurde,
531 1768 1591 1823 peinlich ist es wohl da für den Kritiker, immer
1945 1791 3071 1869 waren Neuheiten jüngster Richtung. Teri erste Ein¬
532 1814 1594 1862 wieder den Stab über derlei Jammergestalten
1937 1850 3059 1918 akter „Die Frau mit dem Dolche“, sowie der zweite
526 1865 1598 1926 brechen zu müssen und man kann nur über die
1940 1882 3056 1962 betitelt „Die letzten Masken“ mundeten wie sezes¬
529 1911 1586 1980 Kühnheit einer Bühnenleitung stannen, welche trotz
1950 1930 3076 2012 sionistisch gehaltene Feuilletons, die mit Gewalt für.
531 1950 1581 2022 solcher peinlicher Mißerfolge immer wieder Dar¬
1936 1972 3065 2056 die Bühne zurecht gelegt wurden. Ein Einakter, wo
523 2008 1582 2075 stellern Aufgaben zutheilt, welchen sie richt ge¬
1935 2026 3068 2100 die Handlung von einer psychopathischen Erscheinung
529 2049 1435 2115 wachsen und Das Schaufalel
1221 2053 1587 2122 t hirn üli
1764 2040 1885 2141 Für
1930 2086 3182 2140 durchschnitten wird, wo das Gemälde einer „Frau lusiven
488 2078 1572 2181 dem Dölche“ wurde durch solche Stümperei gau¬
1936 2125 3142 2196 mit dem Dolche“ eine auf Abwege befindliche Gattinssrio.
515 2153 1585 2207 unverständlich und man bedauerte Frl. v. Liu¬
3031 2169 3155 2230 -albar
1932 2152 3195 2280 in der Phantsie zur Ermordung ihres Buhlen voraus.
534 2186 1580 2268 den, die in ihrer ehrlichen Bemühung aus der
1928 2219 3048 2308 reizt, die aber aus diesem Zustande erwachend dennoch
519 2237 1578 2321 Rolle der (Pauline“ etwas Faßbares, Mögliches
1924 2250 3192 2322 das Rendezvons zusagt, ist keine Handlung, da der ist das
515 2303 1584 2362 und Erklärliches zu schaffen absolut keine ergär¬
1780 2284 1915 2373 Abonn
1931 2314 3208 2408 Gedankengang des menschlichen Gehirnes, die Aeußer= es den
520 2340 1575 2402 gende Anterstützung fand. Dieses dramatische
1767 2362 1922 2431 Abonn
524 2392 1568 2462 Sezessionsbilb fiel gänzlich durch. Ein krasses.
1939 2379 3198 2500 ung des widerstrebenden Gewissens ohne Befolgung die
526 2439 1576 2509 trübes Spitalbild, dessen Millien mit Tuberkeln
1934 2431 3196 2541 desselben eben keine That ist. Eine Szene hingegenrgen¬
1766 2467 1921 2539 Inhalt
533 2490 1585 2559 geschwängert ist, bietet das Schauspiel „Die
1936 2473 3179 2583 in welcher die letzten Stunden eines schwindsüchtigenzitung“)
1772 2526 1924 2575 blät
514 2537 1574 2606 letzten Masken“. Zwei Darsteller Herr Wil¬
1937 2513 3218 2617 Schriftstellers in etwas gemeinläufiger Weise pathosjaftliche
1773 2563 1913 2614 wodur.
1935 2568 3205 2662 logisch zergliedert und von einem anderen, nur noche Mit¬
519 2586 1578 2667 helmy und Herr Pallenberg fanden darin
1778 2606 1920 2654 Leben
1938 2616 3062 2713 Tage lebenden Tuberkulosen in tragikomischer Schau¬
1770 2641 1917 2713 theilur
526 2635 1572 2710 ein Feld, um ihre hervorragende Begabung zu
1937 2668 3048 2758 spielart begleitet werden, bictet ebenfalls teine büh¬
515 2671 1580 2757 zeigen. Ihr Fleiß wäre einer besseren Sache
1929 2711 3068 2811 nenfähige Handlung, wozu noch der Umstand kommt,
524 2728 1577 2794 würdig gewesen. Wenn das so in der modernen
1928 2763 3054 2844 daß die Herzenserregungen eines im Sterben befind¬
522 2777 1561 2853 Bühnenliteratur fortgeht, dann können wir
1931 2808 3058 2902 lichen Tuberkulosen stimmlich kaum darstellbar find.
523 2831 1556 2901 nächstens vom Krankenzimmer in den Seziersaal
1922 2852 3050 2954 Nichtsdestoweniger haben Herr Wilhelmy als
520 2870 1548 2935 vom Seziersaal in die Gruft oder das Massen¬
1927 2902 3070 2980 sterbender Schriftsteller und Herr Pallenberg#
508 2921 897 2990 graß, um dort Zer
905 2913 1570 3008 ge zu sein, wie die Würmer die
1920 2958 3096 3034 als tuberkuloser Schauspieler den Wünschen des Dich¬
516 2973 1567 3053 Leichen verspeisen. Wenigstens werden dann die
1915 2999 3041 3088 #ters mit all' ihrem tünstlerischen Können zufrieden¬
517 3014 1559 3100 letzten Masken vollends fallen und man wird
1922 3045 3052 3152 stellende Rechnung getragei. — Der dritte Einakter
510 3074 1563 3134 die literarischen Würmer in ihrer
1920 3098 3098 3187 aber ist ein prächtiges Salonstück, und diese „Litera¬
512 3107 1554 3192 wahren Gestalt leichter erkennen. Das
1914 3134 3031 3218 tur“ wird sich noch lange auf dem Repertoire erhal¬
517 3172 1572 3248 letzte Stück, ein Lustspiel „Literatur“ betitelt,
1918 3190 3046 3284 ten. Hiezu gesellte sich ein vorzügliches Spiel der drei
513 3220 1556 3286 hätte beinahe den Abend gerrttet, weün es nicht
1908 3225 3055 3338 Charakterrollen. An erster Stelle verdient der Baron
506 3271 1553 3336 gar so unglaublich albern sich ausgewachsen
1907 3280 3055 3382 Clemens des Herrn Stift als brillante Leistung
504 3316 1554 3399 haben würde. Immerhin erfreute man sich noch
1896 3325 3056 3422 hervorgehoben zu werden. Ebenfalls gut gab Frl¬
511 3367 1552 3435 an der ganz vorzüglichen Leistung des Herrn
1897 3379 3034 3478 v. Linden die Rolle der Literatin wieder, die sich
510 3403 1544 3493 Stift als „Clemens“ und der mit vielen feinen.,
1896 3430 3041 3525 nach bewegtem Leben den „guten“ Baron sichert.
494 3470 1548 3542 zutreffenden Strichen schattirten Zeichnung des
1908 3478 3054 3569 Ebenso verdient Herr Jausen, der in die Rolle
503 3513 1543 3585 Frl. v. Linden als „Margarethe“. Der Autor
1892 3504 3026 3606 des aufgegebenen Literaten einsprang, mit Ehren er¬
3021 3549 3083 3612 525
503 3557 1546 3623 Herr Schnitzler, hat mit seinen „Lebendigen
1896 3564 3011 3652 wähnt zu werden. Der gestrige „literarische Abend“
498 3618 1542 3686 Stunden“ der neuen Bühnenltteratur keinen Dienst
1893 3613 3038 3722 brachte somit Manches und darunter auch Vorzüg¬
502 3662 1547 3744 geleistet — oder vielleicht doch? Mag sein, daß
1875 3631 2186 3759 liches.
499 3713 1544 3768 er auch beitrug, deren Scheinleben zu ver¬
2763 3697 3061 3815 —
489 3746 1547 3848 kürzen. Die Revolniion, die sich in der mo¬
495 3795 1534 3867 dernen Literatur vollzogen, hat anstreitig auch ihr
496 3857 1542 3933 Gutes, manch fauler Ast wird vom Sturme weg¬
492 3910 1488 3978 gefegt, nach der Gährung folgt die Klärung —
489 3948 1437 4039 der Bodensatz gehört in den Rinustein.
