3392 4224
1770 199 1875 263 uS
225 193 2402 306 16.1. Lebendige Stunden zvkia box 21/5
999 669 1903 801 Tan- . See
1929 745 2252 855 (Jen bat¬
2307 787 2784 930 A
2051 1198 2621 1334 WIA A
2805 1139 3067 1324 K2
1349 1194 1697 1322 FE
959 1241 1022 1300 2200
610 1487 985 1616 A8s0 VII. 1%
1019 1485 2534 1580 oz. Firenze razione non pud esser diversa da quella
2565 1495 3328 1602 conducono a questa curiosa cond
1596 1580 2528 1651 che i maestri hanno avuto il mezzo di
2560 1577 3325 1658 che moltissimi giudicati medioeh
1598 1638 2541 1714 di constatare bene fino allora, ma ad
2547 1628 3324 1720 in tutte le loro ordinarie manifes
906 1625 1285 1737 Wumaklo
2562 1689 3328 1776 acquistano in un giornó, a giudic
1591 1710 2525 1773 un giusto intervallo di tempo, quando sia
1591 1767 2528 1826 stato loro possibile di riparare almeno
2557 1751 3337 1847 ció chie“ nno affidatoagli amp
649 1766 1551 1864 Souola ed esami, II MAkzocco — Ma¬
1594 1799 2529 1898 in parte a qualche insufficienza, colmare
2572 1805 3332 1909 dell’ es nale, una dottrina ch
594 1843 1525 1956 (schere letterarie, Riccaano FORSTER —
2567 1848 3273 1964 suno an in loro supposto.
1599 1869 2528 1939 qualche lacuna. Questa in generale, a
2607 1928 3335 2012 Ma intanto i piccoli espedien
1597 1935 2526 2002 quello che abbiamo potuto comprendere,
610 1953 1561 2023 Dalla  Maison du Peuple alla Casa di
2562 1999 3310 2065 ducono allo scopo desiderato,
1594 1990 2534 2061 la savia riforma, poiché ignoriamo le
624 1994 1575 2099 V. Horta, Gajo — II- Glulio Cesare di
1582 2039 2533 2131 precise e particolari sue disposizioni. E
2566 2043 3321 2126 quello di passare, di Hassare a
616 2067 1559 2164 E. Corradini, G. S. GancAwo — Parabola,
1592 2106 2535 2171 si capisce che i giovani, e non la parte
2558 2105 3335 2180 modi, rimpinzandosi di notizie ach
636 2149 1565 2253 MARIA BAclocchi-Drl Tunco — Marginalia
1597 2161 2521 2248 migliore di essi, si sia ribellata a questa
2555 2162 3315 2235 alla lesta per esserei smaltite
1586 2228 2521 2301 minacciata disposizione; e l’eco delle
667 2234 1559 2319 - Commenti e frammentl, Libri italiani al¬
2566 2221 3315 2302 strappando concessioni di ogni
1596 2278 2522 2358 loro anticipate proteste é giunta perfino
2562 2282 3331 2353 calcolando sull’ indulgenza di tut
621 2303 1367 2390 Testero — Notizie — Bibliografle.
1593 2326 2538 2412 a destare la sonnolenta e vuota aula del
2561 2334 3335 2415 cialmente dei Ministri, sui cui
1592 2393 2518 2486 nostro Parlamento, dove non c’erano ab¬
2550 2383 3327 2480 essi pensano che i d. Sttati di ogn
1596 2462 2517 2547 bastanza rappresentanti che potessero di¬
2556 2453 3328 2538 possano egualmente e sempre in
1591 2513 2526 2594 scutere di leggi vitali per la nostra eco¬
2600 2507 3330 2595 E gli onorevoli rappresentanti
612 2489 1180 2611 SCUOLA
1591 2574 1793 2637 nomia.
2560 2576 3323 2649 nazione italiana han dimostrato
2562 2637 3331 2714 narrazione concorde dei giornali 6
1632 2604 2521 2716 In nome di quale alto interesse si sono
882 2584 1552 2738 ED ESAMI.
1586 2683 2521 2772 dunque destati minacciosi questi rappre¬
2550 2686 3329 2758 che essi hanno sentito vivamente
1595 2722 2530 2830 sentanti della nazione? quale principio
2557 2746 3325 2835 loro missione di difendere l’ignd
679 2774 1565 2889 Una questione riguardante la pubblica
1595 2807 2519 2877 di giustizia violata hanno essi difeso
2563 2809 3328 2886 e la poltroneria, e un membrod
614 2839 1560 2932 istruzione ha parso commuovere, in que¬
1590 2880 2528 2934 contro chi voleva manometterlo? E que¬
2560 2856 3328 2944 verno ha creduto che possa esser
619 2923 1559 3000 sti giorni, dall’un capo all’ altro tutta
1585 2911 2530 3018 sto che non riesciamo a comprendere o
2563 2923 3310 3012 pericolo il fare dichiarare che
622 2968 1557 3056 1’ Italia. Crediamo che sia la prima volta
1589 2981 2487 3063 piuttosto comprendiamo troppo bene.
2569 2987 3334 3070 contrario ad un provvedimento ch
1636 3037 2520 3111 Si dice: un provvedimento cosi radi¬
619 3029 1567 3120 che questo fatto avvenga, e dovremmo
2564 3041 3335 3124 a ristabilire la serietà degli stuc
627 3099 1549 3183 esserne lieti come di un segno della no¬
1587 3096 2527 3179 cale, annunziato all’ ultim' ora, porta un
2605 3095 3334 3184 Ma v'’é di piu ancora. Poich
623 3167 1558 3248 stra risvegliata coscienza. Da un pezzo
1594 3156 2527 3224 grave perturbamento nella vita della no¬
2567 3152 3331 3248 quella particolare ipocrisia o impr
626 3215 1559 3290 ci siamo augurata infatti questa larga
1598 3230 2517 3288 stra scuola. Certo noi non approviamo
2559 3218 3336 3302 dine politica che consiste nel vole
627 3263 1557 3352 ed appassionata partecipazione del pub¬
1595 3273 2529 3356 queste riforme cosi repentine, che per un
2562 3279 3333 3353 le apparenze almeno a parole, mo
625 3325 1570 3398 blico sentimento ai problemi della nostra
1586 3332 2513 3414 mal vezzo, troppo abitualmente si an¬
2563 3333 3323 3419 tono che non é conveniente con
628 3390 1566 3462 educazione, poiché crediamo sinceramente
1588 3394 2528 3477 nunziano con una strana precipitazione;
2560 3403 3328 3463 che si vuole incoraggiare l’ignd
627 3456 1554 3543 che in essa stia uno dei piu efficaci ri¬
1595 3451 2525 3529 ma comprendiamo anche che le proteste
2562 3448 3312 3534 cosi si é pensato di dichiarare
621 3520 1561 3593 medi ai molti mali che travagliano la
1582 3521 2525 3588 hanno solo apparentemente questa scusa,
2566 3501 3323 3580 riforma voluta dal Ministro Nasi
622 3563 1565 3640 patria nostra. Abbiamo sentito parlar di
1595 3571 2528 3664 e sono dirette invece contro la sostanza
2564 3567 3330 3653 be ferito gravemente le famigl
1593 3634 2209 3714 stessa del provvedimento.
632 3624 1567 3717 crisi ministeriale; abbiamo letto, esatto
2555 3643 3329 3713 professori. Per le famiglie l’argo
620 3682 1561 3757 o no che sia ció che i giornali riferivano,
1645 3689 2527 3763 Questo mira davvero a sconvolgere
2552 3694 3331 3772 zione é giusta; ed é appunto f
627 3734 1557 3821 che uno dei principali uomini che stanno
1585 3733 2526 3832 profondamente qualche cosa, ma una no¬
2552 3741 3331 3830 gli insani interessi di queste fa
628 3803 1566 3869 al Governo, ha trovato nella sua ordina¬
1593 3804 2525 3885 stra triste abitudine, di non considerare
2561 3794 3340 3893 che gli studi in Italia possono rit
621 3859 1554 3941 ria impassibilità, delle parole assai vi¬
1585 3862 2534 3943 cioé la scuola come una palestra in cui
2561 3864 3328 3947 ad essere una seria preparazion
633 3904 1557 3996 vaci contro un annunziato provvedimen¬
1591 3927 2521 4006 l’ ingegno si educhi, il carattere si tem¬
2568 3925 3329 4004 vita. Ma per i professori, no. Cr
624 3980 1567 4068 to, e ci siamo illusi per un istante di esser
2560 3983 3334 4061 che sia difficile, se non impossibil
1597 3966 2532 4062 pri, la volontà si rafforzi, sibbene come
626 4037 1558 4121 degni di un grande avvenire, se gli uo¬
1592 4046 2522 4120 un' incresciosa ma inevitabile necessità,
2573 4040 3338 4123 yare fra essi uno solo che non
622 4099 1565 4153 mini varlamentari oid importanti han
1596 4107 2525 4152 per conduistarsi nella vita un imniego.
2573 4097 3312 4180 aueste ellierng #nd.2e5. e che
