3392 4320
2017 190 2473 283 box 21/3
222 204 1854 299 16.1. Lebendige Stundenzyklus
2166 768 2647 861 Telephon 12801.—
1794 837 3019 965 Alex. Weigl’s Unternehmen für Zeitungs-Ausschnitte
2806 899 3016 966 Ausschnitt
2839 960 3091 1051 Nr. 24
2037 926 2706 1083 „OBSERVER
1700 1033 3139 1166 I. österr. behördl. conc. Bureau für Zeitungsberichte u. Personalnachrichten
1816 1107 2918 1246 (Wien, IX/1, Türffenstrasse 17.
2101 1185 2755 1283 „ Fillale in Budapest: „Pigyeló“ —
1708 1241 3145 1340 Vertretungen in Berlin, Chicago, Genf, London, Newyork, Paris, Rom, Stockholm.
741 1350 1193 1443 Telephon 12801.
1702 1421 3040 1535 Ausschnitt aus: Troser Auendblatt
358 1438 1598 1537 Alex. Weigl’s Unternehmen für Zeitungs-Ausschnitte
1378 1498 1593 1576 Ausschnitt
1164 1536 1226 1615 □
1725 1511 2332 1646 vond (PIE
1409 1559 1672 1650 Nr. 90
590 1582 1285 1669 „O BSEN VEN
268 1631 1691 1743 I. österr. Rehördl. conc. Bureau für Zeitungsberichte u. Personalnachrichten
477 1701 1499 1812 Wien, 1X7“Türkenstrasse 12.
673 1779 1312 1865 Filiale in Budapest: „Figyelö“ —
262 1820 1691 1926 Vertretungen in Berlin, Chicago, Genf, London, Newyork, Paris, Rom, Stockholm.
2169 1938 2833 2037 Theater und Kunst.
266 1993 792 2087 Ausschnitt aus:
2105 1996 2970 2074 x. x. Deutsches Landestheater. Arthur
857 1948 1571 2087 Berfmer Borsenscurter
2012 2035 2981 2119 Schnitzler's Einakterzyklus Lebendige Stun¬
2017 2080 2972 2159 den“ hat uns bei seiner Samstagspremiere lebendige
2029 2125 2970 2191 Stunden bereitet; Stunden aufregenden Mitgefühls
275 2126 785 2233 vom: 1□1#07
2015 2154 2974 2234 und auregender Heiterkeit; die ersteren allerdings zum
2027 2204 2961 2273 größeren Theil. Mit dem Inhalt der Stücke ist unser
2011 2228 2960 2311 Leserkreis bereits bekannt gemacht worden; die von
2025 2275 2960 2348 ihnen ausgehende Bühnenwirkung ist diejenige tiefer,
2951 2280 3171 2348 inclusive
2031 2312 2968 2385 werthvoller Dichterwerke. Das erste Schauspiel litt
1873 2305 2030 2395 50 Zeit
2965 2334 3145 2382 Porto.
1750 2319 1877 2399 Für
2025 2347 3160 2428 unter der Einförmigkeit der Darstellung. Mehr Farbe Zahlbar
1874 2368 1974 2418 100
2022 2385 3191 2461 im Dratog und ein schärferes Eingehen auf die im Voraus.
1864 2406 1971 2460 200
2021 2413 2962 2493 Dichteridee, damit diese sich dem nuvorbereiteten Zu¬
1860 2449 1987 2494 500
1807 2456 1859 2512 „
2027 2449 3216 2553 hörer intensiver mittheile, wäre von Röthen geweien, zitte ist das
1801 2486 1993 2557 „ 1000
2935 2511 3219 2573 steht es den
604 2507 1603 2573 Unser Prager Correspondent berichter uns
1888 2525 3087 2631 Im 6Besser gelang „Die Frau mit dem Dolche“ durch indern.
539 2570 1598 2628 drahtlich von gestern Abend Bei der heutigen Erst¬
1771 2567 2936 2645 Abonnement Frl. Immisch auf das portraitirungswertheste ver¬
540 2612 1597 2663 aufführung von Schnitzler's „Lebendige
1771 2603 2924 2679 Abonnenten körperk. Frl. Immisch hätte nur noch etwas deutlicher
2926 2630 3219 2695 zthaltend die
2001 2638 2920 2720 im Wort sein können. Das dritte Stück „Die letzten
539 2650 1594 2703 Stunden“ wirkte am stärksten das Lustspiel
2936 2680 3215 2738 F Morgen¬
1989 2677 2928 2755 Masken“ ist von intimerer Wirkung. Es kann
546 2688 1594 2746 „Literatur“ in der geradezu glänzenden Dar¬
2926 2713 3209 2781 En: Zeitung“)
1897 2693 2916 2792 Der das vollste Interesse nur in litterarischen Kreisen
546 2718 1602 2801 stellung durch Frau Johanna Buska und der Herren
2930 2758 3216 2812 firthschaftliche
1785 2747 2926 2815 Inhaltsang finden, mit Rücksicht auf die für Eingeweihte frappaute
1443 2773 1604 2833 „Die
537 2782 1413 2839 Hermann John und Wilhelm Wymetal.
2918 2797 3225 2864 rd. Diese Mit¬
1789 2792 2912 2872 blätter Wahrheit, mit welcher der öde, leere Charakter des
551 2821 1599 2867 letzten Masken erregten theilweise Widerspruch,
1782 2825 2934 2923 wodurch eerfolgreichen Bühnendichters gezeichnet erscheimt. Für
547 2852 1611 2919 die „Frau mit dem Dolche“ fand von Fräulein
1794 2863 2920 2936 Leben des das große Publikum blieb dieser Theil der
405 2902 1694 2963 50 Zeit Marie Immisch und Herrn Hermann John tiefflich isive
1786 2912 2919 2987 theilungen Arbeit Schnitzler's mit sieben Siegeln ver¬
282 2917 400 2982 Für
555 2933 1671 3010 dargestellt, einen starken Erfolg. Der Einacter to.
1986 2939 2924 3022 schlossen; auf Gedankenlesen ist man im Theater
563 2979 1308 3046 „Lebendige Stunden“ ließ ziemlich kalt.
1484 2984 1674 3039 Luulbar
1984 2986 2915 3056 nicht eingerichtet, sonst würde man wohl von Herrn
402 2998 504 3041 200
1318 3004 1456 3061 110.—
1282 3023 1321 3079 „
1977 3019 2912 3087 Moissis beweglichen Mienen die Leidensschicksale des
395 3033 511 3078 500
1280 3016 1706 3111 200.— im Voraus.
1979 3052 2910 3134 von ihm dargestellten Kranken herunterlesen können.
334 3074 510 3138 „ 1000
1975 3097 2908 3177 Da aber Dichtergedanken vor allen Dingen deulich
403 3078 1737 3174 Im Gegensatze zu anderen Bureaux für Zeitungsausschnitte ist das
1980 3130 2907 3203 hörbar gesprochen werden müssen, und Hr. Moisse
287 3133 1738 3196 Abonnement durch keine bestimmte Zeitdauer begrenzt; — auch stcht es den
1984 3173 2912 3253 auf dieses „Muß“ sehr unvollkommen einging, blieb die
290 3175 1611 3250 Abonnenten frei die aufgegebenen Themen zu ergänzen oder zu ändern.
1986 3205 2900 3285 Haudlung unverständlich. Nur Herrn Löwe's Spiel.
1978 3242 2898 3323 welcher einen Schauspieler zu geben hat, der im
414 3246 1737 3326 Der „OBSERVER“ veranstaltet täglich einen Auszug enthaltend die
1967 3291 2898 3355 Krankenhause Mastenstudien macht, wurde mit Iuteress¬
302 3329 1741 3371 Inhaltsangabe aller wichtigen Mittheilungen der Wiener Morgen¬
1976 3324 2905 3407 verfolgt. Das reizende Lustspiel „Literatur“ ent¬
302 3330 1734 3408 blätter (Tagesjournale ausser „Neue Freie Presse“ und „Wiener Zeitung“)
1978 3356 2903 3434 schädigte in Bezug auf Darstellung für die genannten
309 3367 1737 3449 wodurch eine Uebersicht über das gesammte politische und wirthschaftliche
1969 3398 2908 3466 schauspielerischen Mängel des Abends. Das vutuos
292 3414 1743 3484 Leben des In- und Auslandes in drastischer Kürze geboten wird. Diese Mit¬
1963 3440 2898 3516 und geistvoll aufgebaute Stückchen deckte sich mit dem
297 3461 1341 3529 theilungen werden in Wien um 9 Uhr Früh verschickt.
1966 3463 2900 3539 brillanten Zusammenwirken der Frau Buska, der
1959 3494 2896 3580 Herren Wymetal und John. Allein dieser drei
1954 3547 2902 3617 Prachtfiguren wegen lohnt es sich, den Schnitzlerabend
632 3556 1416 3625 Prospecte gratis und franco.
1950 3588 2899 3649 zu besuchen: der Dichter selbst hätte seine helle Freude
1951 3612 2886 3685 an dem wahrheitdurchträukten Auserstehen seiner Ge¬
1961 3652 2912 3729 stalten. Die witzsprudelnde Schöpfung und deren Wie¬
1953 3688 2898 3764 dergabe hat dröhnende Lach= und Appianssalven her¬
1953 3726 2908 3811 vorgerufen. Wie anders klingt doch solche Konversazion
1954 3767 2912 3837 Schnitzler's gegenüber dem seichten — wenngleich lie
1942 3808 2912 3892 benswürdigen Lustspielton unserer gebräuchlichsten Ko#
1927 3843 2900 3939 # mödieuliteraten! Es lebe die Dichtkunst und der Dichter
