3344 4352
156 240 730 349 2. Guttings
804 226 1285 324 box 37/7
813 1229 954 1306 302
1263 1232 1714 1319 Tun TExas Ruvixw
825 1352 2138 1427 amns of a new lover, one from the grave—one from here, an¬
831 1419 2137 1483 other from there—until they all come—?'; but in the present
831 1460 2131 1544 there is always te one, and in the future he secs ouly an end¬
826 1524 2121 1595 less succession of those who aresto be. His“ Weltanschauung?'
820 1580 2140 1637 is truly only a“ Frauenanschauung“', but his world is an
819 1638 2131 1693 andro-centric one, and we cannot suppress a feeling of pity
819 1698 2148 1761 forthe forlorn lot of the countless women who are drawn to
831 1746 2142 1806 him like moths to a light, and are left to perish in the dark
830 1805 1363 1880 when his pleasure dims.
868 1867 2125 1928 Schnitzler’s manner of treatment in these scenes is in¬
827 1924 2131 1996 tensely naturalistie. All the shades and subtleties of feeling
834 1994 2136 2046 are recorded, and no external detail is slighted. The action
828 2034 2140 2102 is given a life-like accuracy, and there is no prudish shying
828 2096 2143 2147 away from the unconventional intimacy between Anatol and
821 2171 2142 2224 his mistresses, but, at the same time, we do not find in the
828 2203 2122 2277 plag angthing that savors of the exploitations of the“ dirty?)
821 2262 2131 2331 for its own sake. There is nothing that conscionsly panders
824 2336 2129 2387 tothe baser instinets and no attempt to justify sexual irregu¬
827 2394 2137 2450 larities. According to the creed of the naturalist, Schnitzler
823 2431 2140 2489 has attempted to represent faithfully a particularly chosen
828 2486 2143 2562 aspect of life as it is lived, and leaves the reader to justify or
829 2550 2141 2600 to condemn. There is no lesson of moral or ethical conduct
833 2619 2146 2667 to be drawn from the play; the story stands for its own sake
836 2666 2138 2728 withont point or purpose. The significant thing abeni Anatol
833 2712 2142 2771 is the prcof it gives of the singular powers of Schnitzler as
829 2789 2138 2845 anartist: his delicate touch in the creation of an atmosphere,
821 2848 2150 2901 his supreme ability in the interpretation of emotion, and in
826 2882 1488 2967 the manufacture of dialogne.
874 2946 2144 3005 In Reigen, Schnitzler has dealt even more candidly with
828 3001 2148 3070 the same theme: the amenability of all classes of mankind to
826 3058 2138 3136 the common passions. Reigen consists of ten scenes, with as
822 3129 2137 3182 many characters, two of them figuring in each scene, Like
837 3185 2145 3242 Anatol, Reigen is expressive of the physician in Schnitzler,
836 3227 2132 3292 and is scientific in spirit as a study of the psyehology of sex.
826 3285 2142 3336 In the broader signiticance it stresses the common nature of
834 3343 2151 3398 mankind and the fact that class distinctions are powerless
822 3394 2164 3493 before the onslaught of the basie passions of all men. On
