<?xml version="1.0" encoding="UTF-8" standalone="yes"?>
<PcGts xmlns="http://schema.primaresearch.org/PAGE/gts/pagecontent/2013-07-15" xmlns:xsi="http://www.w3.org/2001/XMLSchema-instance" xsi:schemaLocation="http://schema.primaresearch.org/PAGE/gts/pagecontent/2013-07-15 http://schema.primaresearch.org/PAGE/gts/pagecontent/2013-07-15/pagecontent.xsd">
    <Metadata>
        <Creator>prov=University of Rostock/Institute of Mathematics/CITlab/Gundram Leifert/gundram.leifert@uni-rostock.de:name=ONB_Newseye_GT_M1+(htr_id=10810)::::v=2.4.2
prov=University of Rostock/Institute of Mathematics/CITlab/Tobias Gruening/tobias.gruening@uni-rostock.de:name=de.uros.citlab.module.baseline2polygon.B2PSeamMultiOriented:v=2.4.2
prov=University of Rostock/Institute of Mathematics/CITlab/Tobias Gruening/tobias.gruening@uni-rostock.de:name=/mnt/transkribus/LA/DEA/URO/LA_news_onb_att.pb:de.uros.citlab.segmentation.CITlab_LA_ML:v=2.4.2
Transkribus</Creator>
        <Created>2019-10-07T15:18:07.089+02:00</Created>
        <LastChange>2019-10-09T01:19:19.854+02:00</LastChange>
        <TranskribusMetadata docId="224259" pageId="9515639" pageNr="4" tsid="16618369" status="IN_PROGRESS" userId="40391" imgUrl="https://files.transkribus.eu/Get?id=PKPWSBIGYYCTYETXWLQIZDWF&amp;fileType=view" xmlUrl="https://files.transkribus.eu/Get?id=LNJKQTICQFARKAYBOHXIMZAF" imageId="6203873"/>
    </Metadata>
    <Page imageFilename="224259_0004.jpeg" imageWidth="3392" imageHeight="4352">
        <ReadingOrder>
            <OrderedGroup id="ro_1711443231096" caption="Regions reading order">
                <RegionRefIndexed index="0" regionRef="r1"/>
                <RegionRefIndexed index="1" regionRef="r2"/>
            </OrderedGroup>
        </ReadingOrder>
        <TextRegion orientation="0.0" id="r1" custom="readingOrder {index:0;}">
            <Coords points="168,199 168,367 734,367 734,199"/>
            <TextLine id="r1l1" custom="readingOrder {index:0;}">
                <Coords points="160,311 369,338 462,323 720,338 741,335 743,248 608,266 492,243 384,265 353,245 260,286 192,241 160,259"/>
                <Baseline points="168,299 196,303 224,306 252,309 281,312 309,313 337,315 366,315 394,317 422,317 451,317 479,317 507,317 535,316 564,316 592,315 620,314 649,313 677,312 705,311 734,311"/>
                <TextEquiv>
                    <Unicode>2. Guttings</Unicode>
                </TextEquiv>
            </TextLine>
            <TextEquiv>
                <Unicode>2. Guttings</Unicode>
            </TextEquiv>
        </TextRegion>
        <TextRegion orientation="0.0" id="r2" custom="readingOrder {index:1;}">
            <Coords points="806,267 806,3511 2263,3511 2263,267"/>
            <TextLine id="r2l1" custom="readingOrder {index:0;}">
                <Coords points="797,317 838,306 892,327 954,323 1039,295 1124,327 1222,301 1245,317 1293,307 1292,232 1097,242 1039,279 957,244 886,242 831,292 797,282"/>
                <Baseline points="806,312 831,307 856,303 881,300 906,298 932,296 957,296 982,295 1007,295 1032,296 1058,296 1083,297 1108,298 1133,298 1158,299 1184,299 1209,298 1234,297 1259,297 1285,294"/>
                <TextEquiv>
                    <Unicode>box 37/7</Unicode>
                </TextEquiv>
            </TextLine>
            <TextLine id="r2l2" custom="readingOrder {index:1;}">
                <Coords points="1134,1338 1867,1353 2065,1297 2179,1341 2238,1261 1133,1303"/>
                <Baseline points="1142,1340 1196,1339 1250,1338 1305,1338 1359,1337 1414,1336 1468,1336 1522,1335 1577,1335 1631,1334 1686,1333 1740,1333 1794,1332 1849,1330 1903,1329 1958,1328 2012,1326 2066,1324 2121,1322 2175,1319 2230,1316"/>
                <TextEquiv>
                    <Unicode>Akrnuk SchNirzzek's Daauaric Wonk 297</Unicode>
                </TextEquiv>
            </TextLine>
            <TextLine id="r2l3" custom="readingOrder {index:2;}">
                <Coords points="916,1463 2169,1450 2230,1397 916,1429"/>
                <Baseline points="925,1454 989,1454 1054,1453 1119,1452 1184,1451 1249,1450 1314,1449 1379,1448 1444,1446 1509,1445 1574,1443 1638,1442 1703,1440 1768,1439 1833,1437 1898,1436 1963,1435 2028,1433 2093,1432 2158,1431 2223,1429"/>
                <TextEquiv>
                    <Unicode>so it is that Schnitzler’s work has also its scientific side. His</Unicode>
                </TextEquiv>
            </TextLine>
            <TextLine id="r2l4" custom="readingOrder {index:3;}">
                <Coords points="917,1505 2238,1489 2237,1453 2160,1445 916,1482"/>
                <Baseline points="925,1509 990,1509 1055,1508 1120,1508 1185,1507 1251,1507 1316,1506 1381,1505 1446,1504 1511,1502 1577,1501 1642,1500 1707,1499 1772,1497 1837,1496 1903,1495 1968,1493 2033,1492 2098,1491 2163,1490 2229,1489"/>
                <TextEquiv>
                    <Unicode>dramas are, in the last analysis, little more than free studies</Unicode>
                </TextEquiv>
            </TextLine>
            <TextLine id="r2l5" custom="readingOrder {index:4;}">
                <Coords points="916,1578 2232,1555 2193,1499 915,1534"/>
                <Baseline points="924,1566 989,1566 1054,1565 1119,1565 1184,1564 1249,1563 1314,1562 1379,1561 1444,1560 1509,1559 1574,1557 1639,1556 1704,1554 1769,1553 1834,1551 1899,1550 1964,1548 2029,1546 2094,1545 2159,1543 2224,1542"/>
                <TextEquiv>
                    <Unicode>in the psychology of sex, but let us remember that this field</Unicode>
                </TextEquiv>
            </TextLine>
            <TextLine id="r2l6" custom="readingOrder {index:5;}">
                <Coords points="912,1625 2235,1608 2182,1558 912,1611"/>
                <Baseline points="921,1628 986,1626 1051,1625 1116,1623 1182,1622 1247,1620 1312,1619 1377,1618 1443,1616 1508,1615 1573,1614 1638,1613 1704,1611 1769,1610 1834,1609 1899,1608 1965,1607 2030,1606 2095,1605 2160,1604 2226,1603"/>
                <TextEquiv>
                    <Unicode>may ultimately be broadened to take in the whole of man's</Unicode>
                </TextEquiv>
            </TextLine>
            <TextLine id="r2l7" custom="readingOrder {index:6;}">
                <Coords points="924,1693 2238,1673 2237,1624 923,1652"/>
                <Baseline points="932,1682 996,1682 1061,1681 1126,1680 1191,1679 1256,1678 1321,1676 1386,1675 1451,1673 1516,1672 1581,1670 1645,1669 1710,1667 1775,1666 1840,1664 1905,1663 1970,1662 2035,1660 2100,1659 2165,1658 2230,1658"/>
                <TextEquiv>
                    <Unicode>endeavor. We know not how much of maternal love, and</Unicode>
                </TextEquiv>
            </TextLine>
            <TextLine id="r2l8" custom="readingOrder {index:7;}">
                <Coords points="915,1742 1994,1742 2197,1730 2231,1674 914,1713"/>
                <Baseline points="923,1743 988,1742 1053,1741 1118,1739 1183,1738 1248,1736 1313,1735 1378,1733 1443,1731 1508,1729 1573,1727 1638,1725 1703,1723 1768,1722 1833,1720 1898,1719 1963,1718 2028,1716 2093,1715 2158,1715 2224,1714"/>
                <TextEquiv>
                    <Unicode>paternal pride,—how much of our Art and Religion,—how</Unicode>
                </TextEquiv>
            </TextLine>
            <TextLine id="r2l9" custom="readingOrder {index:8;}">
                <Coords points="916,1803 2239,1777 2172,1723 916,1773"/>
                <Baseline points="925,1797 990,1796 1055,1795 1120,1793 1186,1791 1251,1790 1316,1788 1382,1786 1447,1784 1512,1782 1578,1781 1643,1778 1708,1777 1773,1775 1839,1774 1904,1773 1969,1772 2035,1771 2100,1771 2165,1771 2231,1772"/>
                <TextEquiv>
                    <Unicode>much of our appreciation of a summer sunset or the joy in</Unicode>
                </TextEquiv>
            </TextLine>
            <TextLine id="r2l10" custom="readingOrder {index:9;}">
                <Coords points="920,1863 2236,1831 2234,1777 919,1816"/>
                <Baseline points="928,1856 993,1854 1058,1853 1123,1851 1188,1849 1253,1847 1318,1846 1383,1843 1448,1841 1513,1839 1578,1837 1643,1835 1708,1833 1773,1831 1838,1830 1903,1828 1968,1827 2033,1826 2098,1825 2163,1825 2228,1825"/>
                <TextEquiv>
                    <Unicode>spring—may be possible only through the existence of this</Unicode>
                </TextEquiv>
            </TextLine>
            <TextLine id="r2l11" custom="readingOrder {index:10;}">
                <Coords points="929,1911 2155,1905 2235,1885 2234,1833 928,1884"/>
                <Baseline points="937,1907 1001,1906 1066,1903 1130,1902 1195,1901 1259,1899 1324,1898 1388,1896 1453,1895 1517,1894 1582,1892 1646,1891 1711,1890 1775,1889 1840,1888 1904,1886 1969,1885 2033,1884 2098,1882 2162,1881 2227,1880"/>
                <TextEquiv>
                    <Unicode>element in our make-up. Let us not then, minify the field of</Unicode>
                </TextEquiv>
            </TextLine>
            <TextLine id="r2l12" custom="readingOrder {index:11;}">
                <Coords points="933,1968 2235,1936 2191,1893 1675,1934 932,1912"/>
                <Baseline points="942,1962 1006,1961 1070,1960 1134,1958 1199,1958 1263,1956 1327,1955 1391,1954 1456,1953 1520,1952 1584,1951 1648,1949 1713,1948 1777,1947 1841,1946 1905,1944 1970,1943 2034,1942 2098,1940 2162,1939 2227,1937"/>
                <TextEquiv>
                    <Unicode>Schnitzler's endeavor until we are sure Lilliput will</Unicode>
                </TextEquiv>
            </TextLine>
            <TextLine id="r2l13" custom="readingOrder {index:12;}">
                <Coords points="922,2027 2236,1997 2186,1950 921,1991"/>
                <Baseline points="929,2021 993,2019 1058,2017 1123,2016 1188,2014 1253,2013 1318,2011 1383,2011 1448,2009 1513,2008 1578,2007 1642,2007 1707,2006 1772,2005 1837,2003 1902,2002 1967,2001 2032,2000 2097,1998 2162,1996 2227,1995"/>
                <TextEquiv>
                    <Unicode>not become Brobdingnag when the microscope of our own</Unicode>
                </TextEquiv>
            </TextLine>
            <TextLine id="r2l14" custom="readingOrder {index:13;}">
                <Coords points="929,2084 1000,2097 1047,2080 1121,2090 1157,2069 1237,2089 1266,2074 1431,2071 1430,2022 1208,2046 1175,2027 1107,2043 1017,2030 981,2050 928,2030"/>
                <Baseline points="938,2076 963,2076 989,2074 1014,2074 1040,2073 1065,2073 1091,2073 1116,2072 1142,2072 1167,2072 1193,2072 1218,2071 1244,2071 1269,2071 1295,2070 1320,2069 1346,2068 1371,2067 1397,2066 1423,2064"/>
                <TextEquiv>
                    <Unicode>ignorance is removed.</Unicode>
                </TextEquiv>
            </TextLine>
            <TextLine id="r2l15" custom="readingOrder {index:14;}">
                <Coords points="984,2141 2240,2117 2239,2086 2082,2060 1780,2104 984,2097"/>
                <Baseline points="993,2133 1054,2134 1116,2134 1178,2134 1240,2133 1302,2133 1364,2132 1426,2131 1488,2130 1550,2129 1612,2127 1673,2126 1735,2125 1797,2123 1859,2121 1921,2120 1983,2118 2045,2116 2107,2114 2169,2113 2231,2111"/>
                <TextEquiv>
                    <Unicode>Arthur Schnitzler was born in Vienna on May 15, 1862, the</Unicode>
                </TextEquiv>
            </TextLine>
            <TextLine id="r2l16" custom="readingOrder {index:15;}">
                <Coords points="933,2218 2239,2177 2238,2128 2158,2124 932,2161"/>
                <Baseline points="941,2192 1005,2192 1070,2191 1134,2190 1199,2189 1263,2188 1328,2187 1392,2186 1457,2185 1521,2184 1586,2182 1650,2181 1715,2180 1779,2179 1844,2177 1908,2176 1973,2174 2037,2173 2102,2171 2166,2170 2231,2169"/>
                <TextEquiv>
                    <Unicode>son of a renowned Jewish physician. He studied medieine</Unicode>
                </TextEquiv>
            </TextLine>
            <TextLine id="r2l17" custom="readingOrder {index:16;}">
                <Coords points="932,2254 2235,2218 2193,2176 932,2216"/>
                <Baseline points="940,2252 1004,2251 1068,2249 1133,2248 1197,2247 1261,2246 1326,2244 1390,2243 1454,2242 1519,2240 1583,2239 1647,2238 1712,2236 1776,2235 1840,2233 1905,2232 1969,2231 2033,2230 2098,2229 2162,2227 2227,2226"/>
                <TextEquiv>
                    <Unicode>at the University of Vienna and obtained the degree of</Unicode>
                </TextEquiv>
            </TextLine>
            <TextLine id="r2l18" custom="readingOrder {index:17;}">
                <Coords points="923,2316 2239,2284 2166,2243 922,2275"/>
                <Baseline points="931,2309 996,2307 1061,2306 1126,2305 1191,2303 1256,2302 1321,2301 1386,2300 1451,2299 1516,2298 1581,2297 1646,2296 1711,2294 1776,2293 1841,2291 1906,2290 1971,2288 2036,2286 2101,2284 2166,2282 2231,2279"/>
                <TextEquiv>
                    <Unicode>Doctor of Medicine in 1885. After graduation, he was en¬</Unicode>
                </TextEquiv>
            </TextLine>
            <TextLine id="r2l19" custom="readingOrder {index:18;}">
                <Coords points="1901,2346 1985,2365 2019,2349 2042,2360 2070,2349 2131,2359 2242,2347 2240,2303 2187,2291 2117,2330 2080,2301 2021,2293 1957,2313 1900,2297"/>
                <Baseline points="1909,2344 1936,2345 1963,2345 1990,2345 2017,2344 2044,2343 2071,2342 2098,2341 2125,2340 2152,2338 2179,2337 2206,2337 2233,2337"/>
                <TextEquiv>
                    <Unicode>hospitals. He</Unicode>
                </TextEquiv>
            </TextLine>
            <TextLine id="r2l20" custom="readingOrder {index:19;}">
                <Coords points="925,2379 1903,2348 1902,2316 1705,2303 924,2341"/>
                <Baseline points="933,2370 981,2368 1029,2366 1077,2364 1125,2363 1173,2361 1221,2360 1269,2358 1317,2357 1365,2356 1414,2355 1462,2354 1510,2353 1558,2352 1606,2351 1654,2349 1702,2348 1750,2347 1798,2346 1846,2345 1895,2343"/>
                <TextEquiv>
                    <Unicode>gaged for two years in one of the large</Unicode>
                </TextEquiv>
            </TextLine>
            <TextLine id="r2l21" custom="readingOrder {index:20;}">
                <Coords points="936,2438 2222,2411 2241,2363 934,2384"/>
                <Baseline points="944,2424 1008,2422 1072,2420 1137,2418 1201,2417 1266,2415 1330,2413 1395,2412 1459,2410 1524,2408 1588,2407 1652,2405 1717,2404 1781,2403 1846,2401 1910,2400 1975,2398 2039,2397 2104,2396 2168,2395 2233,2393"/>
                <TextEquiv>
                    <Unicode>began early to contribute poems and p. sketches to the</Unicode>
                </TextEquiv>
            </TextLine>
            <TextLine id="r2l22" custom="readingOrder {index:21;}">
                <Coords points="938,2491 2208,2462 2243,2416 936,2441"/>
                <Baseline points="946,2480 1010,2477 1074,2476 1139,2473 1203,2472 1268,2470 1332,2468 1397,2467 1461,2466 1526,2464 1590,2463 1654,2462 1719,2461 1783,2459 1848,2458 1912,2457 1977,2456 2041,2454 2106,2453 2170,2451 2235,2449"/>
                <TextEquiv>
                    <Unicode>literary journals of the day. It was as this early period of</Unicode>
                </TextEquiv>
            </TextLine>
            <TextLine id="r2l23" custom="readingOrder {index:22;}">
                <Coords points="932,2537 2247,2511 2246,2472 2014,2466 932,2495"/>
                <Baseline points="940,2534 1008,2533 1076,2531 1145,2529 1213,2528 1281,2526 1350,2525 1418,2523 1486,2522 1555,2521 1623,2519 1692,2518 1760,2517 1828,2515 1897,2514 1965,2513 2033,2512 2102,2510 2170,2509 2239,2508"/>
                <TextEquiv>
                    <Unicode>his life, also, that he became interested in psychic phenomena,</Unicode>
                </TextEquiv>
            </TextLine>
            <TextLine id="r2l24" custom="readingOrder {index:23;}">
                <Coords points="935,2600 2243,2561 2173,2515 935,2560"/>
                <Baseline points="944,2592 1008,2591 1073,2589 1137,2587 1202,2585 1266,2584 1331,2582 1395,2581 1460,2579 1524,2578 1589,2577 1654,2575 1718,2574 1783,2573 1847,2571 1912,2570 1976,2568 2041,2567 2105,2565 2170,2564 2235,2562"/>
                <TextEquiv>
                    <Unicode>especially hypnotism and suggestion, to which we find refer¬</Unicode>
                </TextEquiv>
            </TextLine>
            <TextLine id="r2l25" custom="readingOrder {index:24;}">
                <Coords points="941,2649 2250,2611 2121,2578 940,2615"/>
                <Baseline points="948,2648 1012,2646 1077,2645 1141,2643 1206,2641 1271,2639 1335,2638 1400,2636 1465,2634 1529,2632 1594,2631 1659,2629 1723,2628 1788,2626 1853,2625 1917,2624 1982,2623 2047,2622 2111,2621 2176,2620 2241,2620"/>
                <TextEquiv>
                    <Unicode>ences in his Anatol and Paracelsus. After a short trip to</Unicode>
                </TextEquiv>
            </TextLine>
            <TextLine id="r2l26" custom="readingOrder {index:25;}">
                <Coords points="937,2712 2160,2701 2238,2683 2237,2647 936,2681"/>
                <Baseline points="944,2706 1008,2704 1072,2703 1136,2702 1201,2700 1265,2698 1329,2697 1394,2695 1458,2693 1522,2691 1587,2689 1651,2688 1715,2686 1779,2684 1844,2683 1908,2682 1972,2680 2037,2679 2101,2678 2165,2677 2230,2677"/>
                <TextEquiv>
                    <Unicode>England, he settled down in Vienna as a practicing physician.</Unicode>
                </TextEquiv>
            </TextLine>
            <TextLine id="r2l27" custom="readingOrder {index:26;}">
                <Coords points="931,2794 1279,2750 2196,2757 2238,2693 929,2720"/>
                <Baseline points="938,2765 1002,2764 1067,2762 1131,2760 1196,2758 1261,2756 1325,2755 1390,2753 1455,2751 1519,2749 1584,2747 1649,2746 1713,2744 1778,2742 1843,2740 1907,2738 1972,2736 2037,2735 2101,2733 2166,2731 2231,2729"/>
                <TextEquiv>
                    <Unicode>It is probable that Schnitzler's application to his literary</Unicode>
                </TextEquiv>
            </TextLine>
            <TextLine id="r2l28" custom="readingOrder {index:27;}">
                <Coords points="930,2822 2220,2807 2246,2739 929,2794"/>
                <Baseline points="938,2821 1003,2819 1068,2817 1133,2816 1198,2814 1263,2811 1328,2810 1393,2808 1458,2806 1523,2804 1588,2802 1653,2800 1718,2798 1783,2797 1848,2795 1913,2793 1978,2791 2043,2790 2108,2788 2173,2787 2239,2785"/>
                <TextEquiv>
                    <Unicode>labors was not altogether pleasing to his father, and we find</Unicode>
                </TextEquiv>
            </TextLine>
            <TextLine id="r2l29" custom="readingOrder {index:28;}">
                <Coords points="943,2876 2250,2847 2013,2799 941,2842"/>
                <Baseline points="950,2878 1014,2877 1079,2875 1143,2873 1208,2872 1273,2869 1337,2867 1402,2865 1466,2863 1531,2860 1596,2858 1660,2856 1725,2853 1789,2851 1854,2850 1918,2848 1983,2846 2048,2845 2112,2843 2177,2843 2242,2842"/>
                <TextEquiv>
                    <Unicode>many instances in his works of that“conflict of the genera¬</Unicode>
                </TextEquiv>
            </TextLine>
            <TextLine id="r2l30" custom="readingOrder {index:29;}">
                <Coords points="935,2941 2244,2900 2187,2856 2014,2855 934,2909"/>
                <Baseline points="943,2933 1007,2931 1072,2929 1136,2926 1201,2924 1266,2922 1330,2920 1395,2918 1460,2916 1524,2914 1589,2913 1654,2911 1718,2910 1783,2908 1848,2907 1912,2905 1977,2904 2042,2903 2106,2902 2171,2902 2236,2901"/>
                <TextEquiv>
                    <Unicode>tions' '—that incompatibility of youth and age—which usually</Unicode>
                </TextEquiv>
            </TextLine>
            <TextLine id="r2l31" custom="readingOrder {index:30;}">
                <Coords points="934,2998 2255,2956 2242,2918 2062,2914 933,2956"/>
                <Baseline points="943,2989 1008,2987 1073,2985 1138,2983 1203,2980 1268,2979 1333,2977 1399,2975 1464,2974 1529,2972 1594,2971 1659,2970 1724,2968 1789,2967 1855,2966 1920,2964 1985,2962 2050,2961 2115,2959 2180,2958 2246,2956"/>
                <TextEquiv>
                    <Unicode>takes the form of a protest against interference on the part</Unicode>
                </TextEquiv>
            </TextLine>
            <TextLine id="r2l32" custom="readingOrder {index:31;}">
                <Coords points="937,3032 1077,3062 1987,3031 1986,2997 1850,2977 937,3014"/>
                <Baseline points="946,3044 997,3043 1049,3042 1100,3041 1152,3040 1204,3038 1255,3037 1307,3035 1359,3033 1410,3032 1462,3030 1514,3028 1565,3027 1617,3026 1669,3024 1720,3023 1772,3022 1824,3021 1875,3020 1927,3019 1979,3019"/>
                <TextEquiv>
                    <Unicode>of a parent in the son'’s choice of a profession.</Unicode>
                </TextEquiv>
            </TextLine>
            <TextLine id="r2l33" custom="readingOrder {index:32;}">
                <Coords points="985,3101 2260,3084 2259,3043 2178,3030 984,3052"/>
                <Baseline points="993,3098 1055,3097 1118,3097 1181,3096 1244,3094 1307,3093 1370,3092 1433,3090 1496,3089 1559,3087 1622,3086 1684,3084 1747,3082 1810,3081 1873,3079 1936,3078 1999,3076 2062,3075 2125,3074 2188,3073 2251,3072"/>
                <TextEquiv>
                    <Unicode>The case of a creative genius in the realm of letters who,</Unicode>
                </TextEquiv>
            </TextLine>
            <TextLine id="r2l34" custom="readingOrder {index:33;}">
                <Coords points="934,3164 2247,3140 2223,3087 1866,3086 934,3144"/>
                <Baseline points="942,3160 1006,3158 1071,3156 1136,3153 1201,3152 1266,3150 1331,3149 1395,3147 1460,3146 1525,3144 1590,3143 1655,3141 1720,3140 1785,3139 1849,3137 1914,3135 1979,3133 2044,3131 2109,3129 2174,3127 2239,3124"/>
                <TextEquiv>
                    <Unicode>at the same time, is an active and successful medical practi¬</Unicode>
                </TextEquiv>
            </TextLine>
            <TextLine id="r2l35" custom="readingOrder {index:34;}">
                <Coords points="942,3214 2252,3189 2205,3146 1861,3143 942,3188"/>
                <Baseline points="950,3216 1014,3214 1079,3211 1144,3208 1208,3206 1273,3204 1338,3203 1402,3201 1467,3199 1532,3198 1597,3197 1661,3196 1726,3194 1791,3193 1855,3192 1920,3191 1985,3190 2049,3189 2114,3188 2179,3187 2244,3186"/>
                <TextEquiv>
                    <Unicode>tioner and to whom literature is only a side-line at best, is</Unicode>
                </TextEquiv>
            </TextLine>
            <TextLine id="r2l36" custom="readingOrder {index:35;}">
                <Coords points="941,3263 1077,3291 2255,3241 2192,3194 940,3243"/>
                <Baseline points="949,3271 1013,3269 1078,3267 1143,3266 1208,3264 1273,3262 1338,3261 1403,3259 1468,3258 1533,3256 1598,3255 1662,3253 1727,3252 1792,3251 1857,3249 1922,3248 1987,3247 2052,3246 2117,3244 2182,3243 2247,3242"/>
                <TextEquiv>
                    <Unicode>so extraordinary that we are justified in expecting to find</Unicode>
                </TextEquiv>
            </TextLine>
            <TextLine id="r2l37" custom="readingOrder {index:36;}">
                <Coords points="939,3336 2261,3297 2165,3249 938,3286"/>
                <Baseline points="946,3329 1011,3327 1076,3325 1142,3324 1207,3323 1272,3321 1338,3319 1403,3317 1468,3316 1534,3314 1599,3312 1664,3310 1730,3309 1795,3307 1860,3306 1926,3304 1991,3303 2056,3301 2122,3300 2187,3299 2253,3298"/>
                <TextEquiv>
                    <Unicode>a casual relation between the peculiar nature of his vocation</Unicode>
                </TextEquiv>
            </TextLine>
            <TextLine id="r2l38" custom="readingOrder {index:37;}">
                <Coords points="946,3391 2255,3348 2192,3310 945,3355"/>
                <Baseline points="953,3381 1017,3381 1082,3380 1147,3379 1211,3378 1276,3377 1341,3375 1405,3374 1470,3373 1535,3371 1600,3370 1664,3368 1729,3366 1794,3365 1858,3363 1923,3361 1988,3359 2052,3357 2117,3355 2182,3354 2247,3352"/>
                <TextEquiv>
                    <Unicode>and his manner of living, on the one hand, and the turn which</Unicode>
                </TextEquiv>
            </TextLine>
            <TextLine id="r2l39" custom="readingOrder {index:38;}">
                <Coords points="946,3442 2218,3426 2260,3379 945,3406"/>
                <Baseline points="955,3436 1019,3437 1084,3437 1149,3437 1214,3437 1279,3436 1344,3435 1409,3433 1474,3432 1539,3430 1604,3428 1668,3425 1733,3424 1798,3422 1863,3419 1928,3417 1993,3416 2058,3414 2123,3412 2188,3411 2253,3410"/>
                <TextEquiv>
                    <Unicode>his artistic labors has taken, on the other. This relation can</Unicode>
                </TextEquiv>
            </TextLine>
            <TextLine id="r2l40" custom="readingOrder {index:39;}">
                <Coords points="950,3498 1452,3516 2272,3465 2194,3421 949,3467"/>
                <Baseline points="958,3498 1023,3497 1088,3496 1153,3495 1219,3494 1284,3493 1349,3491 1414,3490 1480,3488 1545,3487 1610,3485 1675,3483 1741,3481 1806,3479 1871,3477 1936,3475 2002,3473 2067,3471 2132,3469 2197,3466 2263,3464"/>
                <TextEquiv>
                    <Unicode>be plainly established, I think, in the case of Schnitzler. It</Unicode>
                </TextEquiv>
            </TextLine>
            <TextEquiv>
                <Unicode>box 37/7
Akrnuk SchNirzzek's Daauaric Wonk 297
so it is that Schnitzler’s work has also its scientific side. His
dramas are, in the last analysis, little more than free studies
in the psychology of sex, but let us remember that this field
may ultimately be broadened to take in the whole of man's
endeavor. We know not how much of maternal love, and
paternal pride,—how much of our Art and Religion,—how
much of our appreciation of a summer sunset or the joy in
spring—may be possible only through the existence of this
element in our make-up. Let us not then, minify the field of
Schnitzler's endeavor until we are sure Lilliput will
not become Brobdingnag when the microscope of our own
ignorance is removed.
Arthur Schnitzler was born in Vienna on May 15, 1862, the
son of a renowned Jewish physician. He studied medieine
at the University of Vienna and obtained the degree of
Doctor of Medicine in 1885. After graduation, he was en¬
hospitals. He
gaged for two years in one of the large
began early to contribute poems and p. sketches to the
literary journals of the day. It was as this early period of
his life, also, that he became interested in psychic phenomena,
especially hypnotism and suggestion, to which we find refer¬
ences in his Anatol and Paracelsus. After a short trip to
England, he settled down in Vienna as a practicing physician.
It is probable that Schnitzler's application to his literary
labors was not altogether pleasing to his father, and we find
many instances in his works of that“conflict of the genera¬
tions' '—that incompatibility of youth and age—which usually
takes the form of a protest against interference on the part
of a parent in the son'’s choice of a profession.
The case of a creative genius in the realm of letters who,
at the same time, is an active and successful medical practi¬
tioner and to whom literature is only a side-line at best, is
so extraordinary that we are justified in expecting to find
a casual relation between the peculiar nature of his vocation
and his manner of living, on the one hand, and the turn which
his artistic labors has taken, on the other. This relation can
be plainly established, I think, in the case of Schnitzler. It</Unicode>
            </TextEquiv>
        </TextRegion>
    </Page>
</PcGts>
