3344 4320
123 245 231 330 9.
914 248 1367 330 box 34/8
238 313 748 359 —
812 452 1297 538 (Quellenangabe ohne Gewähr.)
519 524 1485 635 Kusschnitt as 2/6720
631 607 1572 734 2 - SSsar
513 666 679 728 vom:
969 807 1580 917 Teatrene.
926 936 1641 1015 et kgl. Teater: Arthur Schnitz¬
956 1011 1637 1083 ler: Literatur, Lystspil i 1 Akt.
965 1064 1639 1147 (Paa ny indstuderet). — Afskeds¬
958 1136 1643 1204 Souper, Lystspil i 1 Akt. (1.Gang).
966 1162 1662 1251 — Pjerrettes Sler, Pantomime i 3
960 1245 1657 1310 Billeder, Musiken af Ernst von
977 1299 1677 1382 Dohndngi med Fru Elsa Galafrés
980 1365 1605 1443 og Komponisten som Gaster.
944 1442 1670 1517 Det var en fikst sammensat Ar¬
890 1504 1665 1573 thur-Schnitzler-Aften 1 Gaar. Den
902 1554 1665 1624 tegnede i hvert Fald godt, og Stemnin¬
903 1591 1671 1701 gen var til at begynde med den aller¬
905 1695 1069 1758 bedste.
952 1740 1669 1807 Det kendte lille Skuespil Literatur
894 1793 1682 1867 vakte paa ny Munterhed. Replikerne
874 1871 1669 1929 Der vel turncrede og rummer megen
899 1894 1674 1989 verdensklog Spydighed. Baade Hr.
902 1977 1682 2049 Liebman og Hr. Hofman var godt i
901 2039 1675 2113 Stilen i deres gamle Roller som den
903 2072 1683 2162 ikke meget intelligente Aristokrat og
897 2159 1682 2231 den ikke mere modige Literat. Fru
896 2220 1682 2297 Karen Lund (der havde arvet Fru
907 2274 1676 2364 Emma Thomsens Rolle) som den kvin¬
908 2339 1677 2410 delige Reprasentant for „Literatu¬
916 2392 1682 2470 ren“ gik helt godt ind i Ensemblet.
914 2463 1661 2522 Afskeds-Souper er holdt ganske i sam¬
902 2519 1664 2581 me Stil, men nok saa vittigt. Man
909 2579 1674 2653 syntes at genkende Peter Nansen i
905 2632 1688 2718 adskillige af Replikerne. Stykket blev
909 2697 1675 2772 flot og overlegent spillet af Herrerne
1144 3639 1466 3780 rtgene
936 3784 1716 3860 Hr. Ernst von Dohnänyi i Virksomhed
929 3876 1717 3933 Johannes Poulsen og Reumert og Frk.
942 3942 1718 4000 Ingeborg Larsen som den madkare
933 4000 1105 4058 Dame.
990 4046 1729 4113 Latter og Bifald fulgte denne ferste
947 4113 1291 4179 Del af Aftenen.
1650 780 2421 856 rende Födder frembragte ingen Illu¬
1656 852 2420 910 sion, og, hvad varre var: hun kunde
1651 917 2413 968 slet ikke danse, end ikke gaa eller le¬
1662 972 2436 1027 be over Scenen uden i Luntetrav. Og
1671 1019 2426 1088 det allerbesynderligste: hendes An¬
1667 1077 2422 1143 sigts Mimik var stillestaaende og li¬
1660 1154 2438 1214 det talende, og den Hemmelighed at
1804 1823 2290 1949 SA
1792 1883 2140 2010 ii  S
1744 1966 2395 2074 # AS
1763 2085 2143 2200 7 0
2326 2171 2370 2231 8
1827 2205 1856 2245 —
1844 2182 2307 2302 9 2
1691 2305 2461 2365 Fru Elsa Galnfrès som Pjerrette og
1763 2349 2363 2419 Hr. Uhlendorff som Pjerrot.
1693 2427 2455 2495 lade selve Legemet og Beviegelserne
1690 2491 2471 2571 tale kendte Fruen aabenbart ikke det##
1681 2558 1935 2623 mindste til.
1739 2613 2464 2693 At lade denne Dame optrade som
1685 2657 2463 2741 den danske Ballets Gest er mildest
1688 2730 2465 2790 talt at bringe Ugler til Athen. Til
1701 2777 2470 2865 g med skal Fruen i Interviews have
1690 2840 2462 2912 udtalt som sin Overbevisning, at „Bal¬
1698 2915 2457 2979 letdanserinder ikke kan spille Panto¬
1702 2972 2471 3040 mime“ Vi vilde oprigtigt euske, Fru
1702 3028 2464 3105 Galafrès kunde faa Lejlighed til at
1701 3085 2461 3163 se Fru Price de Plane eller Fru Jor¬
1703 3146 2467 3223 gen Jensen som Pjerrette. Saa kunde
1695 3205 2479 3277 hun maaske af disse smaa ubelydelige
1700 3274 2461 3341 Balletdanserinder lare, hvordan den¬
1700 3320 2468 3396 ne Rolle skal „mimes“. Selv er hun
1704 3383 2482 3459 ikke verdig at lese deres Skobaand.
2267 3437 2452 3500 Ch. K.
1662 3440 1847 3606 X
