3392 4256
130 242 751 333 —
909 234 1360 315 box 34/8
1805 124 2530 192 ARTHUR SCHNITZLER: Litera¬
1863 180 2532 267 tur. Lystspil 1 1 Akt, oversat
1867 259 2496 330 af Fru Emmy Drachmann. -
1861 324 2544 393 Afskeds-Souper. Lystspil 1 1
1869 390 2529 473 Akt, oversat af Hr. Peter Nan¬
1867 464 2533 529 sen. — Pierrettes Sler. Pan¬
1867 531 2546 587 tomime i 3 Billeder. Musiken!
1853 600 2501 669 af Hr. Ernst von Dohnangl.
1813 701 2534 755 Det kgl. Teater, som endnu ikke
1783 756 2542 821 har drevet det til at opfere et af
1785 810 2533 879 Arthur Schnitzlers virkeligt bety¬
1788 869 2537 945 dende sterre Skuespil, havde i Af¬
1791 930 2558 995 tes sammensat en Forestilling af!.
1784 978 2536 1065 tre af den estrigske Digters min¬
1774 1021 2535 1115 dre Arbejder, hvoraf de to i For¬
1788 1109 2369 1169 vejen tilherte Repertoiret.
1809 1141 2549 1232 I Literatur var Fru Karen Lund
1787 1210 2539 1288 traadt ind i Forfatterinden Mar¬
1776 1264 2533 1360 gretcs Rolle, som tidligere er spil¬
1783 1331 2531 1400 let af Fru Emma Thomsen. Fru
1781 1385 2535 1460 Karen Lund gav et meget levende
1784 1438 2532 1516 Billede af den noget forjaskede
1771 1506 2530 1568 Dame og blev fortraffeligt sekun¬
1781 1563 2534 1631 deret af Hr. Liebmann som hendes
1775 1611 2539 1689 nuverende og Hr. Hofman som
1767 1650 2453 1740 hendes forhenverende Elsker.
1811 1719 2541 1805 I Afskeds-Souper, som tilherer
1767 1803 2531 1860 den Rekke smaa vittigt- sentimen¬
1762 1847 2533 1925 tale Enaktere, der skildrer Anatols
1766 1916 2518 1978 rekslende Elskovsforhold, spillede
1768 1960 2517 2038 Frk. Ingeborg Lorsen Balletdan¬
1768 2030 2520 2083 serinden frit og muntert. Hr. Jo¬
1768 2080 2536 2176 hannes Poulsen var en elegant
1772 2142 2517 2212 Anatol og Hr. Paul Reumert ud¬
1762 2196 2514 2274 Imerket som Vennen, den skepti¬
1771 2256 1989 2312 ske Max.
1801 2305 2529 2390 Forestillingen sluttede med den
1755 2355 2528 2452 Itragiske Pantomime Pierrettes Sler,
1759 2432 2525 2504 hvis Musik dirigeredes af Kompo¬
1767 2482 2521 2555 nisten Hr. Ernst von Dohnanyi.
1761 2545 2524 2625 Det er en fin og nydelig Musik,
1767 2600 2512 2674 som spiller i alle Stemnings-Spek¬
1761 2661 2514 2741 trets Farver, og den blev fortreef¬
1754 2693 2516 2789 feligt udfert af Kapellet umier
1764 2776 2514 2847 Komponistens energiske og elek¬
1765 2836 2208 2899 triserende Anfersel.
1787 2885 2517 2957 Pierrette blev fremstillet af
1766 2948 2508 3017 Wiener-Danserinden Fru Elsa Ga¬
1759 3009 2517 3080 lafrés, der maaske nok i dette Ung¬
1752 3065 2515 3135 pige-Parti virkede lidt for yppigt
1761 3127 2519 3189 efter vore Begreber, og som i hvert
1764 3178 2515 3265 Tilftelde ikke fordunklede Mindet
1754 3232 2520 3322 om Fru Ellen Price i den store
1754 3301 2510 3372 Vanvids-Scene, hvormed Pantomi¬
1757 3349 2521 3420 men slutter. Det var en lidt for
1751 3423 2501 3478 bevidst understreget Primadonna¬
1751 3467 2508 3566 Prestation, som ikke umiddelbart
1757 3523 2182 3588 rev Publikum hen.
1779 3574 2513 3665 Efter Teeppets Fald blev Fru
1756 3639 2497 3711 Galafrés fremkaldt, men Bifaldet
1749 3698 2497 3768 led nok saa varmt, da Hr. Doh¬
1748 3761 2509 3823 nanyi derefter viste sig ved Diri¬
1734 3814 2018 3877 gentpulten.
2349 3827 2469 3886 —.
1739 3914 2525 3984 DOO00-0-00—0-0—
