3344 4352
133 285 757 379 —
839 271 1363 347 box 34/8
1292 1393 1778 1449 . olilie Gewähr)
986 1443 1398 1529 Ausschnitt aus
1348 1427 2166 1641 nen hehen
1274 1530 1865 1636 8- 9 101: München
994 1567 1135 1619 vom:
1059 1660 1958 1761 Schauspielhaus. Auch das Schallspielhaus
1038 1726 1969 1788 hatte seinen Schuitzlex=Abend. Zwei Stücke wurden
1052 1768 1958 1824 neu einstudiert, die schon dadurch, daß sie immer
1049 1805 1962 1884 wieder auf dem Spielplan erscheinen, beweisen,
1043 1834 1962 1929 daß sie zu den Werken Schnitzlers gehören, in
1032 1873 1424 1937 denen Dauer wohnt.
1059 1919 1954 1990 Man begann mit Literatur, den kleinen Ein¬
1038 1957 1957 2015 akter, spielend zwischen einem Schriftsteller, einer
1031 2001 1938 2066 Schriftstellerin und einem Baron. Das Werkcher
1021 2031 1944 2098 zeigt, wie das Problem zu lösen ist, aus einen
969 2097 1892 2173 lustigen Einfall, der von Haus aus vielleicht nicht
978 2157 1893 2219 mehr ist, als ein Atelierscherz, eine menschlich
974 2188 1895 2256 interessierende Studie zu gestalten. Neu war
975 2228 1886 2291 Fräulein Nosar in der Rolle der Margarete
963 2262 1901 2324 Die Darstellerin faßte die Aufgabe mit Humor an,
979 2309 1896 2363 ##### sie mit Wiener Dialekt und wußte, ohne ge¬
985 2343 1902 2401 rade die ästhetisierende Schnttzlersche Linie-heraus¬
975 2389 1701 2450 zuheben, viel Lustigkeit zu verbreiten.
1010 2417 1904 2476 Zwanglos gliederte sich der erste Akt von Liebe¬
981 2469 1902 2508 lei mit seiner hübschen Anatolstimmung dem Ein¬
979 2504 1898 2559 akter an. Hier war es neben Herrn Günthers lusti¬
980 2535 1911 2604 gem Theodor und Herrn v. Dunieckis würdigem
982 2580 1903 2631 Fritz besonders Fräulein Ruß, die als fesche und
975 2619 1901 2678 resche Mizzi Schlager das leider nicht sehr dicht
975 2647 1901 2715 besetzte Haus durch die Ein= und Ausfälle ihrer
970 2691 1903 2741 guten Laune vergnüglich zu unterhalten wußte.
983 2724 1915 2778 Die tragischen Accente der beiden letzten Akte
984 2778 1905 2817 waren Fräulein Rosar erstmalig anvertraut. Man
985 2808 1911 2853 kann sagen, daß diese oft gespielte Rolle zu denen
984 2845 1917 2899 gehört, die in recht unterschiedlicher Weise darge¬
995 2885 1905 2938 stellt werden. Fräulein Rosar versuchte ohne
992 2923 1903 2975 Pathetik auszukommen und blieb einfach bis zu¬
990 2962 1908 3009 letzt, bis in den großen Schmerzausbruch hinein
992 2995 1916 3049 und gab so eine temperamentvolle, überzeugende
997 3046 1176 3099 Leistung.
1023 3086 1913 3127 Das Publikum kargte nicht mit Beifall und der
1002 3119 1927 3166 im Hause anwesende Dichter konnte sich mit den
988 3146 1931 3216 Darstellern wiederholt für die Sympathiekund,
977 3195 1667 3267 Igebungen an der Nampe bedanken.
