3344 4352
160 298 395 381 9. L.
609 317 776 383 tur
367 377 682 408 —
964 313 1423 399 box 34/8
847 2013 1761 2114 Kunst und Literatur.
986 2128 1814 2182 Landestheater. — Ein Schnitzler¬
851 2171 1830 2225 abend. — Das moderne Drama neigt sich in
855 2212 1829 2260 seiner Structur immer mehr dem Novellenhaften
840 2259 1829 2302 zu. Man hat die äußere Handlung zurückge¬
850 2304 1829 2357 drängt und will sich darauf beschränken, die
851 2340 1829 2381 inneren Motive, das innere Vorsichgehen einer
846 2390 1837 2427 Handlung darzustellen. Dadurch werden an den
841 2429 1835 2487 Schauspieler Forderungen gestellt, die ein genaues
853 2477 1828 2531 und künstlerisch schauendes Lebensstudium er¬
853 2520 1833 2561 fordern. Schnitzler malt in Dialogen die Mängel
841 2564 1824 2616 der modernen Gesellschaft, wie in einer Novelle
853 2601 1834 2650 blos mit den dialogischen Mitteln, und die
856 2650 1828 2695 Analyse, die Prosa, müssen die Schauspieler
851 2688 1836 2738 durch ihr Spiel ergänzen. Für unser Theater
844 2731 1830 2789 ist das freilich eine große Aufgabe, sowohl für
854 2781 1823 2844 die dramaturgische Leitung, wie für die Dar¬
862 2817 1128 2879 steller selbst.
929 2868 1826 2937 Der erste Einacter des vorgestrigen Pre¬
846 2929 1826 2974 mièreabends, „Literatur“ wurde noch am
854 2968 1824 3019 glimpflichsten behandelt. Es ist ein etwas
862 3008 1826 3051 bitteres, aber bis zur Komik gesteigertes Bild
846 3053 1835 3108 der modernen literarischen Bewegung, die mehr
855 3095 1833 3137 Dilettanten als Talente mitzuziehen vermag,
851 3137 1824 3183 da sie das Leben des Einzelnen als einzige
852 3183 1830 3228 künstlerische Wahrheit darstellt. Die Margarethe
849 3221 1817 3269 muß daher ein Blaustrumpf reinsten Wassers
851 3266 1830 3319 sein, mit dem matten Glanz blonder, berücken¬
852 3308 1831 3365 der Haarflechten und saphirblauer Augen. Mit
851 3356 1824 3401 einem etwas emancipirt=burschikosen Auftreten,
845 3403 1814 3442 der die vornehm erzogene Convention zu ver¬
847 3434 1820 3484 drängen sucht, aber es nicht vermag. Es ist für
846 3484 1822 3543 Margarethe blos ein Plaisir — wie das Reiten,
855 3531 1830 3575 und statt im Sattel mit ihrem Liebhaber dahin
847 3587 1828 3630 zu sausen, quält sie die wenigen Unzen Ver¬
851 3616 1821 3664 standes, das kleine, hausbackene Herz eines All¬
841 3659 1830 3712 tagsmenschen mit dem Wahne großer Idren,
854 3705 1803 3746 mit der Empfindung rasender Leidenschaften —
848 3753 1833 3801 alles, was sie nicht besitzt, blos im Durchschnitts¬
846 3806 1831 3849 maße. Frau Ruziéka=Strozzi liegt offen¬
853 3840 1837 3891 bar diese Rolle nicht. Dieser stets larmoyante
851 3880 1844 3936 Ton, diese thränenhaft classische Diction, diese
846 3932 1828 3978 immer correcte Pose einer shakespeare'schen He¬
839 3966 1824 4016 roine sind da nicht am Platze. Da muß Leben,
852 4008 1826 4058 das künstlich potencirt gewollte Leben des Ge¬
851 4056 1832 4108 nießens, discret in den intimen Momenten her¬
854 4109 1830 4153 ausgekehrt und ebenda gezeigt werden, wie sich
841 4142 1830 4182 die gute Margarethe nicht von den Gefühlen
854 4186 1818 4236 einer närrisch verliebten Probirmamsell unter¬
1847 476 2832 545 täten verlangt, wurde schlecht gespielt und noch
1851 509 2830 591 schlechter besetzt. Die Rolle Radenmachers paßt
1849 568 2830 619 für Freudenreich nicht, nicht er hätte den
1842 597 2839 674 kranken Schauspieler spielen sollen. Das schlechte
1854 650 2816 703 Spiel erreichte aber im „Grünen Cacadu“
1851 684 2833 741 seinen Höhepunkt. Daß die Censur einige revo¬
1853 737 2835 799 lutionäre Ausfälle gestrichen, ist begreiflich, aber
1851 784 2822 842 daß sie etwas gestrichen, was in der „Literatur“
1849 814 2829 886 in viel ärgerer und gröberer Form gesagt wird,
1845 876 2835 914 zeigt eines andern Censors Hand. Von dem Rococo
1843 920 2838 971 des Sièele Louis XVI. haben weder Landes¬
1851 960 2834 1020 theater noch Schauspieler eine blasse Vorstellung.
1855 991 2829 1061 Die Costüme sind Louis XIV., XV. und Empire
1851 1044 2843 1101 à la Cour. Wenn die Herren in eine Schänke
1849 1087 2829 1149 nach Laséina gehen, ziehen sie sicher keinen
1841 1130 2841 1186 Frack an, und der Herzog von Cadigeon, wenn
1851 1173 2830 1238 er zum „Grünen Cacadu“ geht, nicht jenes
1849 1225 2824 1262 Kleid, das er beim Couchet des Königs anhat.
1846 1258 2833 1323 Es war damals die Zeit des Amerikanismus
1842 1303 2844 1363 und der Anglomanie, die die Trachtvereinfachte
1848 1353 2826 1416 Die vorgestrigen weiblichen Trachten waren.
1842 1393 2826 1461 geradezu wie 1884, einfärbig, so wie Alt¬
1853 1437 2831 1483 Wien! Wenn Garderobier und Regisseur
1847 1473 2825 1529 „Ueber Land und Meer“ zur Hand nehmen, so
1854 1527 2486 1584 finden sie Bilder aus der Zeit
2569 1530 2829 1585 die nichts
1851 1583 2822 1636 als treue Costüme enthalten — sie mögen sie
1850 1621 2825 1666 ausschneiden und danach schneidern und arran¬
1847 1667 2824 1717 giren. Aber auch die Costüme würde man ver¬
1851 1701 2833 1752 schmerzen, wenn nur ein leiser Zug des raffi¬
1855 1752 2829 1803 nirten Rococos das Stück durchwebt hätte.
1842 1776 2821 1849 Jene Grazie, jene feine Galanterie, jene geist¬
1859 1835 2821 1881 reiche Stilisation, die uns von Voltaire und
1843 1880 2827 1926 von den winzigen Schuhschnallen entgegenweht.
1849 1920 2838 1983 Das war alles Gegenwart, rohe rücksichtslose
1847 1962 2832 2016 Gegenwart. Das Ensemble des Landestheaters
1851 2002 2840 2067 veranstaltete lediglich ein Costümfest. Warum gibt
1850 2053 2842 2113 man unseren Schauspielern über das Rococo
1856 2095 2826 2156 keine Aufklärung, keine Anregung? Das ist eine
1854 2129 2835 2186 Frage, auf die die unterlassene Pflicht des Dra¬
1847 2186 2838 2260 maturgen antworten könnte. Die einzige, die in
1843 2230 2828 2283 das Spiel Stil und Zeit brachte, war Frl.
1850 2272 2828 2315 Mihiéié, schade, daß ihr das Schlußwort, die
1863 2313 2829 2360 Pointe des Stückes aus dem Munde genommen
1859 2353 2826 2410 wurde. Herr Raskovié war eine lebende
1849 2401 2826 2442 Porcellan=Figur aus echtem Sévres — aber die
1855 2439 2832 2512 Figur erheischt Leben und weniger ungestüme
1849 2496 2822 2542 Bewegungen und Laute. Herr Borstnik war
1854 2529 2822 2577 méchant, unerträglich. Schreien — so heiser zu
1857 2572 2826 2626 schreien, ist keine Kunst, es ist frei nach Zela¬
1848 2630 2831 2676 zowski ein Conglomerat von Othello, Franz
1858 2660 2278 2719 Moor und Tabarin.
2627 2658 2829 2746 V. L.
1988 2712 2846 2782 Wegen Erkrankung der Frau Mizi“
1856 2767 2839 2827 Freudenreich mußte die Aufführung der
1848 2813 2825 2860 Operette „Die Geisha“ gestern entfallen
1849 2860 2822 2897 und geht auch heute statt derselben das Aus¬
1851 2906 2817 2953 stattungsstück „Die Reise um die Erde in
1851 2938 2821 2990 80 Tagen“ in Scene, Morgen um halb 6 Uhr
1851 2969 2838 3041 Nachmittags gelangt Nestroys „Lumpaci
1855 3028 2828 3090 Vagabundus“ als Faschingdinstags=Vor¬
1859 3067 2356 3132 stellung zur Aufführung.
1906 3128 2822 3180 Die Karten für die beiden Aufführungen der
1851 3173 2821 3226 Geisha“ wollen, insoweit dies noch nicht der
1848 3200 2827 3260 Fall ist, gegen Entgegennahme des betreffenden
1845 3255 2821 3300 Betrages, und zwar heute oder Mitt¬
1847 3300 2826 3357 woch, retournirt werden, da für die bevor¬
1860 3345 2833 3409 stehenden Aufführungen der genannten Operette
1858 3394 2835 3448 neue Karten ausgegeben werden. Morgen,
1841 3429 2834 3495 Dinstag, findet wegen des Gagetages keine
1852 3475 2269 3537 Relournirung statt.
2712 3480 2789 3600 L
