3392 4352
622 271 686 329 U
917 255 1370 340 box 34/8
132 267 769 371 —
678 1343 1451 1444 Klose & Seidel
639 1454 1548 1512 Bureau für Zeitungsausschnitte. =
584 1500 1566 1577 Berlin NO 43, Georgenkirchplatz 21I.
690 1613 1473 1679 (Liest die meisten Zeitungen und ist das
686 1670 1481 1742 bestorganisierte Bureau Deutschlands.)
545 1762 1549 1841 Zeitung: Berliner Ztg. am Mittag
1194 1869 1448 1940 Berlin
551 1875 689 1951 Ort:
555 1992 778 2062 Datum:
845 2041 1198 2154 17.Mai
901 2145 1584 2232 Schnitzler-Auffährungen.
900 2214 1705 2273 Man muß nach Charlottenburg oder nach
843 2271 1719 2333 der Köpenicker Straße gehen, um Schnitzler zu
847 2314 1708 2368 sehen. Die Neue Freie Volksbühne er¬
848 2356 1709 2417 füllte ihrem Publikum gegenüber die Ehren¬
849 2401 1711 2462 pflicht, zu des Dichters 50. Geburtstag mit der
857 2444 1715 2502 entzückend wehmütigen Tragödie des kleinen
850 2484 1725 2540 süßen Mädelchens, die „Liebelei“. Toller
852 2544 1720 2592 Uebermut, schmerzhafte Ironie, Seligkeit, Ban¬
857 2586 1726 2628 gen, Empörung und Todesmut spielte sich vor
855 2612 1716 2673 leuchtenden und vielfach tränenden Blicken ab.
857 2659 1716 2714 Und war auch manches in der Darstellung nicht
846 2710 1724 2760 so fein abgetönt, wie es gerade diesem am feinsten
858 2756 1721 2809 abgetönten Dichter tragischer Halbheiten und
844 2795 1725 2856 Zwischenspiele zukommt, so schadete es doch bei
849 2837 1719 2897 dem Volksstück nicht. Die „jungen Leute“ von
855 2882 1716 2936 Johannes Riemann und Aurel Nowotny, die
850 2917 1719 2986 Christine Martha Angersteins und Else Bäcks
856 2976 1720 3026 Mizi waren respektable Leistungen. Ebenso ist
854 3015 1717 3062 Robert Müller und Anna Rubner zu nennen.
847 3069 1722 3117 Nicht zu gleich starker Wirkung konnte der präch¬
1734 1875 2597 1931 tige Einakter „Literatur“ mit seiner Sa¬
1738 1921 2537 1979 tire auf verlogene Literatengefühle kommen.
1792 1975 2607 2020 Im Charlottenburger Schillertheater
1736 2018 2618 2075 konnte man sich an den drei geistvollen Einaktern
1750 2060 2599 2118 freuen, in denen sich „Spiel und Wirklichkeit“
1751 2109 2611 2164 seltsam verweben. Direktor Pategg hatte
1748 2152 2617 2202 allen eine sorgfältige Inszenierung zuteil werden
1750 2194 2622 2245 lassen. In der „Gefährtin“ fand neben Max;
1743 2240 2622 2296 Reimer und Conrad Wiene Fräulein Hedwig
1743 2290 2620 2336 Pauly herzliche Töne, im „Paracelsus“ war Heinz
1743 2335 2611 2381 Bernecker ein biederer Waffenschmied und tüch¬
1747 2374 2606 2420 tiger Gegenspieler Hans F. Gerhards, der, in
1738 2413 2608 2469 der Maske halb Charlatan, halb Heiliger, den
1749 2463 2612 2510 Theophrastus Bombastus Paracelsus klug sprach
1742 2508 2603 2548 und mimte. Im „Grünen Kakadu“ wandelte
1755 2534 2607 2600 sich der kühle Paracelsus“ zum leidenschaftlichen
1743 2587 2617 2634 Komödianten, und mit ihm halfen Georg
1747 2632 2614 2689 Paeschke, Conrad Wiene, Richard Wirth und das
1755 2674 2609 2727 übrige Volk von Paris der glänzenden Revo¬
1751 2717 2611 2780 lutions=Groteske ihre dramatische Wirkung üben.
1798 2763 2619 2823 Jedenfalls mag sich der Bühnenverein bei den
1753 2810 2618 2862 beiden Bühnen bedanken. Sie allein haben in
1751 2854 2624 2914 Berlin bei diesem Anlasse das Programm der
1751 2899 2618 2963 50. Geburtstagsfeier innegehalten, das uns so
1749 2948 2622 2998 feierlich verkündet und mit so viel Nachdruck
1753 2997 2591 3057 immer wieder in Erinnerung gebracht wurdel)
