3344 4320
887 247 1346 332 box 34/8
86 252 747 357 9. Literatur
833 1128 3273 1230 endele nicht intt dem Ab=isonentarifwesen, noch 1307 eine sölche abtanzrund amerien seine Besrlebigung!
424 1141 3282 1278 strich von 50 Millionen neuer Steuern. Trotzdem müsse derung bemerkbar machen sollte, doch auf eine allmäh=lich degagiert das Uebereinkommen
1466 1238 3294 1357 spielen immer, wer es weiß, ist klug“ aus drei pracht= sich alles Theatralischen und fanden
1476 1283 3275 1370 vollen Einaktern von früher hier wiederkehrt. Das] Mehnert in einer Stimmung, 5
2546 1315 3293 1385 Schlichtheit und Echtheit auf jeden 3
423 1309 1157 1421 Ein Kammerspielabend
1483 1334 2552 1423 Motiv klingt wieder, wie ein letzter vierter Satz in
2552 1357 3283 1426 Schauspielerisch halte ich deshalb die
1496 1370 2549 1454 Moll, der gleich nach dem „Grünen Kakadu“ einsetzen
1492 1395 3291 1488 müßte. Dieser Puppenspieler, dessen letztes eingebil= „Puppenspielers“ für das Beste, was
625 1359 1495 1487 im Königl. Schauspielhause.
2543 1415 3282 1505 Jahre der Kunst in der Neustadt erl
1495 1458 2551 1531 detes Glück Bettelkönigs erhaben Sviel mit Menschen
514 1463 1500 1536 Im Königl. Schauspielhause hat sich am Mittwoch
2548 1474 3277 1541 ein wirklicher Kammerspielabend. W
1507 1494 2560 1565 ist, weiß nur in schmerzlichen Augenblicken vielleicht,
431 1495 1498 1576 abend eine Vorstellung dreier einaktiger Stücke sieg¬
2548 1519 3287 1577 musik eigentlich nur für Leute, die Ohr
1508 1523 2557 1609 daß er spielt. So, wenn dieser Bohemien die Freunde
429 1540 1500 1605 reich gegen alle Lockkünste des strahlenden Frühlings
2551 1530 3283 1616 kunst besitzen. So war der große Bei
1509 1577 2566 1647 wiedersieht, die einen weißen Tisch, eine Lampe dar¬
436 1586 1499 1657 behauptet. Zwar nur eine Erstaufführung war da¬
2549 1595 3289 1673 freulich, der auch Schnitzlers Satire
1494 1617 2572 1688 über, ein Kind, ein Glück haben. Und es ist viel¬
432 1622 1509 1695 bei, die des einaktigen Dramas „Der Puppenspieler“
2555 1649 2708 1714 blieb.
2147 1642 2562 1719 fein zwischen ge¬
1838 1652 2058 1726 Gedanke
1503 1655 1854 1731 leicht nie ein
2611 1651 3300 1733 „Lileratur“ wirkte wie eine No###
433 1650 1507 1724 von Arthur Schnitzler. Der Dichter hat viel zu
1513 1685 2565 1767 malten Kulissen gedacht, vielleicht nie so fein
435 1698 1509 1768 bescheiden eine Studie genannt, was als tief¬
2554 1713 3265 1770 flage auf die guten Leutchen, die
1508 1725 2554 1801 ausgesprochen worden, wie ihn des Oboen¬
444 1741 1507 1818 gründiges, psychologisch meisterhaft gebildetes Kunst¬
2557 1740 3285 1809 Größenwahn auf der Theresienstraße
1516 1765 2555 1837 spielers Gattin aus tiefstem Herzen ans Licht bringt.
443 1781 1507 1842 werk gelten muß. Deshalb mutet es an wie eine
2555 1761 3294 1848 Seelen hervorziehen und analysiere#
1508 1797 2554 1878 Nämlich, daß des BettelkönigsMajestät unantastbar ist,
2564 1807 3303 1886 leben, Modell stehen, wenn sie lieb
440 1808 1507 1900 Umwertung der Werte, wenn neben dieser „Studie“
1517 1851 2566 1916 daß des Puppenspielers wahres, zugleich eingebildetes
445 1858 1504 1934 von Schnitzler das sehr kleine, sehr verblaßte und des¬
2558 1859 3272 1929 hingestellt, der stark animalische,
1508 1884 2567 1963 Menschenspiel das letzte Glück eines vertriebenen, ver¬
2560 1876 3292 1965 Herrenreiter — das ist wie ein Saty#
438 1897 1515 1974 halb sehr gefirnißte Bildchen „Herbst“ von Walter
1905 1931 2560 1987 Ein Glück, das ihm grausame
1511 1932 1925 2004 irrten Königs ist.
2561 1942 3293 2004 danken, der die Tragödie des „Pu##
444 1938 1514 2012 Schmidt=Häßler ein „Schauspiel“ genannt werden
1508 1940 2558 2037 Freundschaft, grausamere Fürsorge nicht nehmen soll,
2562 1976 3280 2044 herrscht. Die Zusammenstellung i
442 1963 1516 2051 will. „Herbst“ ist bereits im Jahre 1898, „Literatur“
1517 2006 2569 2072 die ihm für den verschlissenen Hermelin nur neue
2563 2001 3290 2083 künstlerischen Reizes. Und der Abe
451 2002 1521 2098 aus dem Einakterzyklus von Schnitzler, aus den
1513 2038 2566 2105 Alltagskleider zu geben vermag. Diese „Studie“ ist
2570 2051 3289 2121 nisch aus, da das Trio von Herrn 2
449 2068 1523 2144 „Lebendigen Stunden“ 1903 auf der Hofbühne ge¬
1508 2084 2569 2144 dos Werk eines Dichters und eines Seelenforschers.
2570 2100 3294 2159 sonders, wie auch von Fräulein S#
459 2089 1184 2173 sehen und hier besprochen worden.
1516 2124 2565 2190 Was da von der Kraft des Totwünschens in ein paar
2566 2126 3291 2206 [René in einer Max=Halbe=Maske
538 2119 1524 2209 Es erübrigt daher, mehr zu diesen beiden
1524 2158 2569 2228 Worten gesagt wird, ist ein metaphysisch Buch ersten
2574 2176 2755 2251 wurde.
449 2179 1515 2257 Stückchen zu sagen, als daß die gesprochenen ci-devant¬
1522 2180 2578 2269 Ranges. Und weil uns diese „Studie“ mit tausend
2642 2189 3253 2270 Dieser Kammerspielabend
464 2218 1520 2300 Feuilletonsprüchlein des Schauspielers und Roman¬
1523 2232 2586 2306 Gedanken entläßt und doch nimmer losläßt, war's ein
2574 2245 3296 2313 wird selbst durch Maiengrün und
462 2253 1531 2336 zeros Schmidt=Häßler noch immer sehr papieren und
1522 2278 2574 2344 Ereignis im Theater. Herr Mehnert schuf den
2584 2284 3288 2373 durch seine Anziehungskraft bewahr
463 2300 1530 2373 gar nicht menschlich anmuten. Es ist die Mode von
1519 2305 2572 2385 Puppenspieler im Geiste des Dichters. Im Anfang
3098 2322 3285 2380 Julius H
3156 2365 3251 2411 —
459 2332 1540 2408 damals. Der symbolistische Fremde. Der Tod in
1524 2344 2593 2428 verfiel er ein paarmal ins Geschickte, ins Metier, in
2623 2365 2822 2443 #treskhee
465 2375 1536 2443 Eskarpins oder im Gehrock. „L’intruse“ von Maeter¬
1525 2383 2599 2462 das, worum er so häufig von den Liebhabern der
469 2410 1532 2492 linck war das Beste, was diese Mode (sie war inter¬
2823 2364 3287 2510 Maifestspiel
1535 2417 2581 2506 Konvention belobt wird. Dann aber wurde er frei
471 2459 1527 2530 national) hervorbrachte. „Herbst“ ist vergröberter
1536 2453 2589 2539 und gab etwas, was man noch nicht von ihm gesehen
478 2492 1534 2570 Maeterlinck, Volksküchen=Macterlinck. Und es ge¬
1543 2495 2589 2579 hat, was man vielleicht nirgends wieder so sehen wird.
2640 2499 3290 2576 Maifestspiele überall und ohne
467 2532 1534 2597 hört ein entsprechender Magen dazu. Etwas aber ist
1537 2528 2589 2618 Denn er gab unbewußt, intuitiv mehr als den be¬
2582 2559 3288 2623 kleine Mittelstadt in Deutschland od
470 2583 1544 2653 brillant in der Mache: die Pausen nämlich. Man
1543 2582 2589 2656 sonderen Fall des Puppenspielers. Gab, was Arthur
2588 2592 3298 2666 solche Feste und die großen Hofthä
474 2614 1534 2695 sieht, das hat einer vom Bau gemacht. Und die
1536 2623 2578 2702 Schnitzler an lebendiger Seele diesem Puppenspieler
2582 2626 3297 2705 minderbemittelten privaten oder s#
475 2642 1542 2726 Spieler gingen darauf ein und verhalfen den nach
1539 2670 2589 2733 eingehaucht hat, was in vielen Menschen ist, ohne daß
2582 2660 3293 2748 nicht genug mit ihren Künstlern v#
469 2681 1539 2772 Zeilen zu berechnenden, gesprochenen und gesalbten
1533 2702 2582 2776 sie's sagen oder sagen können, was in dieser „Studie“
2589 2704 3306 2783 selbst fast ihrer Stars entblößt sind
473 2729 1539 2811 Feuilleton=Empfindungen zu einer gewissen Stim¬
1540 2726 2592 2814 von Ewigkeitsdauer ist. Nämlich den Menschen, der
2590 2747 3308 2815 viel ob in Wiesbaden, Frankfurt,
479 2767 1546 2846 mung. Diese Leistung der beiden Hauptspieler
1539 2766 2585 2853 in den trübsten Stunden seines Lebens ein Hellseher
2591 2789 3308 2853 Prag, Graz und Brünn, findet m
479 2796 1539 2885 Müller und Froböse, denen Herr Wierth,
1549 2807 2598 2889 wird, der seine Seele erkennt und, ein glücklicher
2586 2816 3290 2896 Bayreuther, Dresdner, Wiener
482 2848 1544 2921 Herr Huff und Frl. Werner erfolgreich sekun¬
1547 2841 2588 2931 Bettler, vermeint, es sei ihm gegeben, über die Seelen
2594 2874 3280 2942 Sänger, kurz, es handelt sich um ei
481 2881 1545 2962 dierten, machte Schmidt=Häßler neben Schnitzler
1543 2873 2602 2968 andrer zu herrschen. Wer will wissen, was hier Wahr¬
1549 2915 3278 3011 heit, was Illusion ist? Wer will an das Geheimnis Musikmode. Der Glückliche, der f
679 2956 766 2996 — —
481 2953 703 3029 Möglich. —
2602 2929 3302 3011 der Opernaufführungen der erster
562 2949 1555 3043 „Der Puppenspieler“ aber war ein Erleb¬
1548 2968 2607 3047 rühren? Nur dem Fingerzeig des Dichters dürfen
2590 2977 3301 3052 haftig wird, ahnt natürlich nichts v#
489 2996 1559 3076 nis. Unter dem vielen Feinen, was der Wiener an
1554 3005 2603 3088 wir folgen. Von diesem Reiz ging auf dem Theater,
1548 3030 3294 3125 ging im künstlichen Licht nichts verloren, weil Herr die Maifestspiele für so eine Bühne
491 3044 1556 3118 dem Orte einer alten, vornehmen Kultur schuf, etwas
1548 3056 3296 3159 [Mehnert sich ganz dem Dichter hingab, jeden Ge= bedeuten, ahnt auch nichts von dem
483 3083 1556 3154 unglaublich Feines, Vornehmes. Eine Menschen¬
1551 3086 3306 3199 danken Schnitzlers sorgsam förderte und (außer imi den die großen Sterne dort entfah
486 3120 1549 3189 tragödie von Ewigkeitswerten in einer Viertelstunde.
496 3166 1560 3237 Eine Tragödie, die viel zu duftig, zu zart ist, als daß
495 3144 3297 3271 sie ein Zeitungsschreiber nacherzählen dürste. Nurl Beginne ein paarmal) nirgends Komödie spielte. Auchl Kunst nicht als tägliches Brot zu
496 3189 2802 3335 das darf gesagt werden, daß das Leitmotiv „Wir Herr Wierth und Fräulein Verden enthielten Lage ist.
