3344 4320
881 251 1327 334 box 34/8
85 266 717 359 2 e eee eserereseeseseesbsesstssesseeeeee
442 677 1055 779 Klose & Seidel
324 770 1161 831 Bureau für Zeitungeausochnitte.
280 835 1182 905 Berlin NO. 43, Georgenkivehplatz 211
348 948 1137 997 (Liest die meisten Zeitungen und ist das
349 1001 1137 1060 bestorganisierteste Bureau Deutschlasds.)
145 1153 358 1236 Zeitung:
438 1156 1076 1239 —
140 1247 489 1330 911 —
673 1252 1077 1339 —
384 1522 1000 1648 Neues Volks=Theater.
255 1638 1078 1712 f. Schnitzler=Abend: „Literatur“ und
564 1688 837 1758 „Liebelei“.
314 1720 1127 1807 Mahzhätte den Wiener Dichter, dessen Leben
254 1790 1133 1831 gestern ein halbes Jahrhundert vollendete, nicht
256 1826 1134 1879 besser feiern und würdigen können als durch die
257 1865 1130 1920 Aufführung dieser beiden Werke, die einen Höhe¬
254 1908 1138 1947 punkt seines Schaffens bedeuten, und ein klares
257 1946 1132 1998 und unzweideutiges Spiegelbild seines dichte¬
262 1970 1141 2037 rischen Schaffens bergen. In keiner seiner ande¬
253 2026 1116 2080 ren Arbeiten zeigt sich Schnitzler von einer so
249 2069 1128 2118 persönlichen Seite wie in dem dreiaktigen Schau¬
251 2107 1125 2150 spiel: „Liebelei“, das vor zwanzig Jahren
253 2139 1134 2184 entstand und den Beginn seiner schriftstellerischen
245 2185 1131 2243 Tätigkeit bedeutet. Hier pulsiert jene gradlinie,
255 2222 1128 2258 von einer gesunden Erotik durchsetzte Weltan¬
249 2261 1130 2314 schauung, die für den Charakter des genuß¬
250 2297 1137 2352 frohen Wien typisch ist, und die das Leben
253 2339 1127 2386 nimmt, wie das Leben eben ist. Alle die Men¬
250 2384 1124 2436 schen, denen wir begegnen, die „g'spaßige“ Mizi
240 2415 1130 2478 und der schneidige Theodor, der nichts
239 2451 1124 2508 weiter ist und nichts weiter sein will
251 2500 1125 2536 als ein „liebar, gutar Kerl“, die sentimentale
257 2546 1136 2590 Christine mit der ehrlichen Sehnsucht und der
241 2578 1121 2630 junge Fritz Lobheimer mit dem ehrlichen und
245 2616 1134 2658 guten Willen sind von jenem unverdorbenen,
250 2654 1129 2713 lachenden Optimismus, der bei Schnitzler so
248 2694 1132 2728 überaus versöhnend und ausgleichend wirkt.
247 2729 1126 2773 Und dann kommt das Schicksa herbei das alle
244 2774 1135 2818 diese, im Grunde genommen so verschiedenarti¬
250 2805 1134 2863 gen Gestalten, die nur den Willen zum Glück
247 2846 1122 2905 gemeinsam haben, auseinanderreißt. Aus der
250 2883 1125 2947 Liebelei, an der man sich berauscht, wird eine
244 2920 1131 2968 Liebe, an der man zugrunde gehl. Das Lachen
249 2969 1125 3016 der Mädchen, die Scherze der Männer verstum¬
248 2999 1130 3051 men, und in Tränen, die zerstörte Hoffnungen
248 3052 1132 3092 zu Grabe tragen, klingt diese alltägliche Ge¬
246 3077 1130 3144 schichte aus, die ein Künstler zur Dichtung
248 3121 403 3169 machte.
311 3144 992 3206 Die Aufführung war hervorragend.
306 3196 1122 3241 Die Regie hatte Interieurs von einer selte¬
242 3236 1125 3287 nen, frischfarbigen Eindrucksfähigkeit geschaffen,
247 3275 1119 3317 die jeder Stimmung gerecht wurde, ohne durch
247 3327 1121 3368 allzu große Betonung der naturalistischen Mo¬
246 3355 1129 3400 mente aufdringlich zu erscheinen. Die Darstel¬
250 3398 1126 3451 lung schien echte und rechte „Weqner Luft“ zu
242 3433 1126 3480 atmen, und war in ihren Aufgaben durchweg
246 3474 1128 3536 am Platze. Johannes Riemann, der sich
226 3525 1151 3586 als ein überaus befähigter Schauspieler zeigte,
239 3569 1115 3612 und Martha Angerstein seien besonders erwähnt.
299 3613 1111 3659 Voran ging das Lustsoiel „Literatur“ das
228 3647 1111 3691 wie ein dramatisiertes Feuilleton anmutet, und
239 3696 1121 3747 wiederum durch die Schlagfertigkeit und Grazie
234 3727 1114 3789 der Dialogführung entzückte. Hier bildeten die
228 3766 1110 3820 hübsche Yella Wagner, Aurel Ro¬
237 3807 1107 3853 wotny, der in sehr guter Maske einen adels¬
238 3857 1117 3900 wütigen, beschränkt=gutmütigen „Nazi“ gab, und
223 3882 1122 3965 der wandlungsreiche Robert Müller als
233 3927 1125 3996 Kaffeehausliterat ein ganz vorzügliches Klee¬
228 3966 1108 4025 -blatt, das die dem Stücke innewohnende Charme
843 4011 1087 4079 E. A. Opt.
238 4019 746 4092 zur besten Geltung brachte.
712 4108 744 4144 000
1939 244 2712 361 Klose & Seidel
1889 346 2786 418 Bureau für Zeitungsausschnitte.=
1835 403 2799 485 Berlin NO.43, Georgenkirchplatz 21 I.
1918 522 2707 596 (Liest die meisten Zeitungen und ist das
1912 576 2710 644 bestorganisierte Bureau Deutschlands.)
1785 690 2531 770 Zeitung: Morgenpost
2499 793 2727 860 Berlin
1798 801 1942 873 Ort:
1779 917 2809 985 Datum:# ###
1921 1110 2583 1213 Ein Schnitler-Abend.
1828 1203 2657 1276 „Lebelei“ im Neuen Volkstheater.
1856 1261 2679 1326 -Zur Feier von Arthur Schnitzlers
1812 1299 2683 1370 fünfzigstem Geburtstag brachte gestern das Neue
1814 1348 2693 1418 Volkstheater als eine der wenigen Berliner
1814 1396 2689 1451 Bühnen, die sich nicht um diese Ehrenpflicht
1804 1438 2700 1495 herumdrücken, zwei der interessantesten Bühnen¬
1815 1481 2704 1535 werke des österreichischen Dichters heraus. Di¬
1815 1527 2701 1584 rektor Licho hatte für diesen Tag „Liebe¬
1812 1563 2699 1618 lei“ und „Litergtu:“ neu einstudiert. Und
1811 1609 2706 1665 wie man von dieser Bühne, die sich so große
1815 1654 2708 1706 Verdienste um die Bildung des Volkes erworben
1822 1697 2695 1754 hat, in letzter Zeit nur Gutes melden konnte,
1823 1741 2708 1799 so bot auch der gestrige Abend wieder einen
1816 1783 2706 1839 künstlerischen Genuß und bewies, mit wieviel
1819 1814 2715 1894 Geschmack und Verständnis das Theater in der
1830 1874 2426 1932 Köpenicker Straße geleitet wird.
1868 1906 2721 1969 Schnitzler, der Dichter des lieben Wiener Mä¬
2130 1964 2702 2012 Schnitzler=Mädels, hat in diesem
1819 1967 2103 2029 dels, des echten
2225 1976 2716 2074 r, den er „Liebelei“
1857 2010 1938 2079 racht
1853 2750 1907 2816 er
2602 2864 2676 2930 1
2067 2869 2516 2944 Arthur Schnitzler.
1832 2882 2019 2949 7
1834 2937 2730 3008 nennt, die reizendste Vertreterin dieser seiner
1851 2999 2736 3062 zarten Geschöpfe gezeichnet. In Christine, die
1854 3033 2730 3106 im Herzen des jungen Fritz Lobheimer nach einer
1858 3086 2733 3140 langen Reihe seiner Liebeleien endlich die reine
1848 3119 2727 3205 Liebe erweckt, ist eine Gestalt geschaffen, die
1847 3156 2741 3251 zu dem Unvergänglichsten gezählt werden muß,
1864 3204 2741 3275 was die moderne Literatur kennt. Martha
1856 3247 2735 3322 Angerstein lieh ihr in der gestrigen Auffüh¬
1860 3305 2738 3357 rung ihre ganze Anmut und ihre ganze reife
1858 3347 2744 3400 Kunst. Ihr Partner, Johannes Riemann,
1857 3375 2734 3436 fand den rechten Ton für die heiteren und tief¬
1858 3426 2738 3503 tragischen Seiten seiner Rolle. Aurel Ro¬
1863 3462 2739 3526 wotny und Else Bäck zeigten, wie ein Wiener
1864 3504 2740 3572 verliebtes Pärchen lacht, tollt und busselt, und
1860 3553 2741 3610 das war sehr nett. Robert Müller machte aus
1859 3600 2739 3663 jder kleinen Rolle des Violinisten Weising ein Ka¬
1874 3636 2753 3704 binettstückchen. Schade, daß er uns bald verläßt.
1924 3686 2754 3737 Eröffnet wurde der Abend mit der witzigen
1870 3720 2744 3785 Charakterkomödie „Literatur“ in der der
1873 3778 2753 3825 Verfasser die drei köstlichen grundverschiedenen
1873 3806 2744 3889 Typen eines aristokratischen Stutzers, eines
1870 3848 2753 3922 größenwahnsinnigen Literaten und eines leicht¬
1864 3892 2750 3963 sinnigen Weibchens gegeneinander ausspielt, die
1866 3936 2753 4007 von Yella Wagner, Aurel Nowotny und
1877 3977 2748 4042 Robert Müller vorzüglich nachgezeichnet
2606 4022 2719 4082 Bdg.
2359 4026 2504 4101 mreait
1876 4039 2053 4092 wurden.
2098 4033 2314 4103 A
2164 4125 2661 4196 lter im Schillertheeter.
