3344 4352
121 242 231 328 9
905 223 1375 310 box 34/8
518 225 667 299 atu
233 286 758 340 —
622 521 1048 586 (—
362 554 1511 658 schnltt aus: Tagenbote nus 5fähren und Seitiier
1516 602 2810 710 in des Vortrages, aber noch immer von dem großen, wirklichen
591 630 1229 708 10 MAl 1s Brühmn.
1607 692 2803 745 Schmerz unterschieden. Neben ihm diese begehrenswerte,
884 700 1281 793 Abendblutt
1606 721 2801 805 katzenhaft=gefährliche Leokadie des Frls. Ries, die Kum¬
1611 783 2806 850 panin der mittelmäßigen Mimen, unter denen Herr
472 803 809 895 — —
1611 838 2795 891 Strauß durch die echte Unechtheit seiner Pathetik auf¬
1602 884 2803 953 fiel, ihm gegenüber die weltmännische Eleganz des Her¬
631 885 1365 992 Theater und Kunst.
1610 944 2795 1012 zogs von Cardignan, des Herrn Neufeld, die graziöse
1617 982 2798 1036 Herzogin des Frls. Dürr, die ihre Nervensensationen mit
449 973 1593 1055 Dr. St. Brünner Stadttheater. Mit drei Einaktern
1605 1035 2797 1100 solcher Unbekümmertheit erlebte. Drei prächtige Charakter¬
367 1027 1580 1105 hat gestern auch unsere Bühne Schnitzlers 50. Geburtstag
1603 1080 2793 1149 gestalten bleiben noch im Gedächtnis, der wilde Revolu¬
378 1088 1586 1135 gefeiert. Mit einem seiner stürksten mit einem seiner
1602 1133 2793 1201 tionsphilosoph des Herrn Moser, dieser Volksredner, der
377 1132 1581 1188 lustigsten und mit einem seiner unbedeutendsten. Jeder
1599 1169 2795 1227 immer auf dem Tisch stehen muß, der verbissene Spelun¬
374 1178 1588 1253 aber em echter Schnitzler und jeder, auch der „Puppen¬
1606 1222 2787 1298 kenwirt des Herrn Teller und der rührselige Strolch
369 1224 1588 1302 spieler“ ein, Musterstück seiner Art. Schnitzlers ganzes
1605 1274 2796 1346 des Herrn Lenhart, dessen stummes Spiel eine Reihe
374 1294 1584 1348 Schaffen hat ein einziges großes Thema: wir Menschen
1608 1321 2792 1387 gelungener Einfälle war. Auch als Puppenspieler Merklin
367 1322 1580 1398 wissen voneinander nichts, wir gehen nebeneinander her,
1601 1382 2790 1426 schuf er eine beachtenswerte Gestalt, hart an der Grenze
372 1374 1585 1444 innerlich fremd und selbst die Vertrautesten zeigen einander
1602 1420 2788 1497 von Genialität und Wahnsinn, in wohlabgetöntem Zusam¬
366 1420 1584 1479 nun Masken, wir sind Akteure und Aktricen einer Tragi¬
1601 1464 2785 1533 menspiel mit Herrn Recke als Eduard Yagisch und Frl.
369 1477 1587 1532 komödic und selbst die, welche sich Puppenspieler zu sein
1601 1519 2794 1592 Ries. Nicht ganz erschörft wurde der komisch=satirische Ge¬
372 1526 1582 1596 dünken, sind nur Puppen in den Händen ungekannter
1601 1569 2782 1639 halt des Einakters „Literatur". Herr Strauß und Frl.
364 1583 1582 1642 Mächte, Wir wissen niemals, wo der Schein aufhört und die
1595 1621 2786 1675 Dürr trafen den Ton der Literaturzigeungk immerhin
365 1624 1584 1704 Wirklichkeit anfängt, wissen nicht, ob wir im Parterre sitzen
1597 1671 2790 1723 noch mit einigem Humor, aber Herr Rehperger ließ
368 1681 1584 1750 oder auf der Bühne stehen; oder, wenn wir etwas zu wissen
1595 1732 2786 1795 alle feineren Pointen fallen und trat den Gilbert nicht
356 1719 1578 1794 glaichen, so sind wir zumeist eben das Gegenteil davon.
1595 1771 2795 1847 mit der leichten, nachlässigen überlegenheit' des Kavaliers,
362 1780 1577 1847 #ee ist die Weltanschauung eines Mediziners und eines
1600 1816 2794 1904 sondern mit einem ganz charakterwidrigen Drohton gegen¬
366 1815 1577 1880 Phlosophen, eines, der tief in die Leiber und tief in die
361 1862 1738 1949 Seelen geschaut hat, der weiß, daß die Masken nicht bloß über.
364 1924 1591 1985 saußen, sondern auch nach innen getragen werden. Schnitzler
368 1975 1584 2039 sist nicht der Entdecker, aber der bedeutendste Bekenner der
365 2021 1587 2078 Symbolik der Marionette. Daher seine auffallende Liebe
359 2072 1589 2128 für dieses romantische Spiel belebter Puppen. Am unmittel¬
364 2123 1588 2178 barsten und genialften spricht er sein philosophisches Be¬
361 2178 1605 2232 kenntnis in dem „Grünen Kakadu“ aus. Und hier
365 2219 1600 2286 sschlägt zugleich ein heißer Atem der Leidenschaftlichkeit
364 2272 1592 2334 entgegen, hier herrscht ein dramatischer Föhn, dessen Heftig¬
358 2321 1583 2383 keit Schnitzler nur in einzelnen Szenen des jungen Me¬
357 2358 1587 2432 soardus wieder erreicht hat. Und an einheitlicher und ge¬
360 2424 1573 2482 schlossener Wirkung, an sinnfälliger Gegensätzlichkeit ise
365 2467 1576 2521 dem Thema hier wohl das Außerste abgerungen. Wie viel¬
358 2515 1582 2600 fältig und mannigfach verworren die Fäden hier durch
362 2563 1582 2613 einanderschießen, wie dieser Wechsel der Bilder vorüber¬
365 2615 1571 2678 schwirrt, wie dieses blitzartige Umspringen aus Schein in
361 2666 1582 2716 Realität und umgekehrt vor sich geht — das ist geradezu die
366 2708 1569 2776 Erfüllung des alten Ideales der romantischen Ironie. An¬
359 2757 1582 2832 unmittelbarsten wirkt Schnitzler hier, weil hier gewiß nich
349 2814 1569 2887 die These das erste war, sondern der Vorgang. Nicht von
363 2853 1569 2909 Gedanken ging der Dichter aus sondern von der Vorstellung
346 2908 1579 2963 Es handelte sich ihm hier nicht um ein psychologisch=mathe¬
360 2960 1573 3018 matisches Experiment, wie leider sonst bisweilen, sondern
353 2999 1571 3071 um Bild und starkes Erleben. Drei Elemente sind hier ge¬
359 3047 1591 3112 mischt: die Schauspieler, die wissen, daß sie Verbrecher zu¬
358 3098 1578 3164 mimen haben, die Aristokraten, die Publikum zu sein glau¬
355 3158 1585 3212 ben, und die Volksmassen, die eben Weltgeschichte machen.
352 3201 1584 3258 Und nun geht das alles ineinander über. Am deutlichsten
363 3251 1581 3316 in dem Schauspieler Henry, der die Ermordung des Her¬
355 3293 1568 3363 zogs von Cadignan mimt, um sie nachher wirklich zu voll¬
363 3339 1576 3402 ziehen. Da ist aber auch eine Herzogin, deren Dirnenhaftig¬
357 3405 1572 3452 keit in dieser Atmosphäre die Maske des Anstandes abwirft,
349 3444 1593 3495 um sich in ganzer Schamlosigkeit emporzurecken. Da ist ein
352 3511 1585 3561 Wirt, der seinen aristokratischen Gästen seinen ganzen In¬
360 3541 1591 3604 grimm unverhüllt an die Köpfe wirft und der für einen
356 3592 1579 3646 vortrefflichen Darsteller des Stils der Verbrecherkneipen
361 3649 1590 3702 gilt. Da ist auch ein Philosoph, der revolutionäre Reden
365 3684 1576 3758 hält — im Grunde auch nur ein sehr guter Schauspieler.
357 3750 1580 3801 Eine drollige Wendung fehlt nicht, der einzige echte Strolch
365 3791 1578 3844 und Mörder der Gesellschaft, der für einen schlechten Komö¬
362 3832 1580 3904 dianten gehalten wird. Und dann diese Volksmassen, diese
357 3878 1579 3942 Sansculotten und Hallenweiber, im Grunde nichts anderes
364 3933 1589 3982 als famose Statisten eines sehr blutigen und sehr aufregen¬
350 3979 1584 4047 den Stückes auf dem Welttheater, genannt „die französische
369 4036 1583 4093 Revolution“. Bastillensturm und perverse Lust einer bla¬
363 4078 1585 4147 sierten Gesellschaft, echteste Leidenschaft und wollüstiger
367 4135 1585 4173 Gen des Nornenkikols sind ununterscheibbar ineinander
