3344 4352
871 272 1333 362 box 34/8
613 287 692 345 r
85 285 720 385 9—612—
84 1170 1528 1249 lefe ange= der Einakter Interesse. An die schwere Stimmung dieser vei¬
100 1243 1531 1299 könnten, den Stücke schloß sich in leichterem Tone das einaktige, schon
89 1284 1531 1328 in in das bekannte Lustspiel Litératur“ von Arthur Schnitz¬
100 1298 1547 1376 enskrästeller“, in dem Herr Tiller durch Sicherheit im Wienerischen
94 1324 1539 1408 se walten. sund nette Eleganz gefiel, Frl. Serda und Herr René (in¬
292 1383 1541 1447 der Hartleben=Maske) die Komödie ihrer papierenen Roman¬
103 1407 280 1454 den mag,
1437 1426 1489 1470 C
302 1431 1022 1491 liebe mit feinem Humor abspielten.
97 1444 275 1496 Phantasic,
95 1482 290 1531 aber das
100 1514 291 1568 pieler oft
105 1556 290 1611 üge der
108 1592 298 1649 des Ra¬
123 1634 307 1686 werden
107 1665 300 1722 dem an¬
96 1707 298 1761 schickt ge¬
100 1746 296 1800 das leise
97 1787 293 1838 Werkchen
102 1820 300 1873 ters an
113 1855 293 1925 en sich
143 1897 294 1953 indem
107 1940 301 1988 Geberde
105 1978 287 2029 Merklin
110 2055 286 2108 rochenen
159 2094 283 2143 Oboe¬
160 2130 279 2181 Ver¬
115 2168 280 2220 ten und
130 2208 281 2258 Gesamt¬
113 2249 253 2304 irkte di
148 2285 283 2333 irbst“
113 2322 266 2375 ovellisti¬
108 2363 280 2416 en Mit¬
188 2400 285 2450 ver¬
118 2482 281 2531 ing des
115 2517 289 2566 otentanz
112 2557 266 2605 viel auf
140 2591 287 2645 Rethel¬
112 2636 286 2690 eigt hat,
122 2674 293 2731 ch'’ ganz
111 2710 298 2757 Tod mit
176 2749 293 2808 den
120 2779 287 2842 t einem
103 2824 293 2876 ihn aus
109 2858 291 2918 lodrama
109 2906 298 2965 s Herrn
112 2940 278 2996 ing des
126 2961 318 3045 erhielt
2202 1557 2257 1617 1280
1606 1556 2061 1650 —üssennitt aus:
2336 1649 2401 1716 770
1802 1629 2014 1715 5. 1907
2090 1615 2353 1717 Der He
1601 1659 1776 1730 vom:
2467 1662 2775 1781 # Wien
1735 1788 2613 1871 Dresdener Theaterbrief.
2509 1865 2818 1937 17. Mai 1907.
1612 1906 2849 1995 Im Königl. Schauspielhause fand ein interessanter
1496 1975 2849 2042 Einakterabend statt, der die Erstaufführung der Studie „Der
1503 2019 2843 2088 Puppenspieler“ von Artur Schnitzler brachte. Das geistvolle Werkchen:
1497 2069 2834 2130 ist mehr ein dramatisiertes Femikeron, in dem Schnitzler seine per¬
1501 2112 2849 2182 sönlichsten Ansichten über Leben und Menschen, über Liebe und Ehe,
1497 2162 2846 2233 über philiströse Beschränktheit und individuelle Freiheit ausspricht,
1494 2227 2847 2291 als ein regelrechtes Theaterstück. Es bleibt den Schauspielern über¬
1492 2264 2847 2328 lassen, die Bühnenwirkung herauszuholen. Daß dies den Künstlern¬
1501 2309 2838 2364 gelungen ist, gereicht ihnen zu hohem Lobe. Herr Mehnert gab
1504 2357 2855 2413 den Dichter, der mit Menschen wie mit Puppen zu spielen glaubt,
1504 2414 2905 2474 aber dabei sein Lebensglück verscherzt, mit feinster Charakteristik und
1496 2459 2849 2523 tiefgehender Wirkung. Den treuherzigen Musiker spielte Herrs
1504 2499 2910 2575 Wierth liebenswürdig und einfach. Frl. Verden gab die Frau##
1494 2558 2838 2613 des Musikus, von deren Gefühlen Schnitzler dem Zuschauer kein
1499 2607 2834 2657 klares Bild gibt. Soviel nur war sicher, daß Frl. Verden eine ganz
1497 2654 2839 2721 allerliebste junge Hausfrau vorstellte und sich damit alle Sympathiens
1505 2706 2837 2768 erwarb. Der Abend brachte ferner das amüsante und witzige Lust##
1499 2751 2839 2807 spiel „Literatur“ von Artur Schnitzler, ein echtes Theaterstück, das
1496 2795 2849 2866 bei guter Darstellung seiner Wirkung sicher ist. Diese wurde ihms
1496 2847 2839 2904 denn auch in der Hauptsache zuteil. Frl. Serda, in entzückender
1493 2903 2844 2951 Toilette, war brillant bei Laune und Herr René, zwar etwas zus
1505 2944 2850 3023 salopp in der Maske, verkörperte den Schriftsteller=Bohème so echt
1501 3011 2841 3058 als wenn er eben vom Café Größenwahn käme. Herr Tiller
1489 3056 2831 3109 gab den Baron Clemens, eine der köstlichsten Figuren Schnitzlers.
1498 3095 2831 3170 Er beherrschte den wiener Dialekt ausgezeichnet, wirkte aber etwas
1492 3146 2838 3208 monoton. Sein Spiel war nuancenlos. Entweder fehlt es Herrns
1487 3196 2904 3270 Tiller für komische Rollen an ausgesprochener Begabung oder ang
1496 3236 2847 3313 der nötigen Routine. — Einen bedeutenden Erfolg hatte Sudermanns
1501 3283 2856 3351 „Heimat“ in der neuen Besetzung. Frl. Lucie Lißl war eine
1495 3338 2848 3400 leidenschaftliche und glänzende Magda, wie sie Sudermann sicht
1493 3384 2846 3449 wohl gedacht hat. Die Künstlerin verfügt über alle Mittel, ums
1499 3438 2846 3518 gerade als Magda große Wirkungen zu erzielen. Herrn Eggerthsg
1495 3488 2840 3562 Darstellung des in seinen veralteten Vorurteilen erstarrten Vaters,
1492 3532 2830 3584 war eine künstlerisch ausgereifte, überzeugende Leistung. Glücklich
1496 3583 2839 3629 erwiesen sich auch die Neubesetzungen der Franziska und der Marie¬
1493 3628 2842 3699 durch Frau Bleibtreu und Frl. Verden. Pfarrer Heffterdingk
1496 3679 2841 3732 und Regierungsrat v. Keller gehören zu den besten Rollen der
1497 3727 2841 3810 Herren Stahl und Froböse und Frl. Diacon,o, bewährte
1433 3872 2791 3941 sich in ihrer Multerrolle wie immer als warmherzige, sympathische
1422 3926 1656 3988 Künstlorin
2645 4128 2885 4200 S
2241 4172 2361 4204 G S
2892 3278 2957 3341 10
2898 3327 2950 3380 100
