3392 4352
905 256 1363 339 box 34/8
127 260 761 363 . Literatur
1202 1221 1380 1362 4½
610 1312 1135 1427 WZinisabe Zeitung.
939 1506 1373 1639 18 MAI2.
614 1809 1294 1885 Theater und Musik
556 1905 1371 1968 Drei Einakter von Artur Schnitzler.
361 1943 1573 1994 Köln. Von Artur Schnitzlek, der dfeser Tage sechzig Jahre
333 1994 1569 2037 alt geworden ist, brachte das Schauspielhaus neu einstudiert die
335 2030 1562 2068 Lustspiele: Lyteratur und Abschiedssouper und die Grotegke:
332 2063 1571 2121 Der grüge Kakadu. In den beiden Lustspielen glänzen der
337 2116 1562 2162 ironische Witzgund der anmutig leichte Plauderton des Wiener Dichters,
338 2146 1569 2196 während eine bezeichnende Seite seines Wesens, die Zweifelsucht und
328 2170 1578 2229 müde Melancholie eines überfeinerten Genießertums, weniger
1408 2220 1572 2268 wurden
329 2214 1411 2268 hewortvitt. Unter der Spielleitung von Walter Korth
337 2258 1579 2320 die niedlichen Stückchen sehr zum Dank des Publikums gegeben.
323 2290 1579 2326 Höhere Ansprüche an ein der Dichtung an Feinheit gleich¬
335 2334 1572 2381 kominendes Spiel wurden nicht erfüllt; die Aufführung wer gerade
329 2375 1568 2419 für Schnitzler etwas grobdrähtig. In dem Lustspiel Literatur sprachen
340 2420 1575 2457 Karl Weinlein als Klemens und Friedl Münzer als Margarete
329 2445 1568 2486 trefflich die Wiener Mundart; die liebenswürdige, hochanständige
331 2486 1571 2530 Schwachköpfigkeit des jungen Aristokraten kam indessen nicht genügend
337 2527 1568 2571 zum Ausdruck, und an schmiegsamer Eleganz ließ er viel zu wünschen
333 2558 1578 2604 übrig. Sich derartig ungraziös auf dem Sofa zu rekeln oder zu einer
339 2602 1578 2647 Dame mit der Zigarre im Mund zu sprechen, zeigt nicht weltmännische
342 2636 1577 2681 Lässigkeit a, sondern einfach mangelnde Kinderstube. Friedl Münzer
341 2671 1574 2722 entwickelte trefflichen Humor, winkte aber nach dem Publikum hin
338 2715 1585 2759 zuweilen stark mit dem Zaunpfahl. Walter Korth als Gilbert kam
342 2752 1579 2796 es offenbar weniger auf Charakterzeichnung als auf Erschütterung des
333 2783 1584 2837 Zwerchfells der Zuschauer an; in diesem Literaten steckte doch gar zu viel
328 2825 1577 2884 vomz harmlosen Bierphilister. In dem zweiten Lustspiel gab Walter
341 2863 1569 2915 Korth den Freund Anatols ebenfalls ein wenig spießig=lustig; Friedl
339 2912 1573 2948 Münzer spielte ziemlich derb die Annie, und für den Anatol paßt
345 2935 1568 2984 Richard Aßmann nicht recht; Anatols Wesen muß jugendlicher,
345 2976 1575 3018 weicher, murkloser, anmutiger sein. Aßmanns Anatol hätte prevzischer
333 3021 1574 3060 Reserveoffizier sein können. Die moderne, zur Stilisierung neigende
331 3066 1581 3097 Entwicklung der Schauspielerkunst ist freilich für Stücke, die wie die
338 3101 1582 3138 Schnitzlerschen Einakter einen sehr fein abgetönten Naturalismus ver¬
344 3133 1583 3173 langen, #aicht eben förderlich. Der grüne Kakadu ist trotz mancher
346 3166 1587 3212 Längen mit seinem bunten Geschehen, seiner romantisch abenteuerlichen
337 3209 1571 3249 Verwechslung von Sein und Schein, von Schauspielerei und blutiger Wirk¬
339 3238 1567 3288 lichkeit ein spannendes, technisch sehr geistreich gefingertes Theaterstück;
341 3270 1584 3336 der Hintergrund der großen französischen Revolution bleibt freilich nur
341 3308 1583 3365 Hintergrund. Unter Spiekleitung von Dr. Otto Liebscher gelangen die
342 3361 1574 3400 stürmischen Massenszenen vortrefflich; aus der langen Reihe der Darsteller
339 3384 1573 3443 leien hervorgehoben Helmut Pfund in der tragischen Figur des Schau¬
342 3430 1569 3477 spfelers Henri, den er mit packender Wucht verkörperte, Walter Korth
345 3467 1575 3510 als ehemaliger Theaterdwektor und Spelunkenwirt, Otto Eggerth
333 3506 1571 3558 As wüster Demagoge, Hans Portz als echter unter allen den nach¬
337 3542 1572 3590 nemachten Strolchen, Adele Schönfeld als Henris ungetreue Frau,
352 3586 1584 3634 Friedl Münzer, Paul Senden Richard Aßmann als aristo¬
329 3615 1223 3691 kratische Besucher der künstlichen Verbrecherkneipe.
1144 3650 1601 3734 Dr. Walter Schmits.—
2024 384 2786 516 Stadlanzeiger, Köln
2387 676 2796 788 T8 MAIUE
2135 891 2749 967 Theater und Alufir
2057 949 2801 1020 Arthur Schnitzler: Drei Einakter
1993 986 2903 1055 Von Göttfrled Kellers Muse hat irgendwer einmal
1977 1044 2906 1084 gesagt, sie sei ein hübsches und dralles Bauernmädchen
1984 1080 2905 1118 gewesen, das der Dichter gern zuweilen auf den Schoß
1982 1113 2903 1153 genommen und in die Backen gekniffen habe: und von
1986 1147 2905 1199 der Muse-Wilhelm Raabes dürfte man mit Fug sagen,
1973 1179 2907 1221 etz sei ein genz lichtblondes Wesen, dem der Dichter zu¬
1969 1217 2906 1250 weilen gagz dief in die blauen Augen geschaut habe. Solche
1973 1244 2907 1300 Verbildlichungen und Verleibungen rein geistiger Vor¬
1978 1283 2911 1325 gänge mögen manchem ein wenig geschmacklos vor¬
1990 1323 2913 1367 kommen; aber es ist ganz reizvoll, nach der Regeldetri
1989 1355 2914 1405 Arthur Schnitztlers Muse zu errechnen, dessen 60. Ge¬
1977 1389 2914 1431 burtstag das Schauspielhaus gestern mit der Auf¬
1992 1424 2917 1463 führung dreier Einakter beging. Auf den ersten Blick
1982 1452 2915 1500 scheint diese Muse ein zieres Wiener Madel zu sein,
1986 1489 2917 1538 wie man sichs aus der Ferne wohl vorstellt; schaut
1990 1527 2909 1565 man näher zu, hat sie einen Stich ins Kesse und
1993 1559 2906 1599 Parfümierte; und tritt man ganz nahe heran, ist's
1980 1596 2908 1634 ihr eigner Schatten, ein Großstadtkind mit verlebten
1986 1635 2913 1682 Zügen. „Literatur": ein reizenter und seinge¬
1992 1669 2901 1711 wobener Scherz, wenn man sich elamal auf den
1991 1696 2902 1760 Standpunkt stellt, solcherlei Dinge seien des Ver¬
1983 1728 2912 1786 dichtens wert; „Abschiedssouper“: ein hübsch
1981 1767 2911 1807 dargestellter Vorgang, weln man schon einmal
1982 1807 2915 1851 lebensernste Dinge in fe##rnden Gesprächen erledigen
1978 1842 2905 1894 will. Die einzige tiefere Berechtigung wärfs, wenn
1982 1873 2902 1919 diese Stücke als Satiren erkenntlich wären; aber das
1994 1905 2907 1954 sind sie nicht ausschließlich genug, um nicht davon zu
1987 1948 2913 1993 überzeugen, daß Schnitzler selbst von dieser müden
1987 1992 2911 2031 Lebenshaltung angefressen sei, kein Weltverdichter, ein
1981 2017 2266 2072 Halbweltdichter.
2014 2040 2905 2095 Wie sehr er das ist, bewiist seine „Groteske“ Der
1989 2077 2919 2127 grüne Kakadu, ein Stück aus der französischen
1975 2119 2909 2157 Revolution. Wie Schnitzler da in dem Gasthaus des
1975 2157 2908 2195 ehemaligen Theaterdirektors Prospère sein Schauspieler¬
1993 2183 2918 2227 truppe allabendlich auftreten läßt mit mimischen Vor¬
1989 2211 2914 2264 führungen von Verbrechen und Gruseltaten, die in
1989 2257 2911 2292 Wahrheit ihm ermöglichen, in seinem Haus die Treiber
1981 2292 2916 2328 der Revolution z. versammeln; wie in demselben Raum
1976 2319 2916 2366 die Aristokraten zusammenkommen und sich dieser
1982 2363 2915 2396 Ernsthaftigkeiten freuen, weil sie sie als Spähe, als
1984 2385 2916 2430 Nervenreiz, ansehen; wie der Schauspieler Henri in
1984 2422 2911 2473 den Saal stürzt und gesteht, daß er seine ihm eben
1992 2455 2911 2496 angetraute Frau Léocadie in den Armen des Herzogs
1990 2486 2905 2523 von Cadigman angetroffer. und ihn ermordet habe; wie
1990 2496 2920 2561 da keiner weiß, ob das Verstellung oder Wirklichkeit
1995 2540 2917 2599 ist, bis Cadigman in den „grünen Kakadu“ tritt un
1998 2600 2922 2631 min von Henri, der erfährt, daß er nur zu gut er¬
1997 2615 2916 2664 funden hat, wirklich erschlagen wird; wie dann die
1987 2655 2918 2709 Bürger nach dem Fall der Bastille ihre große Rache
1991 2676 2917 2732 beginnen, auch an den Aristokraten im „grünen Kakadu“;
1989 2730 2913 2781 wie das alles geschieht, erkennen wir die unsehlbar
1989 2758 2922 2798 sicher bauende Hand des Theatermannes Schnitzler mit
1988 2785 2924 2833 besenderer Unmittelbarkeit. Aber auch das Ethos des
2000 2813 2923 2875 Dichters? Er soll ebensowenig, wie Büchner im
1990 2862 2926 2908 Danton, auf einer Seite stehen, aber er soll überall
1997 2895 2820 2936 mit drängendem, leidendem Herzen dabei sein.
1993 2925 2929 2976 wäre falsch, zu sagen, Schnitzler hätte kein Ethos, keine
1999 2954 2921 3009 „Sitte“ in Schillers Sinn, doch ist es kritisch rück¬
1995 2989 2917 3048 blickend gerichtet, nicht aber nach vorn. Daran liegt
1996 3025 2920 3077 es, daß Schnitzler im heranwachsenden Geschlecht keine
2003 3060 2930 3106 Freunde hat, während das deutsche Geschlecht auf und
2001 3090 2916 3140 nach der Mittagshöhe aufmerksamer auf diesen Bespötter
2007 3135 2931 3173 der eignen Zeitläufte zu horchen pflegt. Es wird sich
1997 3157 2933 3205 wohl in Kürze entscheiden, ob dieser Dichter, dem wir
2004 3179 2928 3241 übrigens ja eine kleine Anzahl besonders seingesetzter
2005 3222 2934 3276 Novellen verdanken, ein Vaumeister am deutschen Wesen
2007 3262 2923 3306 und Schrifttum gewesen ist; er wird eine Abkehr er¬
2002 3298 2934 3339 leben, denn es ist die Zeit der Wiederkehr der Ideale
2010 3328 2919 3375 heraufgekommen. Und hier beginnt Schnitzlers per¬
2009 3356 2929 3414 sönliche Tragik; sein Lebenswerk ist in sich einheitlich
1997 3395 2933 3453 und geschlossen erbaut, Zeuge einer großen Begabung,
2009 3430 2923 3475 und doch muß und wird derlei Kunst unbarmherzig fallen
2001 3451 2930 3521 müssen, wenn es aufwärts gehen soll in Deutschland.
2042 3491 2928 3540 Es müssen verschiedene sehr günstige Umstände zu¬
1997 3536 2935 3585 sammengetroffen sein, daß die Aufführung im Schau¬
1995 3560 2932 3609 spielhaus, zumal die der Einakter, so ausgezeichnet ver¬
1993 3593 2929 3652 lief. Warum gelangen gerabe diese gekünstelten Stücke
1998 3625 2936 3677 so gut? In „Literatur“ gab Friedl Münzer das
2000 3669 2935 3718 Weibchen Schriftstellerin, im „Abschiedssouper“ die
2001 3697 2927 3761 Annie außerordentlich; Grazie, Wehmut. Gier, Reiz¬
2008 3736 2944 3783 samkeit in einer Mischung, die ihr auch in ihrer Rolle
2013 3775 2935 3817 im letzten Stück besondern Glanz gab. Korth, in
2008 3811 2934 3856 den ersten Einaktern Spielleiter, setzte erst den Literaten
2012 3840 2931 3886 Gilbert, dann den glatten Max und endlich den Wirt
2010 3876 2942 3931 m „grünen Kakadu“ rund hin. Hätte Korth seine
2003 3905 2928 3962 Sprache besser gepflegt, er wäre heute vielleicht ein
2005 3942 2940 4002 großer Schauspieler. Weinlein gab den adligen
2004 3978 2939 4023 Freund der Margarethe im ersten Stück sehr hübsch;
2010 4012 2935 4061 Aßmann im zweiten als Anatol wußte aber doch
2016 4042 2944 4098 die Unwiderstehlichkeit des Kavaliers besser zu treffen;
2008 4084 2938 4127 es ist das seine Domäne. Nitzgen gab den Kellner.
2007 4112 2943 4164 Aus der Aufführung des „grünen Kakadu“ ragte die
2020 4157 2927 4195 Gestalt des Schausvielers Henri über alle andern hervor;
