<?xml version="1.0" encoding="UTF-8" standalone="yes"?>
<PcGts xmlns="http://schema.primaresearch.org/PAGE/gts/pagecontent/2013-07-15" xmlns:xsi="http://www.w3.org/2001/XMLSchema-instance" xsi:schemaLocation="http://schema.primaresearch.org/PAGE/gts/pagecontent/2013-07-15 http://schema.primaresearch.org/PAGE/gts/pagecontent/2013-07-15/pagecontent.xsd">
    <Metadata>
        <Creator>prov=University of Rostock/Institute of Mathematics/CITlab/Gundram Leifert/gundram.leifert@uni-rostock.de:name=ONB_Newseye_GT_M1+(htr_id=10810)::::v=2.4.2
prov=University of Rostock/Institute of Mathematics/CITlab/Tobias Gruening/tobias.gruening@uni-rostock.de:name=de.uros.citlab.module.baseline2polygon.B2PSeamMultiOriented:v=2.4.2
prov=University of Rostock/Institute of Mathematics/CITlab/Tobias Gruening/tobias.gruening@uni-rostock.de:name=/mnt/transkribus/LA/DEA/URO/LA_news_onb_att.pb:de.uros.citlab.segmentation.CITlab_LA_ML:v=2.4.2
Transkribus</Creator>
        <Created>2019-10-07T12:13:38.048+02:00</Created>
        <LastChange>2019-10-08T21:46:29.064+02:00</LastChange>
        <TranskribusMetadata docId="224045" pageId="9507242" pageNr="30" tsid="16610647" status="IN_PROGRESS" userId="40391" imgUrl="https://files.transkribus.eu/Get?id=LKLNGVTBAYCUBJXFAVOVORZL&amp;fileType=view" xmlUrl="https://files.transkribus.eu/Get?id=FOETVOCVJOSZDGFNFAITJTHW" imageId="6196982"/>
    </Metadata>
    <Page imageFilename="224045_0030.jpeg" imageWidth="3296" imageHeight="4320">
        <ReadingOrder>
            <OrderedGroup id="ro_1711444411930" caption="Regions reading order">
                <RegionRefIndexed index="0" regionRef="r1"/>
            </OrderedGroup>
        </ReadingOrder>
        <TextRegion orientation="0.0" id="r1" custom="readingOrder {index:0;}">
            <Coords points="134,227 134,4139 2549,4139 2549,227"/>
            <TextLine id="r1l1" custom="readingOrder {index:0;}">
                <Coords points="893,263 929,258 973,280 1001,263 1065,279 1098,254 1164,279 1195,262 1250,278 1272,256 1380,269 1380,205 1344,208 1286,175 1261,189 1172,184 1103,229 1067,202 1023,213 893,194"/>
                <Baseline points="906,256 931,255 957,254 982,253 1008,253 1034,252 1059,252 1085,252 1110,252 1136,252 1162,252 1187,252 1213,252 1238,252 1264,252 1290,252 1315,252 1341,252 1367,251"/>
                <TextEquiv>
                    <Unicode>box 34/8</Unicode>
                </TextEquiv>
            </TextLine>
            <TextLine id="r1l2" custom="readingOrder {index:1;}">
                <Coords points="120,277 228,266 374,309 494,285 562,311 616,285 756,303 759,220 610,196 584,218 407,202 382,221 360,198 332,214 294,196 232,231 156,190 122,203"/>
                <Baseline points="134,254 164,259 195,263 225,266 256,269 286,271 317,272 347,274 378,275 408,276 439,277 469,277 500,277 530,277 561,277 591,277 622,277 652,276 683,276 713,276 744,276"/>
                <TextEquiv>
                    <Unicode>9. Literatur</Unicode>
                </TextEquiv>
            </TextLine>
            <TextLine id="r1l3" custom="readingOrder {index:2;}">
                <Coords points="384,506 406,503 450,518 470,510 480,519 489,510 539,517 594,504 619,518 639,505 669,505 670,467 528,472 487,449 412,481 384,478"/>
                <Baseline points="397,500 422,499 448,499 474,499 500,499 526,500 551,501 577,502 603,502 629,503 655,503"/>
                <TextEquiv>
                    <Unicode>Wommt al</Unicode>
                </TextEquiv>
            </TextLine>
            <TextLine id="r1l4" custom="readingOrder {index:3;}">
                <Coords points="553,586 604,570 619,580 634,569 652,572 669,556 678,561 685,551 702,555 745,543 735,466 687,464 653,502 627,517 595,505 543,512"/>
                <Baseline points="562,550 589,543 617,539 645,537 673,534 701,530 729,523"/>
                <TextEquiv>
                    <Unicode> 54</Unicode>
                </TextEquiv>
            </TextLine>
            <TextLine id="r1l5" custom="readingOrder {index:4;}">
                <Coords points="746,576 954,566 1031,592 1064,567 1317,561 1352,581 1411,562 1411,515 1331,500 938,517 747,493"/>
                <Baseline points="760,553 791,554 823,554 855,555 887,555 919,556 951,556 983,556 1015,557 1047,557 1079,557 1110,557 1142,557 1174,558 1206,558 1238,558 1270,558 1302,558 1334,558 1366,558 1398,559"/>
                <TextEquiv>
                    <Unicode>Brünner Anzeiger, Brünn</Unicode>
                </TextEquiv>
            </TextLine>
            <TextLine id="r1l6" custom="readingOrder {index:5;}">
                <Coords points="364,603 391,610 444,612 471,607 488,610 494,605 502,614 516,614 517,570 503,569 495,575 479,563 470,568 423,564 404,569 387,562 365,562"/>
                <Baseline points="378,603 403,605 428,605 453,605 478,606 503,610"/>
                <TextEquiv>
                    <Unicode>vom:</Unicode>
                </TextEquiv>
            </TextLine>
            <TextLine id="r1l7" custom="readingOrder {index:6;}">
                <Coords points="486,644 506,639 524,653 550,641 588,659 616,657 618,594 593,593 580,581 558,588 542,574 522,579 511,570 489,572"/>
                <Baseline points="502,625 527,623 552,625 577,626 603,628"/>
                <TextEquiv>
                    <Unicode> </Unicode>
                </TextEquiv>
            </TextLine>
            <TextLine id="r1l8" custom="readingOrder {index:7;}">
                <Coords points="521,732 739,767 925,748 1002,785 1064,756 1166,785 1246,762 1285,782 1335,758 1336,725 1201,667 999,669 870,586 773,612 524,574"/>
                <Baseline points="536,737 575,740 614,741 653,744 693,746 732,747 771,748 811,750 850,751 889,752 929,753 968,753 1007,754 1046,754 1086,754 1125,754 1164,754 1204,754 1243,753 1282,752 1322,752"/>
                <TextEquiv>
                    <Unicode>Brünner Stadttheater.</Unicode>
                </TextEquiv>
            </TextLine>
            <TextLine id="r1l9" custom="readingOrder {index:8;}">
                <Coords points="459,821 1380,856 1496,851 1498,796 778,784 655,749 460,774"/>
                <Baseline points="472,815 522,814 573,814 623,815 674,816 724,817 775,819 825,822 876,824 926,827 977,829 1027,832 1078,834 1128,836 1179,837 1229,839 1280,839 1330,840 1381,839 1431,838 1482,835"/>
                <TextEquiv>
                    <Unicode>cn. Arihur SchuinleneieMit drei eigen¬</Unicode>
                </TextEquiv>
            </TextLine>
            <TextLine id="r1l10" custom="readingOrder {index:9;}">
                <Coords points="381,869 1449,908 1493,906 1495,851 382,830"/>
                <Baseline points="394,862 448,864 502,866 556,867 611,868 665,870 719,871 774,872 828,874 882,875 937,876 991,877 1045,879 1099,879 1154,881 1208,881 1262,882 1317,883 1371,883 1425,884 1480,884"/>
                <TextEquiv>
                    <Unicode>Artigen Kostproben von Arthur Schnitzlers Geist wurde</Unicode>
                </TextEquiv>
            </TextLine>
            <TextLine id="r1l11" custom="readingOrder {index:10;}">
                <Coords points="387,942 1491,960 1492,910 388,867"/>
                <Baseline points="402,911 455,913 509,914 563,916 617,917 671,918 724,919 778,920 832,922 886,923 940,924 993,925 1047,926 1101,928 1155,929 1209,930 1262,931 1316,932 1370,933 1424,934 1478,934"/>
                <TextEquiv>
                    <Unicode>Dem Publikum des hiesigen Stadttheaters der 50. Geburts¬</Unicode>
                </TextEquiv>
            </TextLine>
            <TextLine id="r1l12" custom="readingOrder {index:11;}">
                <Coords points="369,973 1491,997 1489,933 370,937"/>
                <Baseline points="384,964 438,965 493,965 547,966 602,966 657,967 711,968 766,969 820,969 875,970 930,971 984,972 1039,974 1093,975 1148,976 1203,977 1257,979 1312,980 1366,982 1421,983 1476,984"/>
                <TextEquiv>
                    <Unicode>itag des Dichters in Erinnerung gebracht. Als erstes der</Unicode>
                </TextEquiv>
            </TextLine>
            <TextLine id="r1l13" custom="readingOrder {index:12;}">
                <Coords points="373,1010 1489,1027 1489,999 1387,989 374,977"/>
                <Baseline points="386,1011 440,1012 494,1013 549,1014 603,1015 658,1017 712,1018 766,1019 821,1020 875,1021 930,1022 984,1023 1038,1024 1093,1025 1147,1026 1202,1027 1256,1028 1310,1030 1365,1031 1419,1032 1474,1032"/>
                <TextEquiv>
                    <Unicode>drollige Scherz aus den „Lebendigen Stunden": „Lite¬</Unicode>
                </TextEquiv>
            </TextLine>
            <TextLine id="r1l14" custom="readingOrder {index:13;}">
                <Coords points="377,1076 1451,1100 1488,1026 378,1023"/>
                <Baseline points="390,1061 444,1062 498,1063 552,1063 606,1065 661,1065 715,1066 769,1067 823,1068 877,1069 932,1070 986,1071 1040,1072 1094,1074 1148,1075 1203,1075 1257,1076 1311,1077 1365,1078 1419,1079 1474,1080"/>
                <TextEquiv>
                    <Unicode>ratur". Hier waltet echte Schnitzlerische Fröhlichkeit und</Unicode>
                </TextEquiv>
            </TextLine>
            <TextLine id="r1l15" custom="readingOrder {index:14;}">
                <Coords points="373,1126 1076,1116 1485,1154 1486,1104 374,1073"/>
                <Baseline points="388,1109 442,1110 496,1111 550,1112 604,1112 659,1113 713,1114 767,1115 821,1117 875,1118 930,1119 984,1120 1038,1121 1092,1122 1146,1123 1201,1124 1255,1125 1309,1126 1363,1126 1417,1127 1472,1127"/>
                <TextEquiv>
                    <Unicode>ausgelassenes Erzählen dessen, was den Literaten Ge¬</Unicode>
                </TextEquiv>
            </TextLine>
            <TextLine id="r1l16" custom="readingOrder {index:15;}">
                <Coords points="386,1172 1488,1184 1488,1137 1378,1124 386,1122"/>
                <Baseline points="401,1158 454,1159 508,1160 562,1161 615,1162 669,1163 723,1164 776,1165 830,1166 884,1167 938,1168 991,1169 1045,1170 1099,1171 1152,1171 1206,1172 1260,1173 1313,1173 1367,1173 1421,1174 1475,1174"/>
                <TextEquiv>
                    <Unicode>schäftsgeheimnis ist und dem Publikum verheimlicht blei¬</Unicode>
                </TextEquiv>
            </TextLine>
            <TextLine id="r1l17" custom="readingOrder {index:16;}">
                <Coords points="379,1211 1359,1243 1489,1223 1490,1182 380,1172"/>
                <Baseline points="393,1208 447,1208 501,1209 555,1210 609,1210 663,1212 717,1213 771,1214 825,1215 879,1216 934,1217 988,1219 1042,1220 1096,1220 1150,1221 1204,1222 1258,1222 1312,1223 1366,1223 1420,1223 1475,1222"/>
                <TextEquiv>
                    <Unicode>ben sollte. Die unendliche Borniertheit des Literaturmen¬</Unicode>
                </TextEquiv>
            </TextLine>
            <TextLine id="r1l18" custom="readingOrder {index:17;}">
                <Coords points="370,1282 1276,1269 1491,1303 1492,1225 371,1212"/>
                <Baseline points="384,1258 438,1259 493,1259 547,1260 602,1261 657,1262 711,1263 766,1263 821,1264 875,1265 930,1266 985,1267 1039,1268 1094,1269 1149,1269 1203,1270 1258,1271 1313,1271 1367,1271 1422,1271 1477,1272"/>
                <TextEquiv>
                    <Unicode>schen, der jede Gefühlsregung, jeden armseligen Gedanken</Unicode>
                </TextEquiv>
            </TextLine>
            <TextLine id="r1l19" custom="readingOrder {index:18;}">
                <Coords points="361,1316 1346,1345 1491,1309 1491,1281 406,1272 362,1244"/>
                <Baseline points="376,1309 431,1309 486,1309 541,1309 596,1310 651,1310 706,1311 761,1312 816,1313 871,1314 926,1315 981,1316 1036,1318 1091,1319 1146,1320 1201,1321 1256,1322 1311,1322 1366,1323 1421,1323 1476,1323"/>
                <TextEquiv>
                    <Unicode>zur Unsterblichkeit zulegt, wie in eine Sparbüchse wirft,</Unicode>
                </TextEquiv>
            </TextLine>
            <TextLine id="r1l20" custom="readingOrder {index:19;}">
                <Coords points="366,1360 1476,1388 1444,1332 367,1318"/>
                <Baseline points="380,1355 434,1356 488,1357 542,1358 596,1359 651,1360 705,1361 759,1361 813,1362 867,1363 922,1363 976,1364 1030,1365 1084,1366 1138,1367 1193,1368 1247,1369 1301,1369 1355,1371 1409,1372 1464,1373"/>
                <TextEquiv>
                    <Unicode>indem er sich ihn „aufschreibt". Nichts ist ihm heilig, alles</Unicode>
                </TextEquiv>
            </TextLine>
            <TextLine id="r1l21" custom="readingOrder {index:20;}">
                <Coords points="378,1422 1429,1445 1474,1432 1475,1374 1167,1396 379,1361"/>
                <Baseline points="391,1404 444,1405 498,1406 551,1406 605,1407 658,1408 712,1409 765,1409 819,1411 872,1411 926,1412 979,1413 1033,1415 1086,1415 1140,1417 1193,1418 1247,1419 1300,1420 1354,1422 1407,1423 1461,1425"/>
                <TextEquiv>
                    <Unicode>nur Mittel zum Zweck: Ich=Mensch zu sein, als ob es nicht</Unicode>
                </TextEquiv>
            </TextLine>
            <TextLine id="r1l22" custom="readingOrder {index:21;}">
                <Coords points="365,1457 1342,1489 1480,1477 1481,1436 365,1430"/>
                <Baseline points="380,1452 434,1454 488,1455 543,1456 597,1457 651,1458 706,1459 760,1459 814,1460 869,1460 923,1461 977,1462 1032,1462 1086,1463 1140,1464 1195,1465 1249,1467 1303,1469 1358,1471 1412,1473 1467,1476"/>
                <TextEquiv>
                    <Unicode>alle Menschen wären. Dieser Wiener Sportgraf hat genau</Unicode>
                </TextEquiv>
            </TextLine>
            <TextLine id="r1l23" custom="readingOrder {index:22;}">
                <Coords points="376,1516 1347,1551 1481,1517 1396,1477 377,1460"/>
                <Baseline points="389,1502 445,1502 502,1503 559,1504 616,1505 672,1506 729,1507 786,1508 843,1509 900,1511 956,1512 1013,1513 1070,1514 1127,1515 1184,1516 1240,1517 1297,1517 1354,1517 1411,1517 1468,1517"/>
                <TextEquiv>
                    <Unicode>so literarische Existenzberechtigung wie der phrasenselige</Unicode>
                </TextEquiv>
            </TextLine>
            <TextLine id="r1l24" custom="readingOrder {index:23;}">
                <Coords points="365,1554 1281,1586 1483,1573 1484,1539 365,1515"/>
                <Baseline points="378,1549 432,1550 487,1551 541,1553 596,1554 650,1555 705,1556 759,1557 814,1558 868,1559 923,1560 977,1560 1032,1561 1086,1562 1141,1563 1195,1564 1250,1565 1304,1565 1359,1566 1413,1567 1468,1567"/>
                <TextEquiv>
                    <Unicode>Gilbert. Zum Schlusse färbt auch er bedenklich ab oder</Unicode>
                </TextEquiv>
            </TextLine>
            <TextLine id="r1l25" custom="readingOrder {index:24;}">
                <Coords points="361,1613 1382,1634 1482,1622 1483,1572 362,1557"/>
                <Baseline points="374,1600 428,1600 483,1601 538,1601 592,1602 647,1603 702,1604 756,1605 811,1607 866,1608 921,1609 975,1610 1030,1612 1085,1613 1139,1614 1194,1614 1249,1615 1303,1616 1358,1616 1413,1617 1468,1617"/>
                <TextEquiv>
                    <Unicode>an, wie man es nimmt. Und diese heiße Liebe der zwei</Unicode>
                </TextEquiv>
            </TextLine>
            <TextLine id="r1l26" custom="readingOrder {index:25;}">
                <Coords points="358,1668 1485,1661 1485,1627 1413,1623 359,1613"/>
                <Baseline points="372,1646 426,1648 481,1649 536,1650 591,1651 646,1652 701,1653 756,1654 811,1655 866,1656 921,1656 975,1657 1030,1658 1085,1659 1140,1660 1195,1661 1250,1663 1305,1664 1360,1665 1415,1666 1470,1668"/>
                <TextEquiv>
                    <Unicode>Literaten=endet wirklich in einem köstlichen Spaß: sie beide</Unicode>
                </TextEquiv>
            </TextLine>
            <TextLine id="r1l27" custom="readingOrder {index:26;}">
                <Coords points="366,1714 1451,1731 1474,1676 367,1653"/>
                <Baseline points="381,1697 437,1697 494,1697 551,1697 608,1698 664,1699 721,1700 778,1701 835,1702 892,1704 948,1705 1005,1706 1062,1708 1119,1709 1176,1711 1232,1712 1289,1713 1346,1715 1403,1716 1460,1717"/>
                <TextEquiv>
                    <Unicode>haben=hre Liebesbriefe drucken lassen. Nur daß zum</Unicode>
                </TextEquiv>
            </TextLine>
            <TextLine id="r1l28" custom="readingOrder {index:27;}">
                <Coords points="363,1756 1470,1781 1471,1725 1422,1719 364,1715"/>
                <Baseline points="378,1750 432,1749 486,1748 540,1748 594,1748 648,1748 702,1748 756,1749 810,1750 864,1751 918,1753 972,1754 1026,1755 1080,1757 1134,1758 1188,1759 1242,1761 1296,1762 1350,1763 1404,1763 1458,1763"/>
                <TextEquiv>
                    <Unicode>Schluß das Weib dennoch impulsiver ist und sein Werk</Unicode>
                </TextEquiv>
            </TextLine>
            <TextLine id="r1l29" custom="readingOrder {index:28;}">
                <Coords points="350,1823 1475,1812 1387,1771 352,1759"/>
                <Baseline points="364,1796 418,1795 473,1795 528,1796 583,1796 638,1797 693,1797 747,1798 802,1799 857,1800 912,1802 967,1803 1022,1804 1077,1805 1131,1806 1186,1808 1241,1808 1296,1810 1351,1810 1406,1811 1461,1812"/>
                <TextEquiv>
                    <Unicode>seigenhändig verbrennt. Daß ihm dieser Schluß entgangen</Unicode>
                </TextEquiv>
            </TextLine>
            <TextLine id="r1l30" custom="readingOrder {index:29;}">
                <Coords points="355,1864 1471,1865 1471,1815 356,1811"/>
                <Baseline points="368,1843 422,1843 477,1843 531,1844 586,1845 640,1846 695,1847 749,1848 804,1849 858,1850 913,1851 967,1853 1022,1854 1076,1855 1131,1856 1185,1856 1240,1857 1294,1857 1349,1857 1403,1857 1458,1857"/>
                <TextEquiv>
                    <Unicode>ist — das kann Gilbert wirklich leid tun. Er ist die einzige</Unicode>
                </TextEquiv>
            </TextLine>
            <TextLine id="r1l31" custom="readingOrder {index:30;}">
                <Coords points="364,1907 1469,1936 1445,1864 365,1855"/>
                <Baseline points="379,1892 432,1893 486,1894 540,1895 594,1896 648,1896 702,1897 755,1898 809,1899 863,1899 917,1900 971,1901 1025,1901 1079,1902 1132,1903 1186,1903 1240,1904 1294,1905 1348,1906 1402,1907 1456,1907"/>
                <TextEquiv>
                    <Unicode>Wahrheit, die bei jeder Frau möglich ist. — Der „Puv¬</Unicode>
                </TextEquiv>
            </TextLine>
            <TextLine id="r1l32" custom="readingOrder {index:31;}">
                <Coords points="354,1946 1473,1968 1473,1921 1388,1914 355,1905"/>
                <Baseline points="369,1941 423,1942 477,1943 532,1944 586,1945 641,1946 695,1946 750,1947 804,1947 859,1947 913,1948 967,1948 1022,1949 1076,1950 1131,1950 1185,1952 1240,1953 1294,1954 1349,1956 1403,1958 1458,1960"/>
                <TextEquiv>
                    <Unicode>penspieler" (aus den „Marionetten") ist eines jener</Unicode>
                </TextEquiv>
            </TextLine>
            <TextLine id="r1l33" custom="readingOrder {index:32;}">
                <Coords points="357,1996 1467,2025 1468,1972 1399,1963 358,1949"/>
                <Baseline points="371,1990 425,1991 479,1991 533,1992 587,1993 641,1993 695,1994 749,1995 803,1996 857,1996 912,1997 966,1998 1020,1999 1074,2000 1128,2001 1182,2002 1236,2003 1290,2004 1344,2005 1398,2005 1453,2006"/>
                <TextEquiv>
                    <Unicode>tiefen Gespräche, für die eine Bühne wie die unsrige schon</Unicode>
                </TextEquiv>
            </TextLine>
            <TextLine id="r1l34" custom="readingOrder {index:33;}">
                <Coords points="341,2061 1455,2064 1455,2014 1422,2011 575,2013 342,1972"/>
                <Baseline points="356,2042 410,2043 464,2043 518,2043 573,2044 627,2044 681,2044 735,2045 790,2046 844,2046 898,2047 952,2048 1007,2048 1061,2049 1115,2049 1169,2050 1224,2051 1278,2051 1332,2052 1386,2052 1441,2053"/>
                <TextEquiv>
                    <Unicode>zu groß ist: es gehört in einen intimeren Raum. Die dra¬</Unicode>
                </TextEquiv>
            </TextLine>
            <TextLine id="r1l35" custom="readingOrder {index:34;}">
                <Coords points="351,2095 1459,2108 1432,2057 352,2048"/>
                <Baseline points="366,2087 422,2088 479,2089 536,2090 593,2091 649,2092 706,2093 763,2094 820,2095 877,2096 933,2097 990,2097 1047,2098 1104,2099 1161,2099 1217,2100 1274,2100 1331,2100 1388,2101 1445,2101"/>
                <TextEquiv>
                    <Unicode>matische Entwicklung fehlt gänzlich: Georg Merklin glaubt</Unicode>
                </TextEquiv>
            </TextLine>
            <TextLine id="r1l36" custom="readingOrder {index:35;}">
                <Coords points="357,2144 1467,2162 1454,2103 1365,2130 358,2097"/>
                <Baseline points="370,2133 424,2135 478,2136 532,2137 586,2138 641,2140 695,2141 749,2142 803,2142 857,2144 912,2144 966,2146 1020,2146 1074,2147 1128,2148 1183,2149 1237,2150 1291,2151 1345,2152 1399,2153 1454,2154"/>
                <TextEquiv>
                    <Unicode>mit den Menschen zu spielen. Aber sie spielen mit ihm, sie</Unicode>
                </TextEquiv>
            </TextLine>
            <TextLine id="r1l37" custom="readingOrder {index:36;}">
                <Coords points="351,2193 1464,2216 1465,2155 352,2135"/>
                <Baseline points="365,2186 419,2186 473,2187 527,2188 582,2188 636,2189 690,2190 744,2191 799,2192 853,2193 907,2194 961,2195 1016,2196 1070,2197 1124,2197 1178,2198 1233,2199 1287,2200 1341,2200 1395,2201 1450,2201"/>
                <TextEquiv>
                    <Unicode>haben mitgespielt wie Kinder. Er ist ein zerbrochenes</Unicode>
                </TextEquiv>
            </TextLine>
            <TextLine id="r1l38" custom="readingOrder {index:37;}">
                <Coords points="351,2239 1425,2271 1470,2214 352,2192"/>
                <Baseline points="365,2232 419,2233 474,2234 528,2235 583,2237 637,2238 692,2239 746,2240 801,2240 855,2241 910,2242 965,2243 1019,2244 1074,2244 1128,2245 1183,2245 1237,2246 1292,2246 1346,2246 1401,2247 1456,2247"/>
                <TextEquiv>
                    <Unicode>Spielzeug, ohne daß er es ahnt. Seine Philosophie ist ihm</Unicode>
                </TextEquiv>
            </TextLine>
            <TextLine id="r1l39" custom="readingOrder {index:38;}">
                <Coords points="348,2303 1461,2291 1461,2263 1295,2252 348,2248"/>
                <Baseline points="363,2286 417,2286 471,2286 525,2287 580,2287 634,2288 688,2289 742,2290 797,2290 851,2291 905,2292 959,2293 1014,2294 1068,2295 1122,2296 1176,2296 1231,2297 1285,2297 1339,2298 1393,2299 1448,2299"/>
                <TextEquiv>
                    <Unicode>geblieben. Er ist der Beweis für den Satz, daß die ver¬</Unicode>
                </TextEquiv>
            </TextLine>
            <TextLine id="r1l40" custom="readingOrder {index:39;}">
                <Coords points="345,2337 1464,2361 1440,2294 346,2298"/>
                <Baseline points="358,2332 412,2333 467,2334 521,2335 576,2336 631,2337 685,2338 740,2339 794,2339 849,2340 904,2340 958,2341 1013,2342 1067,2343 1122,2343 1177,2344 1231,2345 1286,2346 1340,2347 1395,2348 1450,2350"/>
                <TextEquiv>
                    <Unicode>pfuschtesten Existenzen die abgründigsten Philosophen sind.</Unicode>
                </TextEquiv>
            </TextLine>
            <TextLine id="r1l41" custom="readingOrder {index:40;}">
                <Coords points="347,2386 1457,2423 1458,2362 347,2342"/>
                <Baseline points="361,2381 415,2382 469,2383 523,2384 577,2385 631,2385 685,2386 740,2387 794,2387 848,2388 902,2389 956,2389 1010,2390 1064,2391 1119,2391 1173,2392 1227,2393 1281,2394 1335,2395 1389,2396 1444,2397"/>
                <TextEquiv>
                    <Unicode>Und er führt auch wirklich Gedanken im Munde. „Alt</Unicode>
                </TextEquiv>
            </TextLine>
            <TextLine id="r1l42" custom="readingOrder {index:41;}">
                <Coords points="353,2442 1455,2449 1455,2402 354,2386"/>
                <Baseline points="366,2429 419,2430 473,2431 527,2432 581,2433 635,2434 688,2435 742,2436 796,2437 850,2438 904,2438 957,2439 1011,2440 1065,2441 1119,2441 1173,2442 1226,2442 1280,2443 1334,2443 1388,2444 1442,2444"/>
                <TextEquiv>
                    <Unicode>sind die, die morgen sterben“, das ist seine Weisheit. Er,</Unicode>
                </TextEquiv>
            </TextLine>
            <TextLine id="r1l43" custom="readingOrder {index:42;}">
                <Coords points="344,2489 1405,2512 1458,2452 345,2439"/>
                <Baseline points="359,2477 413,2478 467,2479 521,2480 576,2481 630,2481 684,2483 738,2484 793,2485 847,2485 901,2487 955,2487 1010,2488 1064,2489 1118,2489 1172,2490 1227,2491 1281,2491 1335,2491 1389,2491 1444,2491"/>
                <TextEquiv>
                    <Unicode>den die schüchterne Anna liebte. Eigentlich nicht liebte.</Unicode>
                </TextEquiv>
            </TextLine>
            <TextLine id="r1l44" custom="readingOrder {index:43;}">
                <Coords points="340,2548 1442,2553 1443,2498 342,2484"/>
                <Baseline points="356,2523 409,2524 463,2525 516,2527 570,2528 624,2529 677,2530 731,2532 785,2533 838,2534 892,2535 946,2536 999,2537 1053,2537 1107,2538 1160,2539 1214,2539 1268,2540 1321,2540 1375,2541 1429,2541"/>
                <TextEquiv>
                    <Unicode>Es war „die Sehnsucht, ihn auf den rechten Weg zu brin¬</Unicode>
                </TextEquiv>
            </TextLine>
            <TextLine id="r1l45" custom="readingOrder {index:44;}">
                <Coords points="350,2587 1450,2599 1450,2555 1387,2548 351,2537"/>
                <Baseline points="364,2574 417,2575 471,2576 524,2578 578,2578 632,2579 685,2580 739,2581 793,2582 846,2582 900,2583 954,2584 1007,2585 1061,2585 1115,2586 1168,2587 1222,2588 1276,2589 1329,2591 1383,2592 1437,2594"/>
                <TextEquiv>
                    <Unicode>gen". Der steht nun da, dürftig und abgenutzt vom Leben.</Unicode>
                </TextEquiv>
            </TextLine>
            <TextLine id="r1l46" custom="readingOrder {index:45;}">
                <Coords points="340,2630 1406,2659 1447,2651 1448,2606 340,2583"/>
                <Baseline points="354,2623 410,2625 467,2626 524,2627 581,2629 637,2630 694,2630 751,2631 808,2632 865,2632 921,2633 978,2633 1035,2634 1092,2635 1149,2635 1205,2636 1262,2637 1319,2638 1376,2640 1433,2641"/>
                <TextEquiv>
                    <Unicode>Ein Achselzucken schließt den Akt. Wie man über das</Unicode>
                </TextEquiv>
            </TextLine>
            <TextLine id="r1l47" custom="readingOrder {index:46;}">
                <Coords points="339,2674 1447,2688 1417,2646 340,2629"/>
                <Baseline points="353,2672 407,2673 461,2674 515,2674 569,2675 623,2676 677,2676 731,2677 785,2677 839,2678 893,2679 947,2679 1001,2680 1055,2680 1109,2681 1163,2682 1217,2683 1271,2684 1325,2685 1379,2686 1433,2687"/>
                <TextEquiv>
                    <Unicode>Selbstverständliche hinweggeht. — Und zum Schlusse</Unicode>
                </TextEquiv>
            </TextLine>
            <TextLine id="r1l48" custom="readingOrder {index:47;}">
                <Coords points="341,2730 1441,2741 1441,2691 342,2677"/>
                <Baseline points="356,2717 409,2718 463,2719 516,2721 570,2722 623,2723 677,2725 730,2726 784,2727 837,2728 891,2730 945,2730 998,2731 1052,2732 1105,2732 1159,2733 1212,2733 1266,2732 1319,2732 1373,2731 1427,2730"/>
                <TextEquiv>
                    <Unicode>[„Der grüne Kakadu“ (aus dem gleichnamigen Zyk¬</Unicode>
                </TextEquiv>
            </TextLine>
            <TextLine id="r1l49" custom="readingOrder {index:48;}">
                <Coords points="332,2780 1209,2807 1448,2777 1421,2735 332,2733"/>
                <Baseline points="345,2766 399,2766 453,2767 508,2768 562,2769 617,2771 671,2772 725,2773 780,2774 834,2775 889,2777 943,2778 997,2779 1052,2779 1106,2780 1161,2780 1215,2780 1269,2780 1324,2780 1378,2780 1433,2779"/>
                <TextEquiv>
                    <Unicode>lus). Hier ist raffinierteste Technik mit kühnstem Durch¬</Unicode>
                </TextEquiv>
            </TextLine>
            <TextLine id="r1l50" custom="readingOrder {index:49;}">
                <Coords points="319,2890 2537,2901 2462,2840 1577,2803 319,2852"/>
                <Baseline points="333,2872 442,2872 551,2872 661,2872 770,2873 880,2873 989,2874 1099,2875 1208,2875 1318,2876 1427,2877 1536,2878 1646,2879 1755,2880 1865,2881 1974,2882 2084,2883 2193,2884 2303,2885 2412,2886 2522,2887"/>
                <TextEquiv>
                    <Unicode>einander gekoppelt. Ein düsteres Kellerkokal, in das von kadu“ sind noch einige Charaktertypen hervorzuheben. Der¬</Unicode>
                </TextEquiv>
            </TextLine>
            <TextLine id="r1l51" custom="readingOrder {index:50;}">
                <Coords points="332,2935 2522,2957 2497,2890 332,2888"/>
                <Baseline points="347,2928 455,2927 563,2926 671,2926 779,2926 887,2927 995,2927 1103,2929 1211,2930 1319,2931 1427,2933 1535,2934 1643,2936 1751,2937 1859,2938 1967,2939 2075,2940 2183,2941 2291,2941 2399,2940 2508,2939"/>
                <TextEquiv>
                    <Unicode>fern nur der Lärm des heulenden Paris hereindringt. Herzog (Herr Neufeld), der Dichter (Herr Recke), der</Unicode>
                </TextEquiv>
            </TextLine>
            <TextLine id="r1l52" custom="readingOrder {index:51;}">
                <Coords points="323,2987 2521,3010 2433,2941 323,2940"/>
                <Baseline points="337,2980 445,2980 554,2980 662,2981 771,2981 879,2982 988,2982 1096,2983 1205,2984 1313,2985 1422,2986 1530,2987 1639,2987 1747,2988 1856,2989 1964,2990 2073,2991 2181,2991 2290,2992 2398,2993 2507,2993"/>
                <TextEquiv>
                    <Unicode>Revolution! Die französische ist für dieses Spektakelstück derbe Wirt (Herr Teller); von seiner Truppe Frl.:</Unicode>
                </TextEquiv>
            </TextLine>
            <TextLine id="r1l53" custom="readingOrder {index:52;}">
                <Coords points="323,3042 2513,3068 2472,2996 323,2987"/>
                <Baseline points="337,3032 445,3033 553,3034 661,3035 769,3036 877,3036 985,3037 1093,3037 1201,3038 1309,3038 1418,3038 1526,3039 1634,3039 1742,3040 1850,3040 1958,3041 2066,3042 2174,3043 2282,3044 2390,3046 2499,3048"/>
                <TextEquiv>
                    <Unicode>des Welttheaters vorbildlich geworden: jede Revolution ist Sticker, Frl. Bukovics und Herr Kaitan, der</Unicode>
                </TextEquiv>
            </TextLine>
            <TextLine id="r1l54" custom="readingOrder {index:53;}">
                <Coords points="334,3088 1422,3105 1422,3047 1372,3042 334,3058"/>
                <Baseline points="347,3089 400,3088 453,3088 506,3088 559,3087 612,3087 665,3087 718,3087 771,3087 824,3088 877,3088 930,3088 983,3088 1036,3089 1089,3089 1142,3089 1195,3090 1248,3090 1301,3090 1354,3091 1407,3091"/>
                <TextEquiv>
                    <Unicode>eine französische, wenn sie vielleicht nicht immer franzö¬</Unicode>
                </TextEquiv>
            </TextLine>
            <TextLine id="r1l55" custom="readingOrder {index:54;}">
                <Coords points="1426,3109 2517,3103 2484,3051 1426,3056"/>
                <Baseline points="1441,3091 1494,3092 1547,3092 1600,3093 1653,3094 1706,3094 1759,3094 1812,3095 1865,3095 1918,3095 1972,3095 2025,3095 2078,3095 2131,3096 2184,3096 2237,3096 2290,3096 2343,3097 2396,3097 2449,3098 2503,3098"/>
                <TextEquiv>
                    <Unicode>dem Abgeschmackten noch von seiner Abgeschmacktheit da¬</Unicode>
                </TextEquiv>
            </TextLine>
            <TextLine id="r1l56" custom="readingOrder {index:55;}">
                <Coords points="324,3154 1415,3166 1387,3102 701,3119 324,3082"/>
                <Baseline points="339,3142 392,3142 445,3142 498,3142 551,3141 604,3141 657,3141 710,3141 763,3141 816,3141 870,3141 923,3141 976,3141 1029,3142 1082,3142 1135,3142 1188,3143 1241,3143 1294,3144 1347,3145 1401,3146"/>
                <TextEquiv>
                    <Unicode>sisch ist. Schnitzler zerlegt die Ereignisse in ihre wider¬</Unicode>
                </TextEquiv>
            </TextLine>
            <TextLine id="r1l57" custom="readingOrder {index:56;}">
                <Coords points="1429,3160 2029,3176 2151,3146 2458,3177 2525,3141 2525,3102 1429,3110"/>
                <Baseline points="1442,3149 1495,3149 1549,3149 1602,3149 1656,3149 1709,3149 1763,3149 1816,3149 1870,3150 1923,3150 1977,3150 2030,3150 2084,3151 2137,3151 2191,3151 2244,3151 2298,3151 2351,3151 2405,3151 2458,3151 2512,3151"/>
                <TextEquiv>
                    <Unicode>zugab; der Philosoph (Herr Moser) und dann Herr</Unicode>
                </TextEquiv>
            </TextLine>
            <TextLine id="r1l58" custom="readingOrder {index:57;}">
                <Coords points="327,3202 1427,3215 1427,3165 1197,3147 328,3158"/>
                <Baseline points="342,3195 395,3195 449,3195 502,3194 556,3194 610,3194 663,3195 717,3195 770,3195 824,3195 878,3196 931,3196 985,3197 1038,3197 1092,3197 1146,3197 1199,3198 1253,3198 1306,3198 1360,3198 1414,3197"/>
                <TextEquiv>
                    <Unicode>streitenden Motive und es wird eine Groteske daraus. Das</Unicode>
                </TextEquiv>
            </TextLine>
            <TextLine id="r1l59" custom="readingOrder {index:58;}">
                <Coords points="1429,3214 2411,3228 2525,3204 2525,3140 2450,3179 1429,3159"/>
                <Baseline points="1442,3200 1495,3201 1549,3201 1602,3201 1656,3202 1709,3202 1763,3203 1816,3203 1870,3203 1923,3204 1977,3204 2030,3205 2084,3205 2137,3205 2191,3205 2244,3205 2298,3205 2351,3204 2405,3204 2458,3203 2512,3202"/>
                <TextEquiv>
                    <Unicode>Bland und Frau Wiesner. Das Publikum applau¬</Unicode>
                </TextEquiv>
            </TextLine>
            <TextLine id="r1l60" custom="readingOrder {index:59;}">
                <Coords points="336,3257 1425,3266 1394,3208 337,3207"/>
                <Baseline points="349,3248 402,3248 455,3249 508,3249 561,3250 614,3250 667,3250 720,3250 773,3250 826,3250 879,3250 932,3250 985,3250 1038,3250 1091,3250 1144,3250 1197,3251 1250,3251 1303,3252 1356,3252 1410,3253"/>
                <TextEquiv>
                    <Unicode>Volk, das sich in echte Blutgier hinaufschauspielert, indem</Unicode>
                </TextEquiv>
            </TextLine>
            <TextLine id="r1l61" custom="readingOrder {index:60;}">
                <Coords points="1424,3263 2523,3288 2524,3202 2335,3233 1424,3213"/>
                <Baseline points="1437,3253 1490,3252 1544,3251 1597,3251 1651,3252 1705,3252 1758,3253 1812,3253 1866,3254 1919,3255 1973,3256 2027,3257 2080,3258 2134,3259 2188,3260 2241,3261 2295,3261 2349,3262 2402,3262 2456,3262 2510,3261"/>
                <TextEquiv>
                    <Unicode>dierte den Leistungen unseres Ensembles gern und viel</Unicode>
                </TextEquiv>
            </TextLine>
            <TextLine id="r1l62" custom="readingOrder {index:61;}">
                <Coords points="327,3315 1266,3331 1402,3317 1432,3259 327,3260"/>
                <Baseline points="341,3304 394,3304 448,3304 502,3305 556,3305 610,3305 664,3305 718,3305 772,3305 826,3305 880,3305 933,3305 987,3305 1041,3305 1095,3305 1149,3305 1203,3306 1257,3306 1311,3307 1365,3307 1419,3308"/>
                <TextEquiv>
                    <Unicode>selbst seine Philosophen auf den Tischen stehen und</Unicode>
                </TextEquiv>
            </TextLine>
            <TextLine id="r1l63" custom="readingOrder {index:62;}">
                <Coords points="1419,3329 2523,3341 2524,3277 1419,3266"/>
                <Baseline points="1434,3305 1487,3305 1541,3305 1595,3305 1649,3306 1703,3306 1756,3307 1810,3308 1864,3309 1918,3310 1972,3311 2025,3312 2079,3313 2133,3313 2187,3314 2241,3314 2294,3314 2348,3314 2402,3314 2456,3313 2510,3311"/>
                <TextEquiv>
                    <Unicode>und erlebte einen interessanten Abend, für den der Direk¬</Unicode>
                </TextEquiv>
            </TextLine>
            <TextLine id="r1l64" custom="readingOrder {index:63;}">
                <Coords points="334,3370 1990,3367 1934,3320 1428,3298 334,3320"/>
                <Baseline points="348,3357 429,3358 510,3358 592,3359 673,3359 755,3360 836,3360 917,3360 999,3360 1080,3360 1162,3359 1243,3359 1324,3359 1406,3359 1487,3359 1569,3359 1650,3359 1731,3359 1813,3359 1894,3359 1976,3360"/>
                <TextEquiv>
                    <Unicode>schreien. Und der Adel, der weiß, daß es nur Schauspieler tion viel Dank zu sagen ist.</Unicode>
                </TextEquiv>
            </TextLine>
            <TextLine id="r1l65" custom="readingOrder {index:64;}">
                <Coords points="336,3430 1435,3431 1435,3381 1372,3370 336,3374"/>
                <Baseline points="350,3411 403,3411 457,3411 510,3411 564,3411 618,3411 671,3411 725,3411 778,3412 832,3412 886,3412 939,3412 993,3413 1046,3413 1100,3414 1154,3414 1207,3415 1261,3416 1314,3416 1368,3417 1422,3418"/>
                <TextEquiv>
                    <Unicode>sind, die Wirklichkeit als Schauspiel beklatscht und an ihr</Unicode>
                </TextEquiv>
            </TextLine>
            <TextLine id="r1l66" custom="readingOrder {index:65;}">
                <Coords points="1489,3426 2278,3456 2480,3441 2524,3423 2525,3362 1489,3379"/>
                <Baseline points="1504,3415 1554,3416 1604,3418 1655,3419 1705,3420 1755,3421 1806,3421 1856,3422 1906,3422 1957,3423 2007,3423 2057,3423 2108,3423 2158,3424 2208,3424 2259,3424 2309,3425 2359,3425 2410,3426 2460,3427 2511,3428"/>
                <TextEquiv>
                    <Unicode>B. M. — „Das Rheingold.“ Das Vorspiel zu der</Unicode>
                </TextEquiv>
            </TextLine>
            <TextLine id="r1l67" custom="readingOrder {index:66;}">
                <Coords points="328,3483 2432,3505 2524,3422 328,3422"/>
                <Baseline points="341,3468 449,3467 557,3466 666,3466 774,3466 883,3467 991,3467 1100,3468 1208,3469 1317,3470 1425,3472 1533,3473 1642,3474 1750,3475 1859,3476 1967,3478 2076,3478 2184,3479 2293,3479 2401,3479 2510,3479"/>
                <TextEquiv>
                    <Unicode>zugrunde gehen muß. Der Wirt hat da seine Truppe, die großen Trilogie „Der Ring der Nibelungen“ wies, wie</Unicode>
                </TextEquiv>
            </TextLine>
            <TextLine id="r1l68" custom="readingOrder {index:67;}">
                <Coords points="321,3534 1384,3546 1423,3540 1423,3477 321,3484"/>
                <Baseline points="335,3517 388,3518 442,3519 496,3521 549,3521 603,3522 657,3522 710,3522 764,3522 818,3522 872,3522 925,3522 979,3522 1033,3522 1086,3521 1140,3521 1194,3522 1247,3522 1301,3523 1355,3523 1409,3524"/>
                <TextEquiv>
                    <Unicode>Verbrecher spielt. Der Adel kommt sich amüsieren. Die</Unicode>
                </TextEquiv>
            </TextLine>
            <TextLine id="r1l69" custom="readingOrder {index:68;}">
                <Coords points="1423,3549 2516,3557 2517,3485 1423,3497"/>
                <Baseline points="1438,3525 1491,3526 1544,3526 1597,3526 1650,3527 1704,3527 1757,3528 1810,3529 1863,3529 1916,3530 1970,3530 2023,3531 2076,3531 2129,3532 2182,3532 2236,3533 2289,3533 2342,3534 2395,3534 2448,3534 2502,3535"/>
                <TextEquiv>
                    <Unicode>auch schon die früheren Wagneraufführungen deutlich zeig¬</Unicode>
                </TextEquiv>
            </TextLine>
            <TextLine id="r1l70" custom="readingOrder {index:69;}">
                <Coords points="321,3577 1431,3608 1432,3536 321,3541"/>
                <Baseline points="334,3571 388,3572 442,3573 496,3573 550,3573 605,3574 659,3574 713,3574 767,3574 821,3574 876,3575 930,3575 984,3575 1038,3575 1092,3576 1147,3576 1201,3577 1255,3577 1309,3578 1363,3579 1418,3580"/>
                <TextEquiv>
                    <Unicode>Atmosphäre wird immer schwüler, immer gespannter; und</Unicode>
                </TextEquiv>
            </TextLine>
            <TextLine id="r1l71" custom="readingOrder {index:70;}">
                <Coords points="1417,3578 2516,3617 2516,3556 2445,3539 1417,3537"/>
                <Baseline points="1431,3580 1484,3580 1538,3580 1591,3580 1645,3581 1698,3581 1752,3581 1805,3582 1859,3583 1912,3583 1966,3584 2019,3585 2073,3585 2126,3586 2180,3587 2233,3587 2287,3588 2340,3588 2394,3589 2447,3589 2501,3589"/>
                <TextEquiv>
                    <Unicode>ten, einen erfreulichen Zug von Neubelebung, günstiger</Unicode>
                </TextEquiv>
            </TextLine>
            <TextLine id="r1l72" custom="readingOrder {index:71;}">
                <Coords points="330,3637 1424,3640 1424,3599 1374,3590 331,3581"/>
                <Baseline points="343,3628 396,3628 449,3629 503,3629 556,3629 609,3629 663,3629 716,3629 769,3629 823,3629 876,3629 929,3630 983,3630 1036,3630 1089,3630 1143,3630 1196,3631 1249,3631 1303,3632 1356,3632 1410,3633"/>
                <TextEquiv>
                    <Unicode>plötzlich entlädt sie sich. Henri, der geniale Mime, macht</Unicode>
                </TextEquiv>
            </TextLine>
            <TextLine id="r1l73" custom="readingOrder {index:72;}">
                <Coords points="1429,3641 2517,3647 2432,3599 1429,3597"/>
                <Baseline points="1443,3632 1496,3633 1549,3633 1602,3633 1655,3634 1708,3634 1761,3635 1814,3635 1867,3636 1920,3636 1973,3637 2026,3637 2079,3638 2132,3639 2185,3639 2238,3640 2291,3640 2344,3641 2397,3641 2450,3642 2504,3642"/>
                <TextEquiv>
                    <Unicode>Umgestaltung und reger Schaffensfreudigkeit auf. Leider</Unicode>
                </TextEquiv>
            </TextLine>
            <TextLine id="r1l74" custom="readingOrder {index:73;}">
                <Coords points="321,3698 1331,3706 1426,3696 1426,3638 321,3643"/>
                <Baseline points="335,3679 388,3680 442,3681 496,3681 550,3681 604,3682 657,3682 711,3682 765,3682 819,3683 873,3683 926,3683 980,3683 1034,3684 1088,3684 1142,3684 1195,3684 1249,3685 1303,3685 1357,3686 1411,3686"/>
                <TextEquiv>
                    <Unicode>Ernst und ermordet den Herzog von Cadignan, der ihn mit</Unicode>
                </TextEquiv>
            </TextLine>
            <TextLine id="r1l75" custom="readingOrder {index:74;}">
                <Coords points="1423,3704 2492,3723 2509,3646 1423,3649"/>
                <Baseline points="1437,3689 1489,3688 1542,3688 1595,3687 1648,3688 1701,3688 1754,3688 1806,3689 1859,3690 1912,3691 1965,3691 2018,3692 2071,3693 2124,3693 2176,3694 2229,3694 2282,3694 2335,3694 2388,3694 2441,3693 2494,3692"/>
                <TextEquiv>
                    <Unicode>hat auch Direktor Herzkas Regiekunst noch viel mit ver¬</Unicode>
                </TextEquiv>
            </TextLine>
            <TextLine id="r1l76" custom="readingOrder {index:75;}">
                <Coords points="323,3753 1245,3767 1420,3751 1420,3695 323,3703"/>
                <Baseline points="337,3735 390,3735 444,3735 497,3736 551,3736 604,3736 658,3736 711,3736 765,3737 818,3737 872,3737 925,3737 979,3737 1032,3737 1086,3737 1139,3738 1193,3738 1246,3738 1300,3738 1353,3738 1407,3739"/>
                <TextEquiv>
                    <Unicode>seiner Frau betrogen. Jetzt ist der Bann gebrochen. Die</Unicode>
                </TextEquiv>
            </TextLine>
            <TextLine id="r1l77" custom="readingOrder {index:76;}">
                <Coords points="1424,3750 2521,3746 2505,3682 2366,3717 1425,3709"/>
                <Baseline points="1439,3743 1492,3742 1545,3742 1599,3741 1652,3741 1706,3742 1759,3742 1812,3743 1866,3743 1919,3744 1973,3745 2026,3745 2079,3746 2133,3747 2186,3748 2240,3748 2293,3748 2346,3749 2400,3749 2453,3748 2507,3748"/>
                <TextEquiv>
                    <Unicode>alteten Requisiten und Unzulänglichkeiten unserer Bühne</Unicode>
                </TextEquiv>
            </TextLine>
            <TextLine id="r1l78" custom="readingOrder {index:77;}">
                <Coords points="324,3803 1412,3820 1412,3756 1315,3747 324,3751"/>
                <Baseline points="337,3790 390,3789 443,3789 496,3789 549,3789 602,3789 655,3789 708,3789 761,3790 814,3790 868,3790 921,3791 974,3791 1027,3791 1080,3792 1133,3792 1186,3793 1239,3793 1292,3793 1345,3794 1399,3794"/>
                <TextEquiv>
                    <Unicode>Massen heulen wild das Lied der Freiheit. Wer weiß, ob</Unicode>
                </TextEquiv>
            </TextLine>
            <TextLine id="r1l79" custom="readingOrder {index:78;}">
                <Coords points="1412,3814 2232,3801 2523,3843 2523,3735 2352,3769 1413,3747"/>
                <Baseline points="1426,3796 1480,3795 1534,3795 1588,3795 1642,3796 1696,3796 1750,3797 1804,3797 1858,3798 1912,3798 1967,3799 2021,3800 2075,3801 2129,3801 2183,3802 2237,3802 2291,3803 2345,3803 2399,3802 2453,3802 2508,3801"/>
                <TextEquiv>
                    <Unicode>zu kämpfen, welche jedoch nach Möglichkeit mit seltener</Unicode>
                </TextEquiv>
            </TextLine>
            <TextLine id="r1l80" custom="readingOrder {index:79;}">
                <Coords points="322,3842 1421,3865 1421,3812 1277,3800 322,3806"/>
                <Baseline points="336,3843 389,3843 443,3842 496,3843 550,3843 604,3843 657,3844 711,3845 764,3845 818,3846 872,3847 925,3847 979,3848 1032,3848 1086,3849 1140,3849 1193,3848 1247,3848 1300,3847 1354,3846 1408,3844"/>
                <TextEquiv>
                    <Unicode>das Häuflein Aristokraten lebend aus dem „grünen Ka¬</Unicode>
                </TextEquiv>
            </TextLine>
            <TextLine id="r1l81" custom="readingOrder {index:80;}">
                <Coords points="1408,3881 2510,3857 2461,3813 1408,3806"/>
                <Baseline points="1422,3851 1475,3849 1529,3849 1582,3849 1636,3849 1690,3849 1743,3849 1797,3850 1851,3851 1904,3852 1958,3853 2012,3854 2065,3855 2119,3856 2173,3857 2226,3857 2280,3858 2334,3858 2387,3858 2441,3858 2495,3857"/>
                <TextEquiv>
                    <Unicode>Umsicht uns jene Mängel vergessen ließen, welche erst eine</Unicode>
                </TextEquiv>
            </TextLine>
            <TextLine id="r1l82" custom="readingOrder {index:81;}">
                <Coords points="323,3909 2511,3933 2511,3856 324,3845"/>
                <Baseline points="336,3895 444,3896 552,3897 660,3898 768,3899 876,3899 984,3900 1092,3900 1200,3901 1308,3901 1416,3902 1524,3902 1632,3903 1740,3904 1848,3904 1956,3905 2064,3907 2172,3908 2280,3910 2388,3912 2497,3914"/>
                <TextEquiv>
                    <Unicode>kadu“ entkommen wird. — — Die Aufführung war sehr völlige Neuinszenierung beseitigen kann. Ebenso zeigten</Unicode>
                </TextEquiv>
            </TextLine>
            <TextLine id="r1l83" custom="readingOrder {index:82;}">
                <Coords points="324,3954 2508,3959 324,3910"/>
                <Baseline points="338,3946 445,3947 553,3949 661,3950 769,3951 877,3952 985,3953 1092,3954 1200,3955 1308,3956 1416,3956 1524,3957 1632,3958 1740,3958 1847,3959 1955,3960 2063,3961 2171,3962 2279,3964 2387,3965 2495,3967"/>
                <TextEquiv>
                    <Unicode>sorgfältig und künstlerisch. Herrn Teller ist als Regis= auch die gesanglichen Leistungen schöne Ansätze, guten</Unicode>
                </TextEquiv>
            </TextLine>
            <TextLine id="r1l84" custom="readingOrder {index:83;}">
                <Coords points="331,4016 2518,4058 2519,3962 331,3960"/>
                <Baseline points="344,4000 452,4000 560,4001 668,4001 776,4002 884,4003 992,4004 1100,4005 1208,4006 1316,4007 1424,4008 1532,4009 1640,4010 1748,4012 1856,4013 1964,4015 2072,4016 2180,4018 2288,4019 2396,4021 2505,4022"/>
                <TextEquiv>
                    <Unicode>seur besonders für die szenische Ausstattung des „Grünen Willen, wenn auch das Terzett der Rheintöchter keine</Unicode>
                </TextEquiv>
            </TextLine>
            <TextLine id="r1l85" custom="readingOrder {index:84;}">
                <Coords points="320,4062 2316,4099 2516,4043 320,4015"/>
                <Baseline points="333,4052 441,4053 549,4054 658,4055 766,4056 875,4057 983,4058 1092,4059 1200,4060 1309,4061 1417,4062 1525,4063 1634,4064 1742,4065 1851,4066 1959,4067 2068,4069 2176,4070 2285,4071 2393,4073 2502,4074"/>
                <TextEquiv>
                    <Unicode>Kakadu“ zu danken. Da blieb wirklich nichts mehr zu tragkräftigen Stimmen aufwies. Herr Schmid=Bloß</Unicode>
                </TextEquiv>
            </TextLine>
            <TextLine id="r1l86" custom="readingOrder {index:85;}">
                <Coords points="321,4112 2564,4120 321,4062"/>
                <Baseline points="335,4106 445,4108 556,4109 667,4110 777,4111 888,4112 999,4113 1109,4114 1220,4115 1331,4116 1442,4117 1552,4118 1663,4119 1774,4120 1884,4120 1995,4121 2106,4122 2216,4123 2327,4125 2438,4126 2549,4127"/>
                <TextEquiv>
                    <Unicode>wünschen übrig. Die kleine Kellerluke, durch die man das bot einen innerlich gefestigten, reifen Wotan Herr 1—</Unicode>
                </TextEquiv>
            </TextLine>
            <TextEquiv>
                <Unicode>box 34/8
9. Literatur
Wommt al
 54
Brünner Anzeiger, Brünn
vom:
 
Brünner Stadttheater.
cn. Arihur SchuinleneieMit drei eigen¬
Artigen Kostproben von Arthur Schnitzlers Geist wurde
Dem Publikum des hiesigen Stadttheaters der 50. Geburts¬
itag des Dichters in Erinnerung gebracht. Als erstes der
drollige Scherz aus den „Lebendigen Stunden": „Lite¬
ratur". Hier waltet echte Schnitzlerische Fröhlichkeit und
ausgelassenes Erzählen dessen, was den Literaten Ge¬
schäftsgeheimnis ist und dem Publikum verheimlicht blei¬
ben sollte. Die unendliche Borniertheit des Literaturmen¬
schen, der jede Gefühlsregung, jeden armseligen Gedanken
zur Unsterblichkeit zulegt, wie in eine Sparbüchse wirft,
indem er sich ihn „aufschreibt". Nichts ist ihm heilig, alles
nur Mittel zum Zweck: Ich=Mensch zu sein, als ob es nicht
alle Menschen wären. Dieser Wiener Sportgraf hat genau
so literarische Existenzberechtigung wie der phrasenselige
Gilbert. Zum Schlusse färbt auch er bedenklich ab oder
an, wie man es nimmt. Und diese heiße Liebe der zwei
Literaten=endet wirklich in einem köstlichen Spaß: sie beide
haben=hre Liebesbriefe drucken lassen. Nur daß zum
Schluß das Weib dennoch impulsiver ist und sein Werk
seigenhändig verbrennt. Daß ihm dieser Schluß entgangen
ist — das kann Gilbert wirklich leid tun. Er ist die einzige
Wahrheit, die bei jeder Frau möglich ist. — Der „Puv¬
penspieler" (aus den „Marionetten") ist eines jener
tiefen Gespräche, für die eine Bühne wie die unsrige schon
zu groß ist: es gehört in einen intimeren Raum. Die dra¬
matische Entwicklung fehlt gänzlich: Georg Merklin glaubt
mit den Menschen zu spielen. Aber sie spielen mit ihm, sie
haben mitgespielt wie Kinder. Er ist ein zerbrochenes
Spielzeug, ohne daß er es ahnt. Seine Philosophie ist ihm
geblieben. Er ist der Beweis für den Satz, daß die ver¬
pfuschtesten Existenzen die abgründigsten Philosophen sind.
Und er führt auch wirklich Gedanken im Munde. „Alt
sind die, die morgen sterben“, das ist seine Weisheit. Er,
den die schüchterne Anna liebte. Eigentlich nicht liebte.
Es war „die Sehnsucht, ihn auf den rechten Weg zu brin¬
gen". Der steht nun da, dürftig und abgenutzt vom Leben.
Ein Achselzucken schließt den Akt. Wie man über das
Selbstverständliche hinweggeht. — Und zum Schlusse
[„Der grüne Kakadu“ (aus dem gleichnamigen Zyk¬
lus). Hier ist raffinierteste Technik mit kühnstem Durch¬
einander gekoppelt. Ein düsteres Kellerkokal, in das von kadu“ sind noch einige Charaktertypen hervorzuheben. Der¬
fern nur der Lärm des heulenden Paris hereindringt. Herzog (Herr Neufeld), der Dichter (Herr Recke), der
Revolution! Die französische ist für dieses Spektakelstück derbe Wirt (Herr Teller); von seiner Truppe Frl.:
des Welttheaters vorbildlich geworden: jede Revolution ist Sticker, Frl. Bukovics und Herr Kaitan, der
eine französische, wenn sie vielleicht nicht immer franzö¬
dem Abgeschmackten noch von seiner Abgeschmacktheit da¬
sisch ist. Schnitzler zerlegt die Ereignisse in ihre wider¬
zugab; der Philosoph (Herr Moser) und dann Herr
streitenden Motive und es wird eine Groteske daraus. Das
Bland und Frau Wiesner. Das Publikum applau¬
Volk, das sich in echte Blutgier hinaufschauspielert, indem
dierte den Leistungen unseres Ensembles gern und viel
selbst seine Philosophen auf den Tischen stehen und
und erlebte einen interessanten Abend, für den der Direk¬
schreien. Und der Adel, der weiß, daß es nur Schauspieler tion viel Dank zu sagen ist.
sind, die Wirklichkeit als Schauspiel beklatscht und an ihr
B. M. — „Das Rheingold.“ Das Vorspiel zu der
zugrunde gehen muß. Der Wirt hat da seine Truppe, die großen Trilogie „Der Ring der Nibelungen“ wies, wie
Verbrecher spielt. Der Adel kommt sich amüsieren. Die
auch schon die früheren Wagneraufführungen deutlich zeig¬
Atmosphäre wird immer schwüler, immer gespannter; und
ten, einen erfreulichen Zug von Neubelebung, günstiger
plötzlich entlädt sie sich. Henri, der geniale Mime, macht
Umgestaltung und reger Schaffensfreudigkeit auf. Leider
Ernst und ermordet den Herzog von Cadignan, der ihn mit
hat auch Direktor Herzkas Regiekunst noch viel mit ver¬
seiner Frau betrogen. Jetzt ist der Bann gebrochen. Die
alteten Requisiten und Unzulänglichkeiten unserer Bühne
Massen heulen wild das Lied der Freiheit. Wer weiß, ob
zu kämpfen, welche jedoch nach Möglichkeit mit seltener
das Häuflein Aristokraten lebend aus dem „grünen Ka¬
Umsicht uns jene Mängel vergessen ließen, welche erst eine
kadu“ entkommen wird. — — Die Aufführung war sehr völlige Neuinszenierung beseitigen kann. Ebenso zeigten
sorgfältig und künstlerisch. Herrn Teller ist als Regis= auch die gesanglichen Leistungen schöne Ansätze, guten
seur besonders für die szenische Ausstattung des „Grünen Willen, wenn auch das Terzett der Rheintöchter keine
Kakadu“ zu danken. Da blieb wirklich nichts mehr zu tragkräftigen Stimmen aufwies. Herr Schmid=Bloß
wünschen übrig. Die kleine Kellerluke, durch die man das bot einen innerlich gefestigten, reifen Wotan Herr 1—</Unicode>
            </TextEquiv>
        </TextRegion>
    </Page>
</PcGts>
