3344 4224
71 247 144 311 9
200 299 710 339 —
101 450 787 585 luschmit aus: 42 2.
600 553 857 649 —10/
102 583 526 676 S
294 668 333 717 10
366 799 840 943 Gastespillet
265 972 925 1080 paa def Agl. Teater.
277 1126 897 1200 En Nydelse — og en
432 1190 743 1261 Skuffelse.
263 1271 950 1344 Efter at man 1 Aftes havde nydt
214 1336 937 1388 Arth. Schnitzl### vittige Enakter Li¬
219 1384 941 1443 teratur, fik man en anden „Afskeds¬
220 1430 942 1493 Souper“, der var mindst lige saa
218 1466 938 1542 vittig, og som satte Folk j den gla¬
211 1509 954 1594 deste Stemning. Og den steg, da den!
227 1583 945 1646 lille kulsorte Ernst von Dohnanyi fra
213 1618 941 1692 Dirigentpladsen dirigerede til Pieret¬
216 1669 950 1739 tes Sler. Sikken Fart, sikken Gled,
228 1728 932 1794 det formelig gnlstrede fra Violiner¬
231 1770 869 1837 ne under Wienervalsens Toner.
260 1829 939 1891 Men da saa Fru Elsa Galafrés
218 1873 947 1952 skulde til at mime — uha, uha, det
219 1935 940 1982 var som at faa en Spand koldt Vand
220 1983 944 2032 over Hovedet. Fruen kunde ikke
210 2014 926 2075 danse; men hun kunde endnu min¬
225 2067 936 2149 dre spille Pantomime. Det var den
217 2122 584 2178 rene Ynkellghed.
262 2175 940 2244 Lad os prove pau at glemme den.
229 2224 929 2290 ne merkelige Gesteoptreden sna
862 235 1310 313 box 34/8
1695 910 2063 979 sschnitt aus:
2222 847 2586 973 Se
1696 980 2193 1074 4.# 0h.5).
2186 967 2708 1114 ekche
1917 1128 2337 1218 Det kgl. Teater.
1771 1211 2529 1276 Da de fleste af Partierne i „Tristan
1736 1249 2528 1320 og Isolde“ er saa sviere og omfangsrige,
1740 1299 2525 1347 at det i Sygdomstilfelde vilde vare van¬
1735 1334 2536 1397 skeligt for nye Krafter at indstudere
1742 1370 2533 1435 dem, har Operaledelsen straks fra forste
1741 1413 2525 1480 Ferd dubleret en Del af dem, og ved de
1741 1456 2532 1522 Opferelser der har fundet Sted efter
1741 1490 2532 1560 Premièren, erde alternerende Damer og
1737 1538 2526 1594 Herrer efterhaanden optraadt. Fru UI¬
1737 1578 2513 1625 rich har saaledes sunget Isoldes Parti,
1727 1625 2514 1670 Hr. Müller har erstattet Hr. Nissen som
1725 1659 2517 1723 Marke, Hr. Bruusgaard Hr. Heeberg
1732 1708 2517 1763 som Kurwenal og Frk. Elsted Frk. Kra¬
1732 1747 2512 1796 rup-Hansen som Brangine. Medens de
1732 1779 2517 1822 tre ferste trods deres udmerkede Stem¬
1733 1829 2514 1881 mer og dygtige Sangkunst havde lidt
1722 1857 2514 1918 ondt ved at fordunkle Forgiengerne, var
1732 1931 2524 2000 Frk. Elsteds smukke, fastliggende Stem¬
1744 1975 2529 2027 me og djierve Spillemaade en Gevinst
1743 2017 2534 2062 for Opernen, og Brangenes Parti er det,
1746 2055 2526 2112 hvori den unge Sangerinde hidtil er
1746 2094 2027 2155 naset hojest.
1824 2181 2525 2237 Sondags havde Teatret en Schnitz¬
2500 2213 2540 2246 80
1735 2234 2546 2278 ler-Aften, bestaaende af to Enaktere og
1749 2255 2541 2315 Pantomimen „Pierrettes Sler“ I „Litte.
1748 2299 2533 2351 ratur“ havde Fru Karen Lund som den
1745 2341 2533 2396 noget forkludrede Forfatterinde Margre.
1751 2381 2545 2442 te med de forskellige Elskere en Rolle,
1738 2429 2553 2477 de laa godt for hendes Naturel, selv om
1743 2469 2535 2514 man maa indromme, at den ikke blev
1741 2503 2549 2560 egentlig forfinet i hendes Haand. Her¬
1742 2531 2544 2594 rerne Liebmann og Hofman udferte de¬
1747 2599 2559 2640 res gamle Roller vittigt og i Stykkets
1740 2626 2546 2675 Aand. „Afskeds-Souper“, som herer til
1740 2666 2543 2719 Forfatterens Anatol-Proverber er ogsaa
1737 2705 2535 2756 morson, men ikke seerlig smagfuld, og
1744 2747 2547 2801 blev spillet godt af Frk. Ingeborg Lar¬
1740 2786 2539 2839 sen, Hr. Johs. Poulsen og navnlig ar
1740 2827 2531 2871 Hr. Poul Reumert som den skeptiske
1748 2861 2537 2912 Ven Max. Forestillingen sluttede med
1745 2907 2523 2960 Tragedie-Pantomimen „Pierrettes Slor“
1744 2952 2539 3006 der dirigeredes af Komponisten selv,
1744 2994 2531 3046 Hr. Ernst v. Dohnanyi. Den ikke sterlig
1745 3032 2533 3077 dybtgaaende, men farverige og ofte
1735 3065 2544 3129 stemningsfulde Musik blev dirigeret
1736 3113 2535 3164 med kraftige Beveegelser, der i hej Grad
1744 3155 2540 3199 opildnede Kapellet og henrev Publikum
1744 3195 2537 3243 til sterkt Bifald. Pierrettes Rolle blev
1747 3228 2535 3286 udfert af Wienerinden Fru Galafrés, hvis
1744 3275 2535 3326 Gestespil er noget uforklarligt, da hun
1747 3306 2540 3372 i ingen Henseende kunde maale sig medl
1749 3344 2546 3408 vore egne Fremstillerinder af Rollen;
1742 3397 2542 3454 navniig i Vanvids-Scenen gjorde hendes
1735 3439 2541 3488 klodsedle Beviegelser og lidet yndefulde
1740 3478 2536 3531 Skikkelse kun ringe Fyldest. Publikum
1742 3507 2570 3574 fremkaldte hende af Heflighed efter
1673 3532 2216 3625 X Pantomimens Slutning.
