3344 4320
407 101 1598 156 tenntns in dem „Grunen Kakadu aus. Und hier
377 145 1605 190 schlägt zugleich ein heißer Atem der Leidenschaftlichkeit
377 200 1595 261 entgegen, hier herrscht ein dramatischer Föhn, dessen Heftig¬
367 232 1598 299 keit Schnitzler nur in einzelnen Szenen des jungen Me¬
375 290 1598 356 dardus wieder erreicht hat. Und an einheitlicher und ge¬
370 339 1585 390 schlossener Wirkung, an sinnfälliger Gegensätzlichkeit is
372 396 1584 459 dem Thema hier wohl das Außerste abgerungen. Wie viel
362 434 1582 511 fältig und mannigfach verworren die Fäden hier durch
368 500 1587 552 einanderschießen, wie dieser Wechsel der Bilder vorüber
360 533 1585 583 schwirrt, wie dieses blitzartige Umspringen aus Schein in
372 589 1593 649 Realität und umgekehrt vor sich geht — das ist geradezu die
360 629 1587 703 Erfüllung des alten Ideales der romantischen Ironie. An
367 683 1588 754 unmittelbarsten wirkt Schnitzler hier, weil hier gewiß nich
365 727 1592 797 die These das erste war, sondern der Vorgang. Nicht von
361 773 1591 848 Gedanken ging der Dichter aus sondern von der Vorstellung
369 814 1587 880 Es handelte sich ihm hier nicht um ein psychologisch=mathe.
359 881 1575 942 matisches Experiment, wie leider sonst bisweilen, sonderr
351 914 1577 991 um Bild und starkes Erleben. Drei Elemente sind hier ge¬
363 978 1586 1041 mischt: die Schauspieler, die wissen, daß sie Verbrecher zu
362 1025 1580 1087 mimen haben, die Aristokraten, die Publikum zu sein glau¬
360 1072 1581 1138 ben, und die Volksmassen, die eben Weltgeschichte machen.
363 1113 1576 1179 Und nun geht das alles ineinander über. Am deutlichsten
365 1158 1577 1241 in dem Schauspieler Henry, der die Ermordung des Her¬
362 1216 1569 1259 zogs von Cadignan mimt, um sie nachher wirklich zu voll¬
354 1271 1571 1331 ziehen. Da ist aber auch eine Herzogin, deren Dirnenhaftig¬
353 1305 1569 1383 keit in dieser Atmosphäre die Maske des Anstandes abwirft,
359 1361 1587 1412 um sich in ganzer Schamlosigkeit emporzurecken. Da ist ein
356 1413 1583 1469 Wirt, der seinen aristokratischen Gästen seinen ganzen In¬
355 1462 1591 1512 grimm unverhüllt an die Köpfe wirft und der für einen
360 1513 1580 1557 vortrefflichen Darsteller des Stils der Verbrecherkneipen
363 1564 1582 1609 gilt. Da ist auch ein Philosoph, der revolutionäre Reden
353 1610 1584 1669 hält — im Grunde auch nur ein sehr guter Schauspieler.
360 1663 1587 1724 Eine drollige Wendung fehlt nicht, der einzige echte Strolch
357 1711 1582 1752 und Mörder der Gesellschaft, der für einen schlechten Komö¬
363 1753 1579 1817 dianten gehalten wird. Und dann diese Volksmassen, diese
361 1812 1571 1863 Sansculotten und Hallenweiber, im Grunde nichts anderes
358 1853 1577 1903 als famose Statisten eines sehr blutigen und sehr aufregen¬
356 1900 1575 1958 den Stückes auf dem Welttheater, genannt „die französische
351 1958 1582 2022 Revolution". Bastillensturm und perverse Lust einer bla¬
355 2001 1579 2068 sierten Gesellschaft, echteste Leidenschaft und wollüstiger
351 2057 1574 2117 Genuß des Nervenkitzels sind ununterscheidbar ineinander
352 2114 1575 2166 gewirkt, ein groteskes, grandioses, genialisches Chaos von
360 2164 1579 2218 Masben und entsetzlichen Wahrheiten. — Im „Puppen¬
363 2198 1579 2246 spieler“ ist dasselbe Thema zwischen bloß drei Menschen
357 2251 1576 2316 ausgesponnen. Dieses „Du glaubst zu schieben und du wirst
352 2299 1576 2372 geschoben“. Neben den gewaltigen Explosionen des „grünen
354 2348 1570 2399 Kakadu“ wirkt dieses Stück nur wie ein harmloses Feuer¬
348 2398 1568 2450 werk. Dieser Merklin ein wenig gedankenblaß und schemen¬
346 2460 1572 2510 haft, allzusehr literarischer Homunkulus. Jenes Elementa¬
346 2502 1568 2553 rische und Ursprünglichliche fehlt und der Einakter ist von
359 2543 1564 2596 Schnitzlers oft verhängnisvoller Neigung zum „Reden“ be¬
347 2594 1577 2649 schwert. Man hat den Eindruck: ein Novellenstoff, der aus
352 2647 1580 2699 Versehen dramatisiert wurde. — „Literatur" bringt
347 2690 1578 2742 dann die satirische Umkehrung des Gedankens. Das „Mas¬
349 2736 1579 2797 kenspiel“ seiner Ernsthaftigkeit entkleidet, als Komödie. Die
344 2791 1569 2853 Literatur ist hier die Maske, hinter der sich sehr unzuläng¬
342 2849 1575 2898 liche Menschlichkeiten verbergen. Aber auch hier legt
351 2884 1570 2951 Schnitzler dem ergötzlichen Clown Gilbert einige ernst¬
342 2934 1570 2985 gemeinte Worte in den Mund, ein paar Kernworte über die
343 2991 1577 3040 Kunst gegen die Kunstbanausen, so daß auch hier die roman¬
344 3033 1568 3097 tische Mischung nicht fehlt. — Mit der Aufführung dieser
350 3077 1578 3127 drei Stücke hat sich unsere Bühne ein Verdienst erworben,
354 3124 1561 3176 das ganz vollkommen wäre, wenn die vortreffliche Insze¬
349 3187 1570 3241 mierung auch in den Spielplan des nächsten Jahres hinüber¬
354 3234 1562 3279 genommen würde. Besonders der „grüne Kakadu“ stellte
335 3279 1125 3349 sich in einer meisterlichen Weise dar.
441 3310 1576 3396 Die Regie des Herrn Teller (wohl auch des Herrn
346 3377 1563 3447 Direktors Herzka) hat ein unvergeßliches Bühnenbild
350 3439 1561 3495 zu geben vermocht. Diese malerische Kellerspelunke, dieses
350 3480 1563 3538 Hin und Her auf der Gasse, von dem man nur die Beine
351 3530 1565 3593 sah, dieser serne Lärm einer aufgeregten Stadt, diese scharfe
350 3577 1568 3645 Charakteristik der Einzelheiten, diese Zusammenfassung der
345 3629 1558 3685 Volksmassen gab eine Fülle machtvoller Eindrücke. Die
347 3668 1569 3736 kragische Hauptgestalt des Schauspielers Henry durch Herrn
344 3723 1557 3787 Mamelok stand fest und sicher in diesem Gewühle der
350 3778 1570 3842 Stimmungen. Sehr sein gelang ihm der Unterschied zwischen
349 3828 1553 3875 dem bloß gespielten und dem echten Leid des Liebenden.
355 3869 1570 3943 Aus dem unaufhörlichen Denken an den gefährlichen Besitz
354 3923 1558 4000 Leokadies wächst sein Spiel, so echt, daß es von allen für
346 3964 1566 4032 Wirklichkeit genommen wird, mit sehr feinen Nüancen
1887 308 2866 452 Anschmit aussfishlach, Kiltölätrig
1876 409 2061 468 vom:
2114 382 2828 542 Gormaspendent, Srine
2012 558 2435 602 —
2002 554 2648 651 Lottoziehung gam 15. Maiz1912
2006 631 2559 714 Brünfn #8 59 69 22,
2048 651 2795 763 —
2899 685 2941 771 1
2850 756 2937 811 8
1814 728 2847 813 T#heater, Richist und Titeratur.
1897 814 2839 881 (Brünner Skadttheater.) Die gestrige Schnitzler¬
2857 801 2920 868 3
2862 849 2912 889 *
2861 875 2919 923 0
1809 859 2842 919 Feier in unserem Schauspielhause versammelte ein
2857 917 2892 955 3
1815 920 2849 974 überaus zahlreiches Publikum, welches alle Räume
2859 946 2910 979 5
2856 967 2913 1002 L
1816 961 2851 1023 bis auf den letzten Platz besetzt hielt. Von den zur
2855 993 2899 1023 2
2872 1018 2911 1048 F
1820 1000 2846 1059 Aufführung gelangten Einaktern: „Literatur“
1820 1050 2882 1108 „Der grüne Kakadu“ und „Der Puppen=““
1818 1097 2875 1157 spieler“ sprach der erstgenannte am meisten an;
1811 1146 2867 1213 er behandelt den Kampf um einen erlebten Roman,
1818 1197 2863 1254 den die Verlobte geschrieben hat, der Verlobte ein¬
1814 1231 2871 1302 stampfen lassen will. Der Schreibzigeuner, Frau Mar¬
1815 1270 2873 1342 garetens Geliebter von anno dazumal, bringt sie zum
1828 1323 2863 1392 Verzicht auf ihre ehrgeizigen Pläne und feine Weiber¬
1819 1355 2868 1453 liit lullt das Mißtrauen des Bräutigams wieder ein
1834 1408 2872 1491 Es ist viel ergötzlicher Literaturulk in dem Werke, und
1826 1473 2888 1544 die Zuschauer amüsierten sich köstlich bei der lustigen
1828 1521 2868 1580 Plauderei, die voll satirischer Anspielungen ist. Die
1815 1566 2874 1644 Carstellung war eine gerundete, alle Mitwirkender in
1832 1611 2873 1685 diesem Stücke waren trefflich. Fräulein Dürrh als
1835 1660 2876 1740 Margarete“ brillierte durch die prächtige Auszselie¬
1831 1712 2877 1773 rung ihrer Rolle. Herr Rehberger als „Klemens“
1825 1767 2876 1818 straf glücklich den Ton des literaturfeindlichen Aristo¬
1830 1795 2877 1873 traten, während Herr Strauß den literarischin Bo
1829 1859 2873 1909 hemien in Maske, Haltung, Geste und Sprache wir¬
1830 1886 2895 1962 kungsvoll verkö perte. Das Publikum rief de Dar¬
1831 1945 2878 2015 steller nach Aktschluß wiederholt hervor. Auch die
1839 1992 2881 2056 Groreske „Der grüne Kakadu“ interessierte. Es
1828 2051 2872 2102 ist dies bekanntlich der Name einer Pariser Spe¬
1831 2081 2886 2150 lunke, in der in den Tagen des Ausbruches der fran¬
1827 2141 2880 2209 zösischen Revolution Komödianten und Aristokraten
1841 2183 2879 2244 verkehrten. Der Wirt Prospére, ein ehemaliger Direk¬
1844 2230 2881 2288 tor einer herumziehenden Truppe, veranstaltet hier
1839 2273 2881 2331 eigentümliche Komödien, die den Geschmack der Ueber¬
1841 2319 2890 2383 sättigten und Blasierten reizen. Seine Schauspielen
2065 2355 2904 2453 ch als Verbrecher, erzählen die furchtbarsten
1835 2388 2081 2463 gehärden
1848 2502 2899 2571 Schandtaten und bereiten dadurch den aristokratischen
1836 2551 2896 2605 Zuhörern ein prickelndes Vergnügen. Hinter den über¬
1845 2585 2906 2672 reizten Scherzen lauert die Wahrheit, unter die Ko¬
1845 2638 2891 2707 mödianten, die Verbrecher darstellen, mischt sich ein
1842 2680 2881 2757 Verbrecher ... Es fehlt dem Zeitbilde nicht an
1843 2730 2891 2803 drastischen Zügen, doch wird der Zuschauer leicht
1841 2778 2884 2853 verwirrt, weil er die Grenze zwischen Spiel und Ernst
1835 2837 2913 2914 nicht deutlich genug sieht. Es geht auf der Bühneg
1840 2870 2881 2951 geräuschvoll zu, man hört den Bastillenturm in Paris.
1836 2922 2897 2995 Daß am Schlusse die Marseillaise gesungen wird, ists
1832 2965 2898 3038 ein Anachronismus; dieses Revolutionslied wurdes
1845 3013 2893 3090 1792, also drei Jahre später, von Rouget de Lisler
1834 3061 2898 3133 gedichtet. Im Grünen Kakadu“ hatte Herr Mamelock¬
1839 3104 2893 3187 als „Henri“ die erste Stimme; er löste die schweres
1837 3158 2886 3230 Aufgabe, ein Virtuosentum vom anderen abzuhebens
1835 3215 2869 3276 und das Spiel im Spiele kenntlich zu machen. Viel
1830 3243 2863 3325 Farbe hatten außerdem die Weltdame des Fräu¬
1839 3302 2872 3372 leins Dürr, der mit dem Feuer der Brutalität
1838 3344 2865 3418 spielende „Prospère“ des Herrn Teller und der
1833 3391 2881 3468 sentimentale „Strolch“ des Herrn „Lenhart“ das
1828 3444 2881 3521 Zusammenspiel unter der Leitung des Herrn Teller
1819 3494 2873 3549 ging in dem erforderlichen Tempo und mit der nötigen
1816 3535 2869 3591 Gliederung vonstatten. Zwifchen den beiden Ein¬
1822 3582 2862 3652 aktern wurde die Studie der „Der Puppenspieler“
1814 3629 2858 3702 zum erstenmale aufgeführt. Die dramatische Bagatelle.
1824 3685 2863 3753 obwohl die Züge des Schnitzlerischen Geistes tragend.
1807 3728 2856 3800 hatte bloß einen Achtungserfolg. Die Darsteller
1811 3766 2861 3847 namentlich die Herren Leuhart als „Marilin“ und
1815 3811 2854 3882 Recke als „Yagisch“, sowie Frl. Ries als „Anna“
1816 3871 2850 3950 hatten die „Studie“ gut einstudiert, das Publikun
1814 3909 2232 3988 gug aber nicht mit.
2723 3925 2837 3992 H.
1910 3967 2853 4051 „ IA  Danwyrst.
