3344 4256
928 164 1383 261 box 34/8
137 167 925 278 9. Literatur
1064 1016 1460 1107 Telephon 12801.
314 1143 383 1218 8
321 1209 396 1252 0
318 1241 393 1278 4
387 1187 1459 1307 M BBESnm
306 1274 390 1324 —
320 1292 1471 1362 O l. österr. behördl. konz. Unternehmen für Zeitungs-Ausschnitte
481 1335 1365 1434 Wien, I., Concordiaplatz 4.
719 1422 1143 1487 Vertretungen
310 1431 412 1489 2
351 1467 1465 1561 9 in Berlin, Budapest, Chicago, Christiania, Genf, Kopen¬
317 1502 1461 1578 hagen, London, Madrid, Mailand, Minneapolis, New -Vork,
426 1541 1453 1618 Paris, Rom, San Francisco, Stockholm, St. Petersburg.
744 1591 1127 1646 (Onellenangabe ohne Gen ähr.)
320 1657 364 1700 4
329 1650 815 1736 Ausschnitt aus:
676 1686 1435 1792 Der Bühnenpote, Karlsruhe
874 1756 1066 1807 E. 1907
321 1766 559 1836 E vom:
394 1839 1504 1908 Dresden. „Der Puppenspieler“. Vor nur leidlich gut
283 1886 1504 1961 besuchtem Hause ging Arthur Schnitzlers einaktige Studie „Der
287 1927 1498 2004 Puppenspieler“ erstmalig im Dresdener Schauspielhause in Szene
286 1981 1492 2056 Die geistvolle Novität, eine an subtilen Beobochtungen und ein¬
272 2025 1504 2102 drucksvollen Stimmungen reiche Dichtung, wurde sehr freundlich
271 2070 1492 2141 aufgenommen. Der Puppenspieler ist vom Dichter als ein inner¬
281 2134 1485 2183 lich weicher Mensch gezeichnet, der es sich zum Vergnügen macht,
280 2178 1492 2238 Menschenschicksale wie Buppen an den Drähten zu leiten. Georg
286 2219 1490 2294 Merklin (Herr Mehnert) und der Oboespieler Eduard Jagisch
277 2286 1490 2352 (Herr Wierth) sind Freunde. Der ältere und erfahrene Georg
279 2329 1486 2385 hat seinen Freund 11 Jahre lang nicht gesehen, da dieser in Ame¬
277 2393 1493 2445 rika weilte. Zufällig begegneten sie sich nach dieser Zeit und
271 2407 1483 2473 begaben sich nach Eduards Wohnung. Eduard ist ein feiner
277 2467 1488 2544 Mann geworden — das ganze Gegenteil von früher und ver¬
265 2527 1490 2595 heiratet. Georg freut sich über die vorteilhafte Veränderung
271 2571 1485 2646 seines Freundes und offenbart ihm, das habe er nur ihm, Georg,
270 2624 1488 2678 zu verdanken. Denn vor 11 Jahren, als Eduard noch verschüch¬
274 2664 1481 2728 zert und mutlos einherging, habe er eine seiner Bekannten dazu
276 2719 1475 2790 beredet, sich in Eduard zu verlieben. Während dieses Geständ¬
267 2761 1483 2840 nisses erscheint Eduards Frau mit ihrem Kind, in welcher Georg
276 2813 1484 2892 die Freundin von damals wieder erkennt. Georg ist nun be¬
263 2869 1485 2934 gierig, zu erfahren, wie sich das „Verhältnis“ zwischen beiden
272 2924 1488 2988 entwickelt. Eduard erzählt ihm offenherzig, Frau Anna sei erst
269 2954 1477 3036 in den Puppenspieler verliebt gewesen und habe sich nur zu der
262 3000 1488 3092 Rolle der Verliebten verstanden, um Georg eifersüchtig zu machen.
262 3067 1477 3133 Georg habe sich aber kalt verhalten. Darüber gekränkt habe sie
268 3112 1480 3184 nun Eduard das ganze Spiel verraten. Nach kurzem Brief¬
265 3165 1473 3228 wechsel sei sie später Eduard nachgereist, und jenseits des Meeres
259 3207 1480 3269 sei das Ehebündnis geschmiedet worden. Ihr Sohn trage den
266 3254 1477 3331 Namen Georg. Eine Einladung zum Mittagsmahl lehnt Georg
261 3308 1466 3383 mit der Begründung ab, daß am gedeckten Tisch zu speisen wider
255 3347 1474 3434 seine Gewohnheit sei — er verzehre sein Mahl immer unterwegs.
263 3401 1465 3466 Auch er sei einst verheiratet gewesen, sein Weib ihm durchge¬
261 3457 1462 3512 gegangen und sein Sohn gestorben. Doch fühle er sich glücklich,
257 3506 1473 3578 wenn er auch von der Welt verkannt werde. Auch ein Auerbieten
252 3562 1469 3629 Eduards ihm eine einträgliche Stelle zu verschaffen, schlägt Georg
255 3604 1468 3682 aus, da er lieber der Alte bleiben will. Genügt es ihm doch,
254 3648 1468 3726 wenn er für das Abfassen kleiner Zeitungsartikel sich soviel ver¬
253 3704 1466 3767 dient, um sich sattessen zu können. — Das Werk wurde vortreff¬
246 3747 1463 3815 lich gespielt. Herr Mehnet zumal gestaltete den Puppenspieler
249 3793 1123 3863 außerordentlich charakteristisch und lebensvoll.
2612 64 2792 137 II
2415 64 2525 129 1N
1977 54 2422 165 2 umrrener
2840 69 3091 167 Snhene
1971 147 3100 215 O l. österr. behördl. konz. Unternehmen für Zeitungs-Ausschnitte
1981 195 2060 238 6
2143 206 3003 282 Wien, I., Concordiaplatz 4.
1964 272 2061 323 —
2351 283 2779 343 Vertretungen
1973 335 3100 379 0 in Berlin, Budapest, Chicago, Christiania, Genf, Kopen¬
1968 380 3107 434 F hagen, London, Madrid, Mailand, Minneapolis, New-Vork,
2064 416 3083 468 Paris, Rom, San Francisco, Stockholm, St. Petersburg.
1976 425 2023 463 0
2387 454 2768 514 (Quellenangabe ohne Oewähr.)
2004 499 2485 582 Ausschnitt aus
2454 516 3071 632 „süner Nachrichten
1961 568 2043 615 an
2211 565 2456 643 TOWAITAD
1959 605 2186 666 E vom:
2928 706 3096 761 1L. —.
2008 701 3133 806 7 Königl. Schanspielhaus. „Der Puppenspieler“.
1941 777 3120 838 Studie von Arthur Schnitzler. Irgendwo in einer
1943 808 3117 879 Vorstadt Wiens hat der #bbespierer Eduard Jagisch sein
1951 854 3119 919 Heim, sein liebes Weib und einen prächtigen Buben. Er
1941 889 3117 957 spielt im Opernorchester, es geht ihnen gut, sie können sogar
1945 926 3113 994 ein Mädchen halten. Trauliches, bürgerliches Behagen,
1945 966 3114 1034 eine enge Welt, aber erfüllt von Glück, von Vertrauen
1938 1004 3115 1057 und Reinlichkeit. In dieses Heim bringt Jagisch eines
1940 1031 3122 1119 Tages einen Freund seiner Jugend, an den er nie auf¬
1934 1085 3109 1154 gehört hat zu denken, Georg Merklin. Elf Jahre war er
1940 1118 3111 1189 seinen Augen entschwunden, nun hat er ihn wieder. Wie
1955 1156 3108 1207 sie sich verändert haben, aber die Horzen sind die gleichen
1950 1201 3117 1263 geblieben; Eduard, die naive, kindliche Künstlerseele,
1944 1223 3101 1295 strömt über vor lange zurückgedrängter Herzlichkeit. Fremd
1949 1275 3111 1340 und versonnen steht der andere in den blanken Bürger¬
1943 1309 3108 1381 stuben. Was ist ihm das — er schreitet seine eigenen Pfade,
1948 1356 3104 1417 unenkannt geht er durch die Menge, ein König durch die
1942 1395 3107 1457 Welt seiner Gedanken und Empfindungen, zu stolz, um
1944 1431 3106 1503 von ihnen mitzuteilen. Er „berechtigte einmal zu großen
1950 1464 3101 1529 Hoffnungen“ aber sie haben keine Erfüllung gesunden —
1944 1505 3107 1572 für die andern. Er selber ist ein Eigener geblieben, der
1936 1545 3105 1608 sich wohlzufühlen scheint auf selbstgewählten Pfaden, ab¬
1938 1576 3098 1640 seits der großen Heerstraße. Und eine wunderliche Kraft
1936 1624 3098 1690 steckt in ihm, er hat Macht über die Menschen und ein
1943 1660 3117 1727 königliches Vergnügen ist es ihm, sie zu lenken gleich
1939 1697 3110 1764 Puppen an den Drähten. Auch auf das Leben des Freundes
1935 1732 3104 1789 het er einmal bestimmenden Einfluß geübt, als er dem
1926 1763 3119 1855 Schüchternen, Scheuen, Armseligen das Selbstbewußtsein
1897 1844 3100 1902 gab, Glück mitzuteilen und zu empfangen. Es wur nur
1903 1893 3095 1937 ein verabredet Spiel, das Mädchen, die blonde Anna, war¬
1919 1926 3096 1976 mit im Bunde. Aber die Komödie war doch eigentlich der
1915 1960 3095 2015 Anlaß, daß aus dem Aengstlichen ein Mann wurde mit
1919 2003 3088 2055 dem Mut zum Leben. Der Freund lacht ihm bestätigend
1925 2047 3096 2091 zu, ein bißchen verlegen. aber doch mit dem Gesühl des
1919 2073 3091 2128 Siegers. Die blonde Anna ist ja eben sein liebes Weib.
1927 2110 3100 2174 Gerade tut sich die Tür auf, sie bringt den hübschen Buben
1924 2153 3104 2202 aus der Schule heim — Georg heißt er, wie der Freund.
1920 2192 3109 2244 Zwischen den dreien wachen verklungene Tage und Empfin¬
1919 2229 3111 2293 dungen auf. Anna liebte ja eigentlich Georg Merklin und
1927 2272 3016 2324 hätte ihn gern aus der Zerrissenheit seines Lebens
1919 2306 3136 2360 bürgerliche Ordnung gerettet. Der läßt den ironischen Blich
1918 2349 3115 2397 über das saubere Milieu schweifen. Nur um ihn eiser¬
1930 2389 3098 2438 süchtig zu machen, hat sie sich zu dem Spiel hergegeben, aus
1922 2423 3100 2480 dem dann beglückender Ernst werden sollte. Der Tisch wird
1922 2461 3105 2512 gedeckt, Georg Merklin steht auf und schickt sich an, zu gehen.
1912 2507 3104 2551 Er spürt leise die klammernde Liebe mit dem engen Horizont,
1919 2550 3104 2582 die ihn von weltfernen Wegen ins kleine enge Leben zu¬
1924 2580 3102 2627 rückziehen will. Für ihn gibt es nur eins noch, die Frei¬
1926 2618 3103 2658 heit seines Ich, unbehindert durch Zwang und Enge.
1930 2659 3104 2708 Vielleicht ist diese Freiheit nur eine Illusion des alten
1917 2696 3102 2735 „Puppenspielers“ aber er braucht sie, um existieren zu
1922 2722 3106 2784 können. Sein Weib, der einzige Mensch, der ihn verstand,
1919 2770 3104 2812 hat sich doch von ihm gewendet, sein Junge ist tot, nur einen
1926 2812 3109 2865 Augenblick fällt das Streiflicht auf ein tief verwundetes
1927 2849 3111 2899 krankes Herz, warum muß der Junge desJagisch auch Georg
1928 2889 3105 2945 heißen, nach ihm. Dann geht er mit ein paar Abschieds¬
1921 2944 3102 2980 worten, halb wehmütig, halb ironisch. — Die Studie trägt
1919 2965 3100 3015 alle Merkmale der Kunst des Wiener Poeten. Das eigent¬
1929 3011 3104 3053 lich Dramatische wird nur mit leisem Finger angedeutet;
1924 3044 3093 3096 eine robustere Natur hätte ja mit leichter Mühe viel heraus¬
1920 3091 3101 3137 holen können. Schnitzler liebt es, zart über die Saiten zu
1923 3131 3110 3174 gleiten, was unter der Bewußtseinsschwelle schlummerte zu
1934 3160 3104 3218 erwecken und die Untertöne vibrieren zu lassen. Dadurch
1928 3203 3096 3253 ergeben sich für den genießend Mitempfindenden Stim¬
1924 3236 3098 3290 mungen von feinstem Reiz. Die Anmut seiner Technik
1933 3274 3104 3326 und die zarte, sichere Hand, die sich bei Gestaltung der
1932 3315 3094 3372 Charaktere und psychologischen Details offenbart, berühren
1922 3356 3094 3397 namentlich in unseren Tagen erfreulich, wo man wieder
1932 3394 3107 3441 für handgreifliche Ausdrucksmittel Neigung verspürt. Ober¬
1921 3441 3099 3494 flächliche und stumpfe Sinne bedürfen allerdings stärkerer
1923 3471 2218 3526 Aufpeitschung.
2236 3469 3101 3512 — Das Spiel war sorglich getönt. Herr
1933 3511 3099 3554 Mehnert überzengte als Georg Merklin durch die Ein¬
1920 3543 3112 3596 fachheit seiner trefssicheren Charakterisierungskunst, man
1936 3588 3110 3636 fühlte, daß der Darsteller die Gestalt in richtiger Beleuch¬
1921 3626 3107 3674 tung gesehen hat und erlebte. Für die naive Glückssicher¬
1926 3664 3105 3709 heit des zufriehenen Oboespielers hatte Herr Wierth
1925 3703 3103 3744 einen hübschen Ton. Die Anna konnte etwas hausfrau¬
1928 3742 3099 3798 licher gegoben werden, wie Fräulein Verden es tat; sie
1921 3784 3097 3832 wirkte auch in der Erscheinung noch zu sehr als „süßes
1915 3813 3098 3864 Mädel“. — Voran ging der interessanten Studie das Schau¬
1918 3856 3092 3902 spiel Herbst“ von Schmidt=Häßler, das hier be¬
1914 3893 3102 3937 reits gegeben wurde. Das Werk hat manche hübsche Einzel¬
1911 3934 3103 3993 heit, es wird aber in Stimmung gemantscht. Der alte Graf
1922 3965 3102 4011 erhielt durch Herrn Müllers schlichte Vornehmheit und
1923 4011 3108 4053 die milde Wehmut des Tons das richtige Gepräge. Der
1921 4048 3101 4092 „Fremde“ gab Herrn Froböse Gelegenheit zu ausge¬
