3392 4224
858 258 1325 346 box 34/8
164 275 722 377 Literstur
290 1209 701 1290 aaschnitt aus:
748 1246 1406 1338 Der Humorist, Wien
327 1281 798 1410 ZO MALT9IE
400 1359 1304 1492 Breirer Theaterbrief.
963 1486 1485 1557 Brünn, am 17. Mai 1912.
427 1556 1235 1597 Sehr geehrter Herr Redakteur!
297 1612 1532 1659 Auch wir haben den fünfzigsten Geburtstag=et#
218 1619 1539 1692 jefeiert. Man gab das Luftspiel „Literatur“, die Studie „Der Puppen¬
207 1685 1538 1730 spieler“ und die Groteske „Der grüne Kakadu“ vor ausverkauftem Hause
194 1733 1529 1784 (als Abonnementsvorstellung). Herr Direktor Herzka hat das Geschick,
199 1762 1528 1810 solche Feiern ohne erhebliche Kosten zu veranstalten. Der Puppen¬
198 1793 1534 1858 spieler“ war neu, die beiden anderen Einakrer von früheren Aufführungen
198 1840 460 1906 her bekannt.
306 1879 1523 1938 Von der Schnitzler=Feier ist im großen und ganzen nur Gutes zu
194 1904 1530 1968 sagen. Eine gerundete, fein abgetönte Wiedergabe war der Groteske
196 1966 1532 2011 „Der grüne Kakadu“ beschieden. Sie ist brillant gearbeitet und ein
197 1999 1521 2050 Kunstweri für sich; welch reiches, buntbewegtes Leben ist hier in einem
192 2039 1528 2084 Akte zusammengedrängt, welche Fülle von Charakteren und Typen zieht
193 2083 1529 2115 vor den Zuschauern vorüber, ein jeder mit wenigen Strichen gezeichnet,
187 2107 1535 2154 so sicher und restlos, daß wir ihn rasch und richtig erfassen können; wie
196 2157 1520 2199 seltsam verknüpft sind die Fäden der schraffgespannten Handlung. Eine
200 2199 1522 2254 stimmungsvolle Inszenierung vereinte sich mit den tüchtigen Leistungen der
191 2237 1525 2274 Darsteller zu einem stilvollen Ganzen. Herr Mamelok, als Henri,
185 2267 1537 2334 stand im Vordergrunde des Interesses. Neben diesem führten die
184 2316 1533 2360 Damen Paula Dürr (Séverine), Helene Ries (Léocadie) und die
184 2346 1530 2398 Herren Teller (Prospère), Strauß (Scävola), Moser (Grasset),
188 2392 1521 2448 Lenhart (Grain), Neufeld (Herzog), Nehberger (Vicomte) und
185 2432 1520 2472 Eisner (Guillame) ihre Partien korrekt und einwandfrei durch. Die
181 2469 1519 2518 kleineren Rollen lagen bei den Damen Sticker (Michette), Bukowics
193 2510 1517 2549 (Fligotte), Wiesner (Georgette) und den Herren Pachmann (Cheva¬
179 2549 1523 2591 lier), Recke (Rollin), Maluschinsky (Kommissär) und Bland
189 2585 1535 2631 (Balthasar) in verläßlichen Händen. Ein Unding, eine eklige Karikatur,
179 2629 1524 2678 über die nicht einmal die Galerien lachen wollten, bot Heir Kaitan
176 2665 1529 2710 dals Jules; hat der Regisseur bei den Proben nicht die Unmöglichkeit
187 2707 929 2758 einemolchen Schauspielerei eingesehen?
299 2738 1513 2800 Die Studie „Der Puppenspieler“ aus dem Zyklus „Marionetten“
166 2787 1528 2853 L nicht eines der stärksten Werke Schnitzlers; eine ganz einfache Ge¬
186 2826 1524 2873 schichte und doch so seltsam und fesselnd. Man rät im Verlaufe der
193 2873 1529 2905 Handlung auf diesen oder jenen Schluß und doch überrascht uns der
185 2901 1519 2940 Autor mit einer schlichten und dabei bedeutsamen Wendung. Die Rolle
186 2940 1529 3002 es Georg Merklin wurde von Herrn Lenhart wirkungsvoll und in
181 2980 1532 3027 guter Charakterisierung wiedergegeben; das rätselhafte, eigenartige Wesen
183 3023 1533 3063 des originellen Menschen kam voll zur Geltung. In den kleineren Rolien
194 3059 1523 3105 standen Herr Recke (Jagisch) und Frl. Nies (Anna) auf der Szene.
187 3101 1528 3148 Die Wiedergabe des Lustspiels „Literatur“ war am wenigsten geglückt.
193 3140 1531 3182 Wir haben vor Jahren weitaus bessere Leistungen gesehen. Weder Fräu¬
185 3181 1526 3229 lein Dürr Margarete), noch die Herren Strauß (Gilbert) und Reh¬
180 3219 1524 3255 berger (Klemens schufen Gestalten im Geiste Schnitzlers; die feine
176 3252 1527 3294 Ironie ging gänzlich verloren. Herrn Nehbergers wiener Dialekt war
184 3295 1528 3339 verfehlt, Frl. Dürr fehlte das bohemienhafte Zeug und Herr Strauß
192 3337 1527 3376 war viel zu solid. Dieser Gilbert ist ein Literatur=Schmock, eine typische
194 3374 1520 3418 Figur, halb komisch, halb eingebildet, Klemens ein einfältiger, guter,
194 3396 1542 3458 etwas beschränkter Patron, der weitab von aller Literatur steht. Dieso—
186 3449 1360 3500 markanten Merkmale beider Figuren gingen vollends verloren.
2134 583 2557 668 . o. WE).
1792 640 2795 730 Ausschnitt aus: HOLIFNIA BDA(A
2036 733 2200 821 24507
1806 775 1940 831 vom:
1949 917 2738 1015 Theater und Musik.
1840 1036 2830 1131 Schnitzler=Zyklus: „Der grüne Kakadu“.
2108 1111 2587 1175 helisches Theater.)
1921 1157 2875 1220 Der „Grüne Kakadu“ der dem Einakterabendsp
2825 1192 2903 1243 in
1825 1181 2830 1249 den Namen gibt, ist noch heute, was er vor drei¬
1849 1233 2923 1302 zehn Jahren war, ein Meisterwerk. Er hat Jarbe, Or
1853 1285 2928 1332 Bewegung, souveränen Geift, souveräne Phantasie. von
1850 1320 2910 1389 Alle Wirkungen des Theaters sind in diesem Mi= fasse
1849 1370 2921 1432 niaturdrama gesammelt, das damals von seinem wer¬
1854 1413 2922 1478 Schöpser als dramatische Groteske bezeichnet wor¬ aus¬
1841 1444 2918 1520 den ist, weil seine blendende Illusionstechnik noch sich
1845 1499 2923 1558 ungewohnt und allzu kühn war. Nicht die geschicht= eine
1852 1533 2926 1601 liche Attrappe ist der höchste Reiz des Stückes, anze
1845 1590 2927 1647 nicht der bewunderswert präzise Rahmen, der im gler
1839 1632 2917 1686 kleinsten Ausmaß das Bild des Revolutionstaumels tag
1843 1682 2819 1740 gibt, des Bastillensturms, der jakobinischen Orgie,
1847 1724 2917 1781 nicht die blutige Tragik des Vorgangs selbst, son= sech
1845 1767 2915 1825 dern die seine Klugheit, der das alles nur Mittel (S#
1848 1810 2922 1864 ist. Alle spielen sie, der gemeine Mörder, der in gele¬
1844 1856 2921 1915 der Verbrecherkneipe des Theaterdirektors Prosper! Sti
1846 1892 2906 1972 auf Engagement gastiert, um mit der Erzählung seiner „L#
1840 1951 2911 2001 wirklichen Greuektat die aristokratischen Hörer zusde¬
1840 1986 2909 2048 kitzeln, der Komödiant als Taschendieb, der auf „Li
1842 2023 2907 2082 die Straße geht und bei einem ernsthaften Dieb¬ Sa
1834 2074 2911 2150 stahl sich abfassen läßt, die Marquise, die sich als) „D
1839 2163 2806 2209 pel, Heuri, der Künstler, der Mörder aus Eifer¬
2806 2158 2917 2232 wei
1831 2207 2805 2258 sucht, von dem der Chorns glaubt, er markiere,
2820 2211 2896 2265 auf
1837 2244 2801 2302 bis er plötzlich den echten Dolch in die Brust des
2807 2257 2897 2312 tür
1833 2289 2799 2344 Herzogs von Cadignan bohrt. Grauen geht von
2820 2304 2907 2353 Be
1828 2326 2809 2385 diesem über die Zeit triumphierenden Drama aus und
1837 2377 2811 2428 ästhetisches Entzücken. Das Publikum, das es nach
2808 2381 2897 2454 30
1840 2421 2818 2479 Jahren wiedersah, ging auch gestern mit allen
1836 2462 2801 2515 Phasen der wilden Handlung mit. Eine Darstel¬
2820 2488 2895 2537 te,
1838 2510 2814 2560 lung von gutem Tempo und guter Abtönung brachte
1838 2554 2827 2623 die großen Momente heraus. Voran stehen Herr
1842 2590 2878 2662 Rittig, der den Henri, die Kainzrolle, mit der ###
1832 2641 2858 2706 Kraft seines Karl Moor erfüllt; Herr Huttig
1840 2686 2833 2740 als Cadignan, der glänzendste der Kavaliere,
1836 2726 2884 2807 Fräulein Medelsky als Léocadie, Fräulein
1832 2773 2835 2833 Steinheil als Marquise, Herr Fischer als
1843 2817 2829 2882 Spelunkenwirt und Herr Romanowsky, ein
1842 2859 2813 2919 Schubiak von unheimlichster, bizarrster Silhonette.
1917 2904 2809 2961 De Abend beginnt mit dem „Paracelsus“
1825 2939 2815 3006 dem Versschauspiel in den Trachten der Basler
1835 2987 2804 3043 Renaissance, das des Zyklus tiefes Motto enthält
1826 3025 2812 3090 und einmal faszinierte, durch Kainzens glänzende
1823 3068 2808 3125 Versucheraugen. Den Mystiker und Wundermann
1827 3122 2810 3171 gibt Herr Rittig mit leuchtender Beredsamkeit
1836 3160 2814 3205 und mit der eindrucksvollen Maske des schwarzen:
1835 3203 2806 3252 Hexenmeisters, Justina, die hypnotisierte Ehe¬
1828 3241 2809 3308 brecherin im Gedanken, Fräulein von Helling
1832 3301 2815 3351 mit Wärme und Klarheit, Herr Reinhardt
1823 3343 2806 3390 biderb den Cyprian, Herr Hölzlin den blonden
1828 3377 2816 3436 Anselm mit noch starrer Jugendlichkeit, die erst
1837 3420 2192 3480 frei werden muß.
1911 3450 2810 3520 Die zweite Stelle hat die „Gefährtin“
1812 3497 2816 3567 das in einen Akt zusammengedrängte Schauspiel
1827 3551 2803 3619 einer auf Lüge und Schuld aufgebauten Ehe, deren
1828 3599 2811 3669 Wahrheit der vernichtende und sühnende Tod zum
1827 3639 2709 3688 Bewußtsein des überlebenden Gatten bringt.
2702 3644 2792 3693 Es
1832 3682 2796 3726 ist die Atmosphäre von Schnitzers Novellen, ein
1827 3721 2796 3774 Abend nahe bei Wien, über der verlöschten Land¬
1830 3766 2799 3829 schaft gedämpfte Trauer. Die Partie des Gatten
1833 3813 2796 3871 führt Herr Dr. Manning durch, der bühnen¬
1831 3846 2803 3908 sicher wie stets ist, die der verstehenden Freundin#
1825 3902 2806 3975 mit diskretem Geschmack Fräulein Johi, die des
1792 3927 2437 4016 kalten Egoisten Herr Faber.
