3436 4448
1512 271 1954 363 box 36/7
169 285 1345 404 1. Panphletsoffbrints
841 1204 2151 1333 Wiener Nachwuchs von Julius Bab (Schiut
1067 1302 2196 1380 er von den jungen oesterreichischen Autoren weniger lyrisch
1066 1366 2194 1432 und metaphysisch als episch und psychologisch veranlagt ist,
1766 1395 2198 1469 ern Schnitzler nach.
859 1417 1768 1504 der folgt nicht Hofmannsthal,
859 1450 2197 1545 Er sucht nicht in märchenhaft wunderbaren Fernen ein Symbol für
866 1516 2200 1587 das wunderbar Verworrene der ihn umgebenden Welt, er sucht diese
867 1556 2199 1629 Welt selber mit all ihren durcheinandergleitenden Impulsen darzu¬
879 1606 2211 1681 stellen; er gibt nicht eine musikalische Abstraktion, sondern nur eine
881 1664 1704 1751 stilisierte Malerei von seinem Weltgefühl.
967 1707 2197 1779 Den reinsten Typus in dieser Richtung stellen vielleicht die dra¬
882 1750 2200 1830 matischen Versuche von W. Fred dar, von dem ich zwei noch unver¬
879 1810 2211 1875 öffentlichte Stücke in Händen hatte. Den reinsten Typus, weil sie die
882 1857 2212 1921 Verwandtschaft mit den Franzosen, die schon bei Schnitzler so deutlich
875 1908 2219 1978 ist, aufs stärkste hervorspringen lassen, und, weil sie zugleich den Weg
884 1945 2212 2030 zur Komödie einschlagen, die sicherlich für dies wienerische Grund¬
884 1994 2217 2092 gefühl die bessere dramatische Chance bedeutet. Fred kommt zur Bühne
879 2053 2211 2132 vor allem als der Beobachter des Welttreibens, der ein höchst umfang¬
884 2096 2217 2172 reiches Buch über die „Lebensformen geschrieben hat. Wie die Formen
882 2141 2216 2219 der Gesellschaft, Sitten, Moralen, Anschauungen bald Waffe und bald
883 2195 2218 2258 Kette, bald Gesicht und bald Maske von wirklich Lebendigen sind, wie
883 2242 2219 2310 Lüge und Wahrheit, Verrat und Treue sich in einem Menschen und
896 2294 2213 2360 einer menschlichen Handlung unentwirrbar mischen — das zu skiz¬
884 2348 2213 2412 zieren, ist seine Neigung, das ist die individuelle Form, die das spiele¬
888 2407 2223 2469 rische Stannen des Wienertums bei ihm annimmt. Er stellt psycho¬
898 2448 2229 2520 logische Gesetze auf, illustriert sie an einer Reihe von Beispielen und
902 2494 2227 2565 entwickelt sie im entscheidenden Augenblick sehr ausführlich durch den
893 2538 2227 2616 Mund seiner Raisonneure — nach rechter Franzosenart. In seinem
898 2589 2232 2662 Lustspiel „Die betrogenen Männer wird mit ernsthafter Ironie das
902 2663 2238 2707 alte französische Grundthema von der ehelichen Untreue gleichsam in
893 2685 2238 2754 die zweite Potenz erhoben, oder besser: es wird die doppelte Negation
901 2737 2235 2821 gezeigt, die sich zu einer Bejahung aufhebt. Es wird gezeigt (und
900 2789 2229 2857 Schnitzlers „Einsamer Weg' leuchtet von fern herüber), daß zuletzt nicht
895 2834 2233 2906 die Ehemänner, sondern die Liebhaber die Betrogenen sind; daß es
903 2892 2229 2958 zuletzt wenig und wesenlos ist, was der Junggesell erhält, daß das
911 2930 2242 3006 Ernste, Entscheidende, Wesentliche des Menschen doch dem Manne
906 2991 2248 3054 zukommt, mit dem man nicht ein paar schöne Stunden, sondern ein
908 3032 2233 3114 Leben baut. Das Geliebe vergeht, aber die Ehe besteht; unter den gleich¬
916 3082 2236 3168 sam gesellschaftlichen Brauch der „Untreue setzt sich als eine natürliche
904 3132 2244 3200 Kraft die Treue durch. Das ist die im Grunde sehr moralische These,
910 3190 2251 3259 die Fred an vier durcheinandergeschlungenen Paaren und einigen
901 3225 2252 3321 Einspännern demonstriert. Der menschlich=dichterische Anteil gilt dabei
913 3284 2242 3354 den merkwürdigen Verschlingungen und Ueberkreuzungen verschiedener
2122 3378 2255 3452 245
2982 4133 3066 4208 G
