3436 4448
109 245 1304 360 1. Panphlets offbrints
216 1123 1556 1210 Instinkte und Konventionen in ein und derselben Menschenbrust. Nur
222 1175 1539 1256 daß Fred wohl zu sehr vom sicher nachgezeichneten Gesellschaftlich¬
220 1242 1544 1315 Formalen ausgeht, um uns in solche seelischen Tiefen zu ziehen, wo
221 1291 1552 1353 wir warm werden; das Stück spielt weniger unter Menschen als in
224 1325 1561 1417 „Gesellschaft“ — schon äußerlich. Erster Akt: Eine Hotelhalle mit
223 1377 1548 1458 Wintersport; zweiter Akt: Ein Kostümfest; dritter Akt: Ein Wohl¬
223 1432 1544 1516 tätigkeitsbazar. Das schließt schon beinah technisch aus, daß eine
227 1469 1547 1562 Atmosphäre entsteht, in der die Menschen wirklich dichterisches Leben
225 1533 1547 1604 gewinnen — es bleiben Fälle, Beispiele, Typen. Aber auch so könnte
222 1574 1557 1648 (wenn die Inszenierungsarbeit manche Breiten ausmerzt, manche
218 1628 1562 1690 Einschnitte verschärft) ein intelligentes Konversationsstück entstehen,
227 1673 1567 1759 das als wienerisch originaler Sproß aus der französischen Wurzel
228 1736 991 1818 unserm Theater willkommen sein sollte.
311 1765 1557 1846 Stärker in der szenischen Spannung und in der individuellen
220 1840 1565 1900 Herausarbeitung der Figuren ist Freds zweite Arbeit: „Der Unbe¬
231 1870 1564 1954 stechliche“. Wieder werden allerlei gute, psychologische Bemerkungen an¬
228 1915 1569 1999 gebracht, diesmal über den Fall des Theaterkritikers Pauli, dessen
234 1978 1573 2039 Unbestechlichkeit sich als ein Laster entpuppt. In der Tat liegt hier ein
233 2015 1574 2097 sehr verzwicktes Problem. Den Sinn einer unbestochenen Haltung
232 2068 1571 2135 macht es nämlich nicht aus, daß man von den Objekten seiner Kritik
226 2113 1557 2178 keine Geschenke annimmt; auch nicht, daß man seine guten Freunde
234 2160 1571 2244 prinzipiell verreißt; nicht einmal, daß man mit raffinierterer Mechanik
234 2209 1570 2296 sie abwechselnd lobt und verreißt — sobald Bewußtsein, Prinzip und
226 2266 1564 2326 Moral in der Sache herrscht, ist sie schon faul, und nur die einheitliche,
241 2311 1571 2387 instinktsichere Persönlichkeit, die aus einem und demselben Grunde mit
226 2385 1567 2433 einem Kunstwerk oder einem Privatmenschen Freundschaft schließt,
226 2410 1559 2483 wird hier völlige Sicherheit für ein rein objektives, das heißt: sub¬
228 2460 1575 2535 jektiv reines Urteil bieten. Die untauglichen Versuche, mit denen Leute
241 2508 1573 2586 mindern Instinktes sich diese Objektivität nach äußern Kriterien kon¬
243 2581 1581 2631 struieren wollen, geben ganz gewiß einen guten Komödienstoff her. Aber
238 2607 1562 2676 das müßten doch Leute feineren Geistes und besserer Absicht sein —
232 2655 1577 2724 Fred macht sich die Sache zu leicht und nimmt seinem Thema das tiefere
239 2708 1575 2772 Interesse, indem er seinen Pauli zu einem ziemlich eindeutigen Lumpen
243 2754 1574 2829 formt, der kleine Schauspielerinnen erst anpumpt, um sie dann zur
236 2803 1573 2873 Ehre seiner Unbestechlichkeit ausdrücklich zu verreißen; der zweifelhafte
240 2853 1575 2937 Wechselgeschichten begeht und schließlich seine langjährige Geliebte mit
238 2902 1581 2969 ihrem gemeinsamen Kind im Stich läßt, um sich durch eine plumpe
241 2960 1580 3016 Geldheirat zu sanieren. Die halbwahren Klugheiten, die er im letzten
250 3010 1573 3072 Akt über die Notwendigkeit des Geldbesitzes redet, werden ihn wohl
253 3058 1580 3125 nicht einmal selber ganz über seine unqualifizierbare Person täuschen.
239 3101 1578 3174 So wird es eine recht gewöhnliche Schwindler= und Lumpenkomödie.
247 3156 1578 3219 Aber die lebendige und diskrete. Zeichnung mancher Nebenfigur ver¬
250 3213 1593 3285 rät, daß Fred vielleicht doch der Mann wäre, solch ein Thema noch
248 3258 1059 3337 einmal mit zarteren Fingern anzugreifen.
238 3377 372 3441 246
2000 168 2205 226 —.—
1450 235 1909 330 box 36/7
1842 1098 3089 1197 Auf weniger klaren Wegen als Fred wandelt vorläufig ein junger
1754 1163 3091 1254 wiener Autor namens Walter von Molo. Von seinen Dramen (die
1755 1209 3087 1294 bei Georg Müller in München erschienen sind) geht „Das gelebte Leben“
1750 1262 3098 1352 noch ganz und gar auf den Bahnen Ibsens, des großen Rattenfängers,
1753 1313 3090 1384 der unseren dramatischen Nachwuchs glauben machte, es sei möglich,
1767 1363 3095 1444 ein lyrisch=revolutionäres Pathos aus der analytischen Behandlung
1763 1434 3089 1493 psychologischer Gegenwartsprobleme herausspringen zu lassen. Dabei
1764 1460 3091 1540 war diese Germanisierung der französischen Technik nur ihm, dem
1763 1517 3087 1590 Ibsen selber möglich, und auch ihm nicht immer. Der junge Molo, der
1763 1561 3081 1636 mit Benutzung einiger anderer Ibsenmotive, die Geschichte der „Nora¬
1759 1601 3094 1682 noch einmal schreibt, der Frau, die die Erbärmlichkeit ihres Ehemanns,
1767 1679 3095 1741 die Kerkermäßigkeit ihres Ehelebens, ihr Recht zu freier Selbstentfal¬
1763 1714 3085 1784 tung erfährt, dieser Molo bleibt vielfach tief im Konventionell=Rhetori¬
1772 1753 3094 1850 schen stecken, gibt erregte Debatten statt gestalteter Leidenschaften.
1762 1814 3102 1877 Aber innerhalb dieses schwachen Ibsen stehen gut wienerische Züge von
1769 1850 3087 1935 künstlerisch echter Art. Besonders gibt es da im zweiten Akt eine Ver¬
1776 1912 3095 1997 führungsszene, gegen die sich dramaturgisch und geistig einiges ein¬
1762 1961 3089 2032 wenden läßt — der reinlichere Ibsen brauchte keine erotischen Zwischen¬
1770 2005 3092 2084 spiele, um seine Nora aufzuklären — die aber künstlerisch das weitaus
1771 2064 3098 2141 Stärkste an diesem Drama ist, eine Szene voll verhaltener Vibration,
1781 2102 3041 2181 voll dumpfer Steigerung und hell aufzuckender Intellektualitäten.
1860 2148 3102 2233 Diese Spuren eines Talents, das seine Richtung, seinen Ton,
1785 2198 3095 2288 seinen Stil noch nicht gefunden hat, sind vielleicht noch stärker in dem
1780 2246 3115 2331 Drama „Die Mutter“; nur hat hier Molo einen höchst unglücklichen
1780 2296 3106 2365 Stoff gegriffen. Die Mutter, die sich in grenzenloser Liebe für das
1777 2345 3112 2422 Glück des Sohnes aufreibt, kann gewiß immer wieder von einem
1786 2392 3116 2487 starken Dichter eine erschütternde Gestaltung erfahren — aber daß
1776 2459 3105 2537 dieser Sohn dramatischer Dichter, und das Glück, das ihm erkämpft
1787 2501 3109 2581 werden muß, eine Aufführung seines Stückes ist, das ist mißlich. Die
1788 2545 3117 2631 jungen Leute, die absolut die erfolgreiche Premiere brauchen, um
1779 2596 3118 2662 ihrem dramatischen Beruf erhalten zu bleiben, sind wohl weniger
1782 2641 3110 2724 Dichter als Theaterschriftsteller; und daß an dem sehr nervösen
1784 2699 3115 2759 und launischen jungen Mann sonst ein Genie verloren gehen würde,
1785 2743 3110 2814 vermag uns Molo auch nicht fühlbar zu machen. Etwas Dilettantisches
1794 2785 3121 2886 steckt von vornherein wie in der Idee, daß das Jawort eines Dramatur¬
1795 2836 3120 2930 gen nun schon die Aufführung eines, obendrein bei den Kapitalisten des
1793 2887 3107 2965 Theaters mißbeliebten, Werkes verbürge, so in dieser ganzen Auf¬
1795 2935 3125 3015 fassung von Dichter und Dichten; und die aufopfernde Tat der Mutter
1802 2990 3115 3071 scheint deshalb sowohl in ihrem nächsten praktischen wie in ihrem wei¬
1799 3060 3123 3122 teren menschlichen Erfolg fraglich. Aber zwischen all diesem Unreifen,
1801 3088 3129 3162 Verworrenen und Ueberlauten stehen wieder viele feine und leise
1795 3150 3039 3223 menschliche Wendungen, die an das Talent Molos glauben lassen.
1890 3193 3113 3268 Aus dieser Freude, dieser hingegebenen Lust an der buntverwor¬
1794 3235 3121 3313 renen Welt ist nun aber das schönste, das süßeste Werk gewachsen, das
3001 3326 3125 3416 247
2694 4121 2904 4175 Simtur maman
