3344 4352
1313 284 1736 379 box 40/2
217 298 1152 394 Grillnarzer-Preis
620 1584 1689 1673 A. Schnitzler und der Grillparzer=Preis.
833 1648 910 1717 geh
921 1670 1383 1731 VVon Rudolf Holzer in Wien.
684 1733 1685 1782 Vm Geburtstage Franz Grillparzers, des größten Dichters,
622 1785 1677 1833 Aden das poctenreiche Österreich hervorbrachte, am
619 1827 1678 1872 15. Januar jedes dritten Jahres, soll der Grillparzer=Preis
629 1868 1679 1909 vergeben werden. Dem „relativ besten dramatischen Werke
625 1913 1687 1960 des jeweiligen Trienniums“ sagt der Stiftsbrief, wird der
626 1954 1676 1999 Lohn und Preis „von fünfzehnhundert Gulken ö. W. in
628 2000 1681 2054 Silber“ zuteil. Sein Zweck ist Anspornung zu höheren
631 2046 1679 2086 Aufgaben; als Bedingung gilt, daß die zu ehrende
623 2081 1679 2121 Dichtung „an einer namhaften deutschen Bühne“ gespielt
623 2140 1675 2195 und nicht schon von anderer Seite durch einen Preis aus¬
621 2169 963 2234 gezeichnet wurde.
681 2210 1671 2259 Obwohl von einem der besten Österreicher den Namen
627 2262 1678 2314 tragend, war der Grillparzer=Preis gerade für Österreicher
626 2314 1672 2364 noch schwerer zu erringen als etwa die Ehre, am Burgtheater
620 2351 1667 2395 gespielt zu werden. Der Lorbeer wird nun seit mehr als
630 2396 1664 2446 dreißig Jahren verliehen, doch bloß einmal, durch Ludwig
635 2434 1665 2487 Anzengruber, blieb er im Lande. So gewannen den Preis:
620 2479 1676 2525 1875 Wilbrandt („Gracchus, der Volkstribun“), 1884 Wilden¬
621 2529 1659 2576 bruch („Harold“), 1887 Anzengruber („Heing'funden"),
620 2571 1670 2611 1890 Wilbrandt („Der Meister von Palmyra“), 1896, 1899
632 2617 1671 2659 Hauptmann („Hanneles Himmelfahrt“ „Fuhrmann Hen¬
639 2662 1664 2717 schel"), 1902 Hartleben („Rosenmontag“), 1905 Hauptmann
628 2707 1067 2758 („Der arme Heinrich“).
680 2754 1663 2807 Heuer einigte sich der einstimmige Beschluß der Preis¬
617 2794 1672 2849 richter Hofrat Prof. Minor (für die Kaiserliche Akademie
622 2839 1675 2895 der Wissenschaften), Dr. Paul Schleuther (als Direktor des
631 2881 1673 2935 Hofburgtheaters), Ludwig Hevesi (Delegierter des Wiener
627 2925 1663 2978 Schriftsteller= und Journalistenvereins Konkordia), Prof.
625 2963 1677 3027 Erich Schmidt und Hofrat Dr. Mar Burkhard (die Vertreter
627 3012 1671 3057 des norddeutschen und des süddeutschen Schrifttums) für
625 3057 1665 3107 Artur Schnitzlers Komödie „Zwischenspiel“. Die Ehrung
626 3102 1665 3163 des Dichters ist wärmstens zu begrüßen! Sein Schaffen
625 3140 1664 3191 ist so sehr der künstlerische Ausdruck unserer Empfindungen
618 3192 1674 3228 und Kultur, daß eine offizielle Anerkennung sich endlich
624 3242 1664 3288 einstellen mußte. In Artur Schnitzler leben und pulsen
619 3280 1665 3323 die empfindsamen, feinnervigen Züge der alten kunstsinni¬
619 3325 1670 3384 gen, schicksalsreichen Kaiserstadt. Er ist ein echter Wiener,
626 3368 1655 3409 ein Sohn einer neuen Zeit, einer unablässig nach Schön¬
624 3408 1670 3451 heit suchenden Sehnsucht. In Schnitzler gehen die Züge
620 3457 1663 3503 der jungen Wiener Kultur ineinander: Jnnigkeit und
629 3502 1669 3547 Leichtlebigkeit, Ironie und Gemütstiefe, Weltflucht und
623 3542 1679 3602 Weltmann, Raffinement und Vorstadtlyrik, Grillparzer
626 3586 1679 3642 und die mondänen Franzosen, Erotik und Tod. Man
616 3629 1676 3686 glaube aber ja nicht, daß er in Wien dominiere; außer¬
625 3672 1665 3729 halb literarischer Kreise wird er hier fast nicht gekannt,
623 3718 1678 3760 er ist keine lokale Größe. Im Gegenteil. In Deutsch¬
615 3753 1674 3826 land hat er sein Publikum, in Wien nur einen Kreis von
617 3804 820 3859 Schätzern.
671 3843 1669 3907 Artur Schnitzler wurde am 15. Mai 1862 zu Wien als
625 3892 1671 3942 Sohn des berühmten Laryngologen Prof. Johann Schnitzler
610 3935 1670 3989 geboren. Er ist praktischer Arzt, lebt aber fast völlig seinen
610 3991 1654 4031 literarischen Arbeiten. Mit dem Einakterzyklus Anatol“
623 4031 1670 4084 trat er 1893 vor die breitere Öffentlichkeit. Er war sofort,
619 4073 1679 4128 der er heute ist. Welt und Weltanschanung ruhen in dieser
620 4117 1674 4172 eleganten Literatur. Die positive Kritik mag finden, diese
626 4153 1658 4200 Welt entbehre einer Anschauung wie ieglicher Tiefe ine
2075 201 2184 275 —
2007 790 2472 876 Illustrirte Zeitung.
2038 2180 2391 2256 Artur Schnitzler.
1700 2343 2729 2404 der Veatrice“ eine Dichtung von prachtvollen Schönheiten.
1691 2392 2741 2450 „Der grüne Katadu“ zeigte ihn auf der Höhe dramatischer
1698 2431 2343 2481 Kunst, divinatorischer Bildnerkraft.
1754 2473 2737 2529 Heute nun ziert den früher feuilletonistisch stilisierten
1698 2521 2735 2580 Dichterkopf keine mehr so sorgfältig gepflegte Locke. Auch
1694 2567 2751 2627 Schnitzler wurde Hausvater, zog weg von der großen
1688 2602 2740 2647 Stadt, hinaus auf die lichte Hügelreihe, von wo aus der
1685 2651 2747 2686 Blick das Häusermeer gewahrt. Neine Waldluft vom
1687 2697 2738 2739 nahen Gebirge! Er wird nicht viel gesehen in Wien, und
1693 2740 2744 2775 wer es nicht weiß, der fühlt aus seinen letzten Dichtungen
1683 2789 2733 2834 die Poesie und Herrlichkeit köstlicher, seliger Einsamkeit
1692 2824 2740 2882 strömen. Der Schnitzler von heute wird vom Drang ins
1686 2876 2738 2915 Dunkle, Antwortlose erfüllt. Der Tod ist sein tönendes
1693 2917 2747 2953 Grundmotiv; in dieser Vorliebe, diesem Grübeln nach dem
1689 2960 2732 3016 andern Leben ruht vielleicht ein künstlerisch gebändigtes
1693 3002 2745 3065 Grauen vor dem Tod. Aus dem Lebejüngling Anatol
1691 3046 2732 3099 ward ein nachdenklicher, sehnsüchtiger Lebenskünstler.
1697 3086 2735 3138 Fragen an Leben und Tod wurden so die „Lebendigen
1694 3139 2730 3194 Stunden“; „Der einsame Weg“, „Der Ruf des Lebens“.
1752 3175 2730 3241 Eine bange Frage, eine künstlerische Befreiung einer
1696 3216 2744 3270 zweifelnden Seele ist auch das „Zwischenspiel“. Das Pro¬
1682 3271 2743 3316 blem einer brüchigen Ehe erfährt darin eine virtnose Durch¬
1687 3316 2728 3370 führung. Seine abstrakten Diskussionen und psychologi¬
1687 3349 2739 3415 schen Delikatessen entsprechen aber allerdings nicht den
1684 3401 2548 3460 Anforderungen der landläufigen Dramaturgie.
2733 3029 2802 3113 0
