3392 4352
168 292 1173 372 . Grillbarzer-Preis
1330 251 1787 340 box 40/2
1893 102 2339 154 stmilung ee
1892 129 3047 186 relativ beste dramatische Werk deutscher Sprache ausgesetzt,
1887 189 3046 227 das im Laufe des letzten Trienniums auf einer namhaften
1891 213 3063 284 deutschen Bühne zur Aufführung gelangt und nicht schon von
1889 278 3054 316 einer anderen Seite durch einen Preis ausgezeichnet worden
1893 313 3057 354 ist. Die Verwaltung des Fonds ist durch den Stiftsbrief der
1885 341 3055 406 philosophisch=historischen Klasse der kaiserlichen Akademie der
1892 396 2922 452 Wissenschaften übertragen; der Preis beträgt 5000 K.
1975 425 3056 489 Für den Grillparzer=Preis, der heute zur Verteilung ge¬
1894 477 3064 528 langte, kamen nach dem Urteil der Preisrichter in erster Linie
1895 512 3064 568 Arthur Schnitzler mit seiner Komödie „Zwischen¬
1897 558 3062 620 spiel“ die am 12. Oktober 1905 im Burgtheater zur ersten
1893 596 3063 655 Aufführung gelangte, und in zweiter Linie Schönherrs
1895 636 3057 696 „Familie“ in Betracht, die im Jahre 1907 auf dem
1896 680 3062 744 Spielplan der Hofbühne war. In den letzten Tagen wurden
1891 737 3068 784 auch Stimmen für Ernst v. Wildenbruch laut, dessen
1891 767 3074 832 Schauspiel „Die Rabensteinerin“ in dieser Saison zur
1898 820 2438 890 ersten Aufführung gelangte.
1987 847 3073 920 Heute um 10 Uhr vormittags traten die Preisrichter mit
1901 905 3070 955 Ausnahme Professor Dr. Schmidts, der am Erscheinen
1902 950 3070 1012 verhindert war, zu ihrer letzten Sitzung zusammen. Diese
1905 994 3066 1049 fand im Hörsaal 33 der philosophischen Fakultät der Univer¬
1898 1040 3072 1081 sität statt und den Vorsitz führte Hofrat Minor. Die Be¬
1908 1061 3073 1129 ratung dauerte bis 12 Uhr und endigte mit der einstimmigen
1900 1110 3067 1171 Zuerteilung des Preises an Arthur Schnitzler, für den auch
1913 1174 3080 1221 bereits früher Professor Dr. Erich Schmidt in Berlin seine
1919 1209 3066 1253 Stimme in schriftlichem Wege abgegeben hatte. Für das
1911 1245 3076 1306 Votum des Preisrichterkollegiums kam, wie Hofrat Minor in
1901 1284 3071 1347 seinem Referat ausführte, in erster Linie das Stück, das den
1901 1336 3071 1405 Preis erhielt, in Betracht und erst in zweiter Linie der
1911 1384 2085 1445 Dichter.
1991 1392 3070 1472 Um ½2 Uhr nachmittags trat die philosophisch=historische
1916 1459 3078 1517 Klasse der Akademie der Wissenschaften zu einer Sitzung zu¬
1921 1511 3080 1566 sammen, in welcher die Genehmigung des Vorschlages des
1916 1544 3076 1608 Preisrichterkollegiums erfolgte. Hofrat Professor Dr. Minor
1915 1585 3079 1651 begründete den Vorschlag der Preisrichter in kurzer Rede,
1916 1626 3080 1691 worauf ihm die Genehmigung ohne Debatte erteilt wurde.
1918 1669 2852 1733 Unmittelbar darauf wurde das Resultat publiziert.
1997 1715 3085 1772 Unter den anwesenden Mitgliedern der Akademie wurde
1908 1755 3083 1821 die Wahl eines Oesterreichers als Preisträger mit Beifall be¬
1921 1820 3089 1870 grüßt und auch der Präsident der Akademie der Wissen¬
1920 1853 3086 1907 schaften, Professor Eduard Sueß, welcher der Publizierung
1928 1890 3083 1948 der Preiszuerkennung beiwohnte, äußerte seine Genugtuung
1922 1943 3088 1992 darüber, daß der Grillparzer=Preis diesmal in Oesterreich
1922 1989 2109 2056 verbleibt.
1994 2016 3086 2076 Von anderer Seite wird uns gemeldet: In der heutigen
1916 2059 3100 2123 Sitzung des Preisrichterkollegiums standen von den 94 Bühnen¬
1918 2104 3099 2172 werken, die den Preisrichtern zur Beurteilung vorlagen, nur
1915 2160 3114 2205 zwei in Diskussion, Schnitzlers „Zwischenspiel“ und Schön¬
1922 2184 3089 2247 herrs Tragödie „Familie“. Wildenbruchs „Die Rabensteinerin“
1924 2230 3094 2290 kam heute in der Schlußsitzung der Juroren nicht in Frage.
1928 2290 3101 2337 Dagegen verlautet, daß sich namentlich Direktor Dr. Schlen¬
1934 2314 3101 2381 ther für Schönherr eingesetzt habe, welchem Vorschlag ein
1926 2356 3097 2432 zweiter der Preisrichter ursprünglich beigepflichtet habe. Schließ¬
1927 2399 3098 2459 lich stimmten aber auch diese beiden Herren den übrigen
1933 2442 3092 2504 Preisrichtern zu, die sich für Schnitzlers „„Zwischenspiel“ als
1937 2502 3090 2562 Preisstück erklärten, und es wurde die Einstimmigkeit der
1936 2542 2177 2612 Jury erzielt.
2133 2553 2897 2633 Die Preisträger der früheren Jahre.
2005 2606 3101 2679 Zum erstenmal wurde der Grillparzer=Preis in der Höhe
1933 2669 3099 2721 von 1500 fl. am 15. Januar 1875 einstimmig Adolf Wil¬
1935 2700 3111 2768 brandt für seine Tragödie „Gracchus, der Volkstribun“ ver¬
1932 2765 2078 2823 liehen.
2013 2779 2974 2855 Im Jahre 1878 wurde der Preis nicht vergeben.
2019 2822 3092 2911 Im Jahre 1881 erhielt den Preis gleichfalls in der Höhe
1940 2872 3094 2954 von 1500 fl. Ernst v. Wildenbruch für sein Trauerspiel
1940 2927 2542 2993 „Harold“ mit Stimmenmehrheit.
2009 2966 2726 3034 1884 fiel die Preiszuerkennung aus.
2014 2998 3102 3058 1887 wurde einstimmig Ludwig Anzengruber für
1939 3038 3115 3118 seine Wiener Weihnachtskomödie „Heimg'funden“ ausgezeichnet.
1935 3094 2751 3161 Der Preis betrug damals bereits 1800 fl.
2027 3114 3095 3195 Im Jahre 1890 wurde der Preis in der Höhe von
1938 3163 3113 3241 1800 fl., diesmal mit Stimmenmehrheit, neuerdings Udolf
1949 3212 3109 3291 Wilbrandt für seinen „Meister von Palmyra“ zuerkannt.
2020 3255 2971 3322 Im Jahre 1893 fand keine Preisverteilung statt.
2022 3312 3107 3363 Im Jahre 1896 erhielt Gerhart Hauptmann für
1937 3360 3110 3418 sseine Tragödie „Hannele“ mit Stimmenmehrheit den Preis, der
1943 3397 2600 3474 lin diesem Jahre 2400 fl. betrug.
2031 3424 3105 3496 Die nächste Preiszuerkennung im Jahre 1899 brachte
1945 3474 3114 3550 wieder Gerhart Hauptmann den Preis von 2400 fl. ein¬
1950 3522 2744 3591 stimmig für seinen „Fuhrmann Henschel“.
2038 3555 3113 3627 Im Jahre 1902 wurde einstimmig Otto Erich Hart¬
1949 3609 2731 3672 leben für „Rosenmontag“ ausgezeichnet.
2032 3636 3111 3711 Die letzte Preisverleihung fand im Jahre 1905 statt. Der
1954 3680 3113 3755 Preis in der Höhe von 5000 K. wurde einstimmig Gerhart
1952 3727 3113 3813 Hauptmann für das Schauspiel „Der arme Heinrich“ zu¬
1956 3793 2127 3854 erkannt.
2030 3800 3119 3878 Unter den früheren Preisrichtern der Grillparzer=Preis¬
1962 3856 3110 3936 stiftung befanden sich unter anderen Franz v. Dingelstedt,
1963 3899 3120 3973 Heinrich Laube, Josef v. Weilen, Robert Zimmer¬
1961 3955 3128 4014 mann, Johannes Nordmann, Wilhelm Scherer,
1969 3986 3125 4056 Adolf Wilbrandt, Hermann Hettner. Josef Bayer,
1966 4021 3134 4096 Alfred Freiherr v. Berger, Ludwig Speidel Heinrich —
1968 4060 3126 4135 Bulthaupt, Wilhelm Ritter v. Hartel und Friedrich
1955 4127 2099 4175 Ubl.
