3344 4352
1256 274 1724 377 box 40//2
185 284 1170 380 Grillparzer-Preis
1798 1684 2172 1762 tr. Derf
203 1788 3132 1842 Hübsches, Nachdenkliches, das nur in ent= selbst versagt sie sich. Mit ein paar Worten tenor das Weite zu suchen. Und der arme
204 1831 3125 1923 ferntem Zusammenhang steht mit den Ereig= weiß Schnitzler diese Frau zu charakterisierens Freiherr von Leisenbohg, der an ihre Liebe
197 1871 3122 1990 nissen, und nimmt ihm dann sanft und spie= Sie fordert einmal junge Enthusiasten, diehgeglaubt hat, stirbt, als er erfährt, daß ihm
203 1925 2147 2011 lend=leicht die Puppen aus der Hand, ohne, ihr die Pferde ausspannen wollen, auf, sie zu
2145 1941 3127 2017 hie Sängerin die Nacht geschenkt hat, weil der
194 1972 2142 2044 daß das Kind es fühlt, und plötzlich sieht der besuchen, und ruft ihnen noch im Fortfahren
2137 2000 3122 2067 Fürst vor seinem Tode einen furchtbaren Fluch¬
193 2019 1171 2099 Leser, daß die Geschichte zu Ende ist und er
1157 2038 2146 2112 zu: „Kriagt's auch an Kaffee!“ Niemals
2139 2051 3124 2138 ausgestoßen — gegen den Ersten, der sie
194 2081 1172 2133 allein steht. Da ist zum Beispiel die Novelle
1167 2087 2142 2152 ist dieser Wiener Künstlerinnentypus treff¬
2131 2090 2722 2181 nach ihm besitzen sollte.
186 2127 2138 2199 „Die Weissagung". Der Leser steht noch unter sicherer charakterisiert worden. Besser, als aus
190 2167 2145 2242 dem Banne eines seltsamen, dunkein Ereig= ihrer seltsamen Sexualpsychologie lernen wir
197 2218 2148 2315 nisses, eines Rätsels, für das Schnitzler selbst dieses Weib aus diesem „kriagt's auch an
2212 2218 3118 2322 Von Schnitzler wollte ich sprechen und
197 2268 2134 2349 keine Lösung weiß, und bräche der Dichter Kaffee“ kennen, aus dem jene Sucht heraus¬
2124 2274 3117 2360 habe mich in eine seiner Novellen verirrt.
195 2308 2136 2401 jetzt ab, so wäre man unbefriedigt. Aber tönt, ihr Privatieben in die Oeffentlichkeit zu
2125 2337 3115 2436 Aber ich glaube, allen geht es so, daß sie, wenn
185 2363 2133 2451 Schnitzler beginnt nun von einer gleichgiltigen rücken, für ihre Hausfrauentätigkeit ein gro¬
2123 2383 3129 2459 sie von diesem Dichter zu sprechen beginnen,
192 2413 2133 2498 Jugenderinnerung zu sprechen, auf die ihn ßes Publikum und eine Claque zu gewinnen,
2125 2446 3114 2511 immer ganz unversehens in seine Werke hin¬
194 2460 2135 2564 eine zufällige Namensgleichheit gebracht hat, eine Schwäche, die alle Wiener Schauspielerin¬
2124 2483 3123 2557 eingeraten. Denn Schnitzler hat in das Ge¬
186 2500 1562 2591 und der Leser vergißt an die Dinge, die ihn nen kennzeichnet.
2124 2529 3106 2596 füge aller seiner Stücke sich selbst hineinge¬
197 2560 1171 2609 so in Spannung hielten und hört zu und plötz¬
1253 2550 2133 2641 Ihrem letzten Geliebten, einem Fürsten,
2121 2588 3113 2643 baut, als Zuschauer und Deuter der Gescheh¬
184 2605 1151 2691 lich ist die Geschichte aus und der Leser hat es
1161 2617 2132 2679 der durch einen Sturz vom Pferde sein Leben
2132 2631 3110 2693 nisse. Man kann seine Entwicklung leicht
180 2654 608 2727 gar nicht bemerkt.
1160 2666 2135 2738 verloren hat, ist sie nun fast ein Jahr lang
2128 2667 3106 2743 überblicken, wenn man die Masken aneinan¬
283 2684 1163 2775 Da ist das Schicksal des Freihern von
1155 2717 2129 2786 treu gewesen und der Baron hat die Hoffnung
2133 2729 3111 2783 derreiht, die er in seinen Stücken vor sein
179 2729 1161 2829 Leisenbohg“, der in hoffnungsloser Liebe an
1151 2763 2136 2816 aufgegeben, endlich doch an das Ziel seiner
2124 2776 3102 2848 Antlitz hält. Und man kann sein Werden
186 2808 1164 2870 einer Opernsängerin hängt, die er selbst ent¬
1148 2806 2133 2877 Wünsche zu gelangen. Aber da geschieht nun
2130 2823 3101 2892 eigentlich leicht in den einen kurzen Satz klei¬
179 2851 2127 2934 deckt und zur Berühmtheit gebracht hat. Diese das Seltsame, daß sich die Sängerin plötzlich
2118 2872 3103 2945 den: Er gab in seinen ersten Stücken den
188 2902 3117 2988 Künstlerin wird d. Geliebte der ganzen guten dem Baron hingibt, ganz unerwartet, um Dandy, in seinen späteren den Poeten, in
172 2956 2696 3050 Gesellschaft- so ziemlich, nur dem Freiherrn dann am nächsten Tag mit einem Helden= seinem letzten den Arzt.
3017 2976 3118 3061 u
524 2997 638 3073 —
