3392 4352
1335 320 1804 416 box 40/2
267 324 1200 433 Grillparzer-Preis
686 1803 890 1892 Tehrs
227 1826 299 1900 0
1347 1843 3371 1910 mit dem vornehmsten Dichterpreise, den unsere Heimat zu patriotisch obendrein, endlich patriotisch. De
213 1903 3372 1949 Von Grillparzer zu Schnitzler, verleihen hat, heute wird uns das als ganz erhielten den Grillparzer=Preis Ausländer, Der
1336 1926 3361 2003 natürlich und befriedigend vorgesetzt. Es lebe der den nordischen Siedelungen der Nation, W
327 1942 3366 2016 Es ist ein weiter Weg von Grillparzer zu Artur Umschwung! In seiner ganzen literarischen Tätigkeit, Hartleben, Hauptmann, jetzt aber ist er endlich
230 2010 3358 2077 Schnitzler, abwärts, unaufhaltsam abwärts von parnassischen in seinem ganzen Leben hat Grillparzer, in dessen Geist Oesterreicher gekommen, an Schnitzler, den S
243 2045 2463 2118 Höhen zu sumpfigen Niederungen, aber wir haben ihn und aus dessen Mitteln die Preisstiftung erfolgt ist, keine
2464 2054 3369 2126 eingewanderten ungarischen Juden, der zufällt
235 2104 1355 2154 rasch, unheimlich rasch zurückgelegt. Und heute ist uns —
1332 2092 2463 2163 — Zeile lasziven Inhaltes veröffentlicht oder auch nur nieder¬
2456 2100 3368 2167 geboren wurde. Oder noch besser gesagt: ein Iu
242 2133 1365 2192 so wollen es wenigstens viele glauben machen — Grill¬
1348 2153 2456 2200 geschrieben, ihm erstrahlte die Dichtung in makelloser Rein¬
2455 2142 3375 2223 Grillvarzer=Preis bekommen und nun ist die An
243 2186 2458 2247 parzer, von dem wir ausgingen, so fern gerückt, daß man heit — seinen Preis erhält Schnitzler, der Pornograph,
2460 2183 3303 2252 endlich auf dem richtigen Wege. Das ist d
236 2219 2475 2289 ihn ungestraft und selbstverständlich mit Artur Schnitzler in der die schlecht parfümierten Kanapeegeschichten und Sexual¬
2452 2234 3361 2297 der wertvollste Umschwung. Denn nach Schnitzl
239 2259 1366 2317 eine Gesichtslinie stellen darf. Nichts anderes als dies haben
1361 2277 2469 2331 anetdoten seines „Reigen“ aus ersichtlicher Lust am Ge¬
2459 2288 3364 2340 schon die Dörmänner, die Hirschfelde, Lothare und
234 2303 1373 2372 diejenigen getan, die Sichnitzler kürzlich für sein „Zwischenspiel“
1353 2320 2461 2375 meinen verfaßte, dessen Muse sich aus dem Champagnerrausch
2454 2328 3367 2394 die Auernheimer da, die, nachdem sie die Bauern
238 2349 2469 2414 den Grillparzer=Preis verliehen. Wer hätte in diesem Vorgange liederlicher Chambre separée=Stimmungen ihre Anregungen
2454 2358 3363 2432 gründlich abgegrast haben, nunmehr auf den
249 2403 1364 2461 sich der Empfindung verschließen können, daß hier eine
1358 2394 2462 2460 holte. Vivat der Umschwung! Grillparzer hat einmal in
2465 2405 3359 2473 Preis angewiesen sind. Der Umschwung wird
248 2444 1371 2507 schneidende Inkongruenz, ein scharfer Widerspruch vorliege?
1350 2448 2458 2507 Rom, wo er im Gefolge des Kaisers Franz weilte, begeistert
2461 2461 3362 2542 schon geben und zu guter Letzt noch auf den #
241 2477 1372 2551 Daß der Geisteskreis von Grillparzers Welt mit jenem der
1354 2500 2457 2552 von der Erhabenheit der Antike ein Gedicht geschrieben,
2451 2490 2654 2569 kommen.
239 2528 1362 2575 Schnitzlerschen nicht einmal einen tangentialen Berührungs¬
1360 2520 2472 2595 „Die Ruinen von Campo Vaccino“, das durch ein unglaub¬
2541 2547 3360 2627 „Lump, werd' ein Jud' und rezensiere“, m
248 2574 1368 2631 punkt hat? Daß diese Prämiierung gegen Gerechtigkeit,
1355 2566 2471 2641 liches Mißverstehen so gedeutet wurde, als richtete es sich
2464 2609 3365 2664 parzer, der zähe altösterreichische Antisemit, des
234 2617 1361 2672 Geschmack und Sinn für natürliche Tradition und Ent¬
1353 2614 2460 2681 gegen die christliche Religion. Obwohl jedermann sich von
2465 2641 3370 2707 echte „Jüdin von Toledo“ keinen Zweifel aufko
242 2664 2469 2721 wicklung gewalttätig verstoße? Aber es sollte noch schöner der Unrichtigkeit dieses Verdachtes aus dem Wortlaute und
2465 2690 3370 2752 über die Verachtung, die er der typischen Gesinnung
1349 2705 2469 2774 der Verteidigung des Dichters überzeugen konnte, haftete
2468 2738 3365 2786 des Judentumes entgegenbrachte. Und da Ha
239 2667 1362 2804 leniene Schnaht Aine mnrtente Seseitan .
1365 2758 2469 2818 ihm der grundlose Vorwurf immerwährend hemmend und
2455 2783 3375 2837 heimer, den die Spalten der „Neuen Freis
245 2793 1369 2853 eignet, die literarische Gegenwart Wiens zu beleidigen und
1367 2773 2467 2860 schädigend an und Kaiser Franz sagte von Grillparzer:
2454 2820 3359 2881 eines schönen Tages als Literaten geboren, den
248 2836 1371 2895 seine Vergangenheit herabzusetzen, nicht dies hörten wir
1358 2825 2466 2902 „Ja, wenn er nur die Geschichte mit dem Papste nicht
2459 2871 3372 2926 nicht mehr hinunterrezensieren kann, wie es weila
245 2891 1364 2938 über das unbegreifliche Urteil des Fünfrichterkollegiums,
1359 2870 2474 2945 gehabt hätte.“ Das war gewiß traurig und die ganze Ge¬
2466 2901 3379 2972 Saphir tat, so rezensiert er seinen Standesbruder
241 2904 1365 2974 sondern das Gegenteil: Stolz und Genugtuung sollen wir
1366 2911 2466 2981 sellschaft, die damalige wie die heutige, bedauert es, daß
2470 2962 3387 3010 eben zur Höhe Grillparzers hinauf. Für den Dr
244 2967 1364 3025 darüber empfinden, daß der Grillparzer=Preis diesmal im
1355 2953 2471 3023 kleinlicher Sinn und Vorurteil dem Dichter Leben und
2454 3003 3382 3054 Auernheimer, der vom Mutterschoße der „Neu
242 3006 1370 3060 Lande geblieben sei, daß ihn Schnitzler, ein Oesterreicher,
1366 3009 2469 3076 Schaffen verbitterten. Aber wie herrlich weit hat es unser
2454 3044 3382 3103 Presse“ aus jene wirksamen Schlafmittel versen
243 3048 1367 3111 erhalten hat. Denn das ist das Zeichen eines großen
1353 3053 2476 3115 Oesterreich seither gebracht! Herrn Schnitzler hat es nicht
2461 3077 3366 3137 Lustspiele nennt, hat der Hauptmannsch
252 3099 1372 3149 Umschwunges, der sich vollzogen hat, und diesen „Um¬
1355 3092 2475 3159 geschadet, daß er sich durch seine obszönen Publikationen
2453 3132 3354 3206 Naturalismus durch Schnitzler erst seinen n
249 3127 1377 3189 schwung“ setzt uns Herr Raoul Auernheimer in einem Sonn¬
1351 3142 2470 3205 vor allen anständigen Leuten kompromittiert und prosti¬
2465 3170 3378 3225 Schliff erhalten. „Nach Bauernfeld ist Schnitzle
255 3184 2471 3245 tagsfeuilleton der „Neuen Freien Presse“ mit Begeisterung tuiert hat; es hat für ihn keine Folgen gehabt, daß er
2457 3210 3381 3280 deutsche Schriftsteller und unter den Modernen#
1358 3229 2469 3289 in seinem „Leutnant Gustl“ die eigene jüdisch=geschäfts¬
253 3214 1017 3300 an dem Falle Schnitzler auseinander.
2472 3266 3373 3316 in dessen Werken eine wirkliche Gesellschaft ver
1355 3256 2471 3325 mäßige Gesinnung einem auf Ehrbegrissen aufgebauten
339 3280 1377 3335 Jawohl: der„Umschwung, an den müssen wir wohl
2466 3306 3379 3357 bloß transponierte, die auf eine sehr primitiv#
249 3303 2472 3372 glauben, er ist eingetreten und mit Entsetzen nehmen wir Stand aufhalste, und für diese schimpfliche Verletzung der
2467 3344 3372 3398 steht, wenn man die Vicomtes und Duchessen des fr
1357 3344 2469 3415 Standesehre insam kassiert wurde. Beileibe nein, denn
261 3360 1380 3423 seine Signale wahr. Woran zur Zeit Grillparzers niemand
251 3396 3379 3477 hätte zu denken gewagt, was noch vor etlichen Jahren un= wir haben ja den Umschwung! Wir sind ja liberal Sittenstückes in billiges Berliner Deutsch überset
251 3431 3383 3528 möglich gewesen wäre, die Auszeichnung eines Schnitzler geworden in Oesterreich, unsäglich, grenzenlos liberal. Und man kennt sie, die Gesellschaft der Schnitzlersch
