3344 4352
228 368 1123 459 Grillbarzer-Preis
231 521 400 596 Nr. 0.
667 812 755 913 24
451 863 768 965 NUN
643 927 1048 1008 SAET—
574 1152 1128 1266 Comentlustspiele.
681 1275 1138 1344 (Alle Rechte vorbehalten.)
646 1359 729 1406 —
969 1415 1027 1475 6
357 1418 996 1528 „Zwischenspie.
627 1504 751 1561 oder:
268 1561 1092 1648 Der Grillparzerpreis und seine Folgen.
536 1643 845 1722 Von S. Nichtich.
210 1729 1168 1797 Frau Erna. Nelly, ihre Freundin, Witwe. Sie
224 1799 1174 1869 sitzen, Zigaretten rauchend, beim Tee beisammen.
301 1853 1172 1920 Erna: Ja, Nelly, mit dem eigenen Mann
196 1907 1188 1958 ein Liebesabenteuer haben, ihn als glühenden
212 1961 642 2024 Werber empfinden —
289 2006 1171 2068 Nelly: Nun, ich meine, als solchen hast du
208 2063 1178 2132 ihn ja doch schon einmal vor längerer Zeit kennen
207 2107 1168 2173 gelernt und empfunden. Er war ja ein genügend
210 2162 1175 2212 glühender Bräutigam, er hat doch die Brautnacht
205 2208 1178 2266 kaum erwarten können, wie du mir selbst erzählt
201 2263 322 2331 hast
305 2297 1173 2374 Erna: Ach, das war was anderes, die
209 2349 1175 2410 legitime Glut. Da ist ihm bloß die Zeit nicht
213 2408 1170 2462 genug geflogen, aber sicher war ich ihm doch und
214 2453 1178 2504 eine Brautnacht ist schließlich kein Abenteuer, es
223 2500 1057 2567 fehlt doch der Reiz der verbotenen Frucht
310 2550 1033 2612 Nelly: Und nach dem gelüstet's dir?
311 2607 1183 2664 Erna (träumerisch lüstern, sich zurücklehnend, mit
1098 2654 1176 2713 (sich
219 2651 932 2717 halbgeschlossenem Auge, hauchend): Ja
222 2706 1121 2766 rasch wieder emporrichtend, hell und klar): Aber
218 2749 997 2802 eben, mit der Garantie des Erlaubten-
305 2808 1185 2851 Nelly: So zu sagen, ein bißchen legitimierter
219 2841 1184 2915 Ehebruch. Schau, schau, das hätte ich meiner
224 2894 1179 2957 tugendsamen Freundin Erna wahrhaftig nicht zu¬
219 2952 395 3015 getraut.
314 2986 1174 3042 Erna: Was willst du haben, in jedes Einerlei
226 3039 1185 3099 und beständige Sichgleichbleiben, selbst eines un¬
235 3099 1187 3152 gestörten Glückes, schleicht sich einmal die Sehn¬
979 3135 1187 3199 — so stelle
230 3153 977 3205 sucht nach irgend einer Abwechslung
230 3186 1189 3238 ich mir's wenigstens vor, denn so ist's mir seit
225 3242 1185 3298 einiger Zeit öfters gewesen, so ein gewisser, un¬
226 3283 1190 3344 gewisser, unklarer Drang, etwas anderes zu erleben,
229 3338 1193 3389 ein unbeschreiblich ängstigendes Gefühl, vor dem
234 3383 1189 3456 ich mich eigentlich gefürchtet habe und das doch
228 3430 1192 3498 wieder so leise=wonnig schaurig war — weißt du,
233 3482 1204 3542 wie wenn sich das Kind auf einen recht mutwilligen
238 3533 1210 3609 Streich freut, bei dem man nur ja nicht von
237 3578 1168 3639 Mama ertappt werden darf, oder gar von Papa —
328 3628 1183 3700 Nelly: Das heißt hier, vom Herrn Gemahl —
334 3675 1213 3753 Erna (lebhaft): Ganz richtig, aber so, siehst
240 3730 1206 3792 du, den Herrn Gemahl wider ihn selber ein
239 3782 553 3849 bißchen foppen
335 3827 1186 3893 Nelly (lachend): Das heißt, ihn unschuldig be¬
240 3876 477 3955 trügen —
338 3910 1210 3982 Erna: Nenn's so — sich von ihm erobern
244 3968 1200 4041 lassen, oder vielmehr ihn erobern, probieren, ob
251 4021 1205 4087 man überhaupt das noch imstande ist, ob ich
242 4079 1211 4135 heute noch denselben Eindruck auf ihn =nachen
243 4128 1187 4176 könnte, wenn er mich jetzt erst im Leben träfe —
247 4165 1201 4222 ach, das war ein prächtiger Einfall von den
251 4215 1200 4273 Grillparzerpreisrichtern, Arthur Schnitzler den Preis
1301 358 1735 439 box 40/2
1250 622 1857 702 Uelly: Wohl in den Armen —
1251 686 2136 753 Erna (wieder mit der still=lüsternen Sehnsucht):
1173 733 2126 793 Ja wohl, in den Armen — (schalkhaft) — heißt,
1168 785 1842 843 wenn mir die Eroberung gelingt¬
1260 832 2129 886 Nelly: Wird's aber Oswald nicht auffallen,
1170 880 2140 932 wenn du ihn animieren willst, auf die Redoute
1170 931 1391 996 zu gehen?
1273 963 2126 1034 Erna: Ist gar nicht vonnöten — alles fügt
1185 1020 2128 1086 sich so schön von selbst — er hat mich gefragt,
1184 1075 2139 1135 ob ich was dawider habe, daß er mit ein paar
1183 1127 2137 1182 Amtskollegen irgend eine auswärtige Regierungs¬
1192 1171 2134 1243 säule, die sie hier zu Gaste haben, auf den Masken¬
1182 1226 1422 1285 ball führt —
1278 1257 2153 1332 Uelly (scherzend): Oder er hat vielleicht auch
1178 1323 1783 1388 so eine Abwechslungssehnsucht
1272 1360 2148 1440 Erna (auffahrend, scharf): Das möcht' ich ihm
1192 1417 1425 1480 nicht raten
1279 1463 1906 1544 Nelly: Oho ...! Und du?
1272 1519 2145 1597 Erna (abweisend): Das ist ganz was anderes.
1186 1572 2125 1640 Ich gehe doch nur hin, ihn dort zu suchen —
1188 1639 2089 1680 er aber tät's, nicht mich dort zu finden —
1279 1677 2143 1737 Aelly: Na, na, schon gut. Wie sophistisch wir
1189 1723 2141 1774 Frauen doch sein können, wenn es gilt, uns ein
1196 1778 2147 1825 Vorrecht herauszunehmen, das wir den Männern
1411 1893 1934 1964 Stubenmädchen kommt.
1282 1971 2152 2040 Stubenmädchen: Bitte, gnädige Frau, die
1232 2021 1656 2085 chneiderin (wieder ab).
1277 2052 2155 2140 Erna (aufstehend): Du entschuldigst einen
1198 2122 1420 2183 Augenblick.
1277 2146 2156 2225 Nelly: Ah, bringt sie schon den Domino für
1192 2219 1398 2280 morgen?
1285 2248 2154 2329 Erna: O nein, den habe ich mir bei einer
1520 2312 2151 2367 — inkognito. Man weiß nie,
1202 2310 1518 2377 fremden bestellt
1203 2368 2151 2422 wie man verraten werden kann — durch einen
1193 2400 2147 2473 bloßen Zufall nur. Und Oswald darf doch keine
1199 2465 2152 2520 Ahnung haben — ich habe auch deshalb die Farbe
1199 2504 2157 2571 gewählt, von der er weiß, daß ich sie verabscheue,
1205 2569 2150 2615 ich gehe in gelbem Domino. Nein, die Schneiderin
1203 2619 2159 2668 bringt mir nur etwas recht Uninteressantes, nur einen
1202 2656 2159 2716 Schlafrock — sonst würde ich dich einladen, mit
1199 2702 2152 2758 mir zu kommen. Du weißt, vor dir habe ich kein
1206 2760 2160 2827 Geheimnis — nicht einmal ein Toilettengeheimnis.
1297 2837 2153 2902 Uelly (schaut ihr nachdenklich nach): Ich beneide
1209 2891 2158 2952 sie eigentlich um diesen Einfall und diese Emotion,
1206 2949 2161 2999 dieses Nervenprickeln. Daß ich während meiner
1207 2984 2158 3052 ganzen fünfjährigen Ehe nie auf so was ge¬
1204 3041 2155 3103 kommen bin! Die war doch gewiß das monotonste
1204 3086 2163 3143 Einerlei. Freilich, meinen braven Mann auch erst
1216 3132 2158 3197 noch erobern zu wollen, wäre mir nie eingefallen,
1215 3195 2164 3252 ich habe ihn ja auch nie erobert. so wenig, wie er
1203 3232 2163 3292 mich, er hat mich bloß genommen. Aber, daß
1205 3284 2162 3346 ich überhaupt auf keine sonstigen Gedanken ge¬
1215 3334 2168 3393 raten bin! Und jetzt als Witwe bin ich frei und
1204 3383 2165 3441 dürfte mir manches einfallen lassen — es hat
1198 3427 2171 3493 also nicht mehr den Reiz der verbotenen Frucht
1216 3481 1741 3551 für mich! Glückliche Erna!
1501 3566 1867 3634 Oswald kommt.
1295 3627 2174 3693 Oswald: Ah, gnädige Frau, allein? Wo ist
1207 3684 1374 3746 Erna?
1302 3715 2171 3795 Uelly: Frauenberufsgeschäfte — sie hat mit
1215 3775 2177 3830 der Schneiderin zu verhandeln. Aber ich bin froh,
1211 3826 2167 3877 daß wir einen Moment allein sind, ich hätte
1208 3878 2166 3937 Ihnen sonst fast ein Rendezvous geben müssen.
1306 3933 2175 3987 Oswald: Mir, gnädige Frau? Dann gehe
1226 3989 2046 4066 ich lieber und lasse es darauf ankommen.
1315 4039 2161 4094 Uelly: Bemühen Sie sich nicht mit galanten
1218 4074 2159 4147 Floskeln, Sie unverbesserlichster aller treuen Ehr
1228 4132 2180 4212 männer — die Sache betrifft Erna selbst. Ich
1230 4183 2110 4251 muß Ihnen ein Geheimnis von ihr verraten.
1311 4227 2128 4283 Oowald (leicht erschreckend): Doch nichts
2230 611 3121 685 Oswald (sieht sie ratlos an): Ich verstehe wirklich
2146 677 3118 733 nicht. Will mich die boshafte Frau hier (auf sie
2159 726 3115 779 deutend) noch vor der Redoute intriquieren? — aber
2143 773 3122 836 ich bin ein sehr ungeschicktes Objekt für solche
2147 822 3119 880 Maskenscherze. Mich quält man nur ganz ernstlich
2158 871 2288 932 damit.
2241 907 3140 967 Aely (stellt sich lachend vor ihn hin): Was für.
2164 967 3125 1017 ein jammervolles Gesicht er dabei macht. So ein
2151 1016 3119 1067 treuer Ehemann ist doch wirklich manchmal eine
2159 1066 3125 1119 mitleiderregende Figur. Ich will denn auch barm¬
2158 1120 3125 1176 herzig sein und Sie nicht länger zappeln lassen.
2163 1165 3135 1231 Wissen Sie also, auf wessen Eroberung Erna
2166 1216 2364 1276 ausgeht?
2260 1246 3088 1317 Oswald: Sie foltern mich ja noch immer —
2236 1313 3128 1362 Uelll (ihm mit dem Finger auf die Brust deutend):
2161 1358 2856 1420 Sie zu erobern, zieht sie ins Feld.
2254 1401 3141 1481 Ogwald: Mich? Jetzt verstehe ich erst recht
2157 1457 2265 1524 nicht
2251 1495 3075 1566 Uelly: Es ist doch so einfach verständlich —
2163 1564 3121 1610 wie eine Frau, die gerne in einem modernen
2162 1611 3129 1659 Problemenstück mitspielen möchte. Sie will sich
2172 1649 3134 1723 überzeugen, ob sie noch imstande wäre, ihren
2171 1705 3138 1760 Gatten zum zweitenmale — dranzukriegen, ihn an
2175 1754 3121 1814 sich zu ziehen, auch wenn die Macht der Herzens¬
2167 1803 3130 1862 gewohnheit, die so einen Mustergatten doch jeden
2163 1844 3134 1911 Tag von neuem zu der geliebten Gattin hinzieht,
2164 1910 3136 1964 nicht dabei mitwirkt. Sie will, so zu sagen, mit
2175 1947 3125 2006 sich selber konkurrieren, um zu sehen, ob sie im¬
2175 1995 3143 2066 stande wäre, sich bei Ihnen auszustechen, wenn's
2168 2040 3139 2119 auch nur für eine Stunde wäre, für eine „schwache
2167 2096 2340 2156 Stunde“
2254 2128 3143 2200 Oswald (lachend): Das ist mal wieder eine
2164 2189 3140 2258 Idee! Zu verrückt! Das ist ja noch toller, als
2174 2231 3139 2305 wenn's die Eifersucht wäre. Maskieren will sie
2178 2295 3143 2354 sich vor mir? nicht das Gesicht bloß — meinet¬
2179 2332 3145 2391 wegen, das mag sein, und es wäre möglich, daß
2166 2382 3149 2447 ich sie wirklich nicht erkenne, wenn sie genug
2182 2445 3141 2496 Schauspielerin dazu ist — aber ihr inneres Selbst
2180 2491 3148 2543 will sie auch maskiren und das, meint sie, würde
2175 2528 3151 2601 ich nicht erkennen? Und wenn eine andere dieselbe
2180 2583 3137 2638 Figur, dieselben Bewegungen, den nämlichen Ton
2181 2631 3148 2692 hätte — auf die ersten Worte würde ich heraus¬
2178 2689 3146 2740 hören und herausfühlen, daß es nicht Erna ist.
2182 2727 3148 2797 Es gibt ja keine zweite Erna mehr, sie atmet
2171 2776 2945 2849 ihr und nur ihr eigenes Seelenparfüm
2261 2820 3138 2887 Uelly (ihn etwas brüsk unterbrechend): Dann
2175 2871 3148 2932 brauchte ich Ihnen eigentlich auch nicht weiter zu
2191 2926 3114 2985 verraten, daß sie im gelben Domino sein wird —
2174 2972 3161 3025 die Farbe, die sie nicht ausstehen kann, nur, damit
2181 3020 3145 3088 Sie sie ja nicht erkennen sollen — aber freilich, der
2187 3065 3147 3131 unfehlbare Seelenparfüm. — Indessen, wenn doch
2179 3116 3145 3188 vielleicht nicht gar so untrüglich, so können Sie
2183 3166 3149 3236 sich doch wenigstens an die Farbe halten — Erna
2182 3229 3159 3276 wäre ja untröstlich, wenn ihr die Eroberung
2184 3266 2757 3335 ihres Gemahls mißlänge —
2269 3304 3152 3374 Yowald: Jedenfalls danke ich Ihnen herzlichst,
2184 3364 3145 3427 gnädige Frau. Denn, aufrichtig gesagt, ich habe
2193 3405 3151 3479 wirklich gefürchtet, mich auf dieser Redoute schauder¬
2172 3460 3152 3519 haft zu langweilen — aber nun hat sie doch
2169 3507 3152 3579 einen wonnigen Inhalt bekommen, ich werde mit
2179 3570 3157 3622 meiner Erna ein Liebesabenteuer haben — ich
2184 3599 3141 3667 werde der legitime Liebhaber meiner Frau sein!
2174 3650 3160 3725 Und damit verschwinde ich; Erna braucht nicht
2184 3717 3153 3768 zu ahnen, daß wir miteinander gesprochen haben.
2182 3760 2759 3814 (Küßt Nelly die Hand und geht.)
2275 3782 3152 3858 Aelly (allein): Wie impertinent so ein verliebter
2188 3852 3149 3910 Ehemann gegen andere Frauen sein kann. Provo¬
2191 3892 3143 3958 zierend geradezu! „Es gibt nur eine einzige Erna.“
2176 3937 3159 4035 Na, warte — es gibt doch nicht auch bloß einen
2189 3983 3161 4051 einzigen gelben Domino. Wuchs und Stimme haben
2172 4028 3153 4116 wir ziemlich gleich — man hat uns oft genug für
2192 4083 3159 4153 Schwestern gehalten — na, und das bißchen
2197 4140 3161 4198 „Seelenparsüm“ wird auch zur Not zu beschaffen
2182 4179 3164 4255 sein. (Mit ähnlichem lüsternen Sinnen, wie Erna vorher.)
2466 4231 3158 4277 ig so was wie den Reiz der verbo¬
2207 4239 2403 4302 Da hatte
