3392 4384
1273 308 1735 395 box 40/2
211 297 1119 392 Grillnarzer-Preis
1104 1195 1487 1272 Telephon 12801.
348 1278 414 1349 6
330 1345 408 1417 9
398 1356 607 1441 MMMubn
584 1346 856 1448 AH
856 1361 1460 1449 Kneeunven
332 1402 408 1454 1
330 1448 1475 1504 6 l. österr. behördl. konz. Unternehmen für Zeitungs-Ausschnitte
356 1484 418 1527 6
490 1499 1378 1590 Wien, I., Concordiaplatz 4.
714 1572 1166 1641 Vertretungen
368 1622 1482 1677 0 in Berlin, Budapest, Chicago, Christiania, Genf, Kopen¬
321 1671 1477 1728 hagen, London, Madrid, Mailand, Minneapolis, Newr-Vork,
429 1710 1449 1780 Paris, Rom, San Francisco, Stockholm, St. Petersburg.
728 1751 1130 1804 (Oaellenangabe ohne Gewah.)
314 1785 1245 1908 * Ausschnitt aus: 15 CANUAR 19
311 1897 555 1969 E vom:
537 1879 1412 2013 — Erankfurter Teitans
380 1997 1476 2108 Ir [Der Grillparzer=Preis.] Aus Wien, 16. d. M.,
327 2033 1468 2145 kwird uns geschrieben: Durch einstimmiges Urteil des Preis¬
329 2091 1467 2195 herichts ist, wie man weiß, Arthur Schnieler für seine
333 2149 1476 2227 Komödie „Zwischenspiel“ mir ###arzer¬
335 2172 1464 2248 Preis ausgezeichnet worden. Der Grillparzer=Preis ist alle
331 2207 1459 2292 drei Jahre zu verteilen für das relativ beste dramatische
324 2241 1469 2349 Werk deutscher Sprache, das im Lause des letzten Trienniums
326 2287 1459 2381 auf einer namhaften deutschen Bühne zur Aufführung gelangt
324 2320 1461 2418 und nicht schon von einer andern Seite durch einen Preis aus¬
322 2368 1452 2446 gezeichnet worden ist.“ Dreimal unter zwölf Malen, in denen
323 2397 1461 2482 es zusammentrat, hat das Preisgericht kein Werk des Preises
315 2433 1449 2533 würdig erachtet. Im Jahre 1887 ist der Preis Anzengruber
324 2475 1447 2567 zuerkannt worden; Schnitzler ist der zweite Oesterreicher, der
326 2519 1444 2599 ihn erhält. In beiden Fällen hat der Preis — Anzengruber
320 2546 1439 2657 bekam ihn für „Heimg'funden“ — mehr dem Dichter gegolten
327 2595 1447 2685 als der Dichtung. Aber der Dichter, der den „Einsamen
320 2629 1444 2718 Weg“ geschrieben hat, ist in unseren Tagen nicht minder der
318 2662 1435 2750 repräsentative Mann des österreichischen Schrifttums, als es
317 2704 1447 2803 vor zwei Jahrzehnten der Dichter des „Vierten Gebots“ war.
307 2740 1432 2824 Das Grillparzer=Preisgericht, das seit 1875 nach seiner Zu¬
304 2780 1440 2886 sammensetzung einigemal eine neue Körperschaft geworden,ist
654 2877 1441 2975 maaar d unamamen
313 2906 1438 3002 hat jedesmal, auch wenn die Wahl der ausgezeichneten Dra¬
314 2946 1443 3054 men nicht die glücklichste war, doch das künstlerische Urteil der
318 2976 1437 3084 Zeit über ihre repräsentativen Männer unparteiisch ausge¬
326 3025 1436 3134 sprochen. Dreimal ist (seit 1890) der Grillparzer=Preis Ger¬
317 3057 1439 3161 hart Hauptmann zugesprochen worden: für „Hannele“, für
315 3097 1428 3201 den „Fuhrmann Henschel“ und für den „Armen Heinrich“
309 3128 1427 3239 Zweimal, beim „Fuhrmann Henschel“ und beim „Armen Hein¬
311 3172 1429 3283 rich“ wurde das Urteil mit Einstimmigkeit gefällt, wie gestern
313 3207 1425 3319 jenes über Schnitzler. So sind die Urteile des Grillparzer¬
312 3232 1432 3342 Preisgerichts literarhistorische Merksteine. Die Preisrichter
303 3275 1426 3402 von gestern sind: Hofrat Minor (als Inhaber der Lehr¬
295 3305 1426 3441 kanzel für neuere deutsche Literatur an der Wiener Univer¬
296 3355 1419 3473 sität), Dr. Paul Schlenther (als Tirektor des Burg¬
293 3399 1410 3510 theaters), Ludwig Hevesi (als Delegierter des Wiener
275 3427 1414 3542 Schriftsteller= und Journalistenvereins „Concordia“), Prof.
272 3466 1422 3588 Dr. Eric Schmidt und Dr. Mer Burähard (als Ver¬
271 3508 1416 3630 treter des norddeutschen und des siddeutschen Schrifttums). 7
2513 1224 2911 1321 Telephon 12801.
1760 1388 1843 1452 *
1826 1396 2883 1511 Mmnmg tKeEmn
1746 1448 1835 1494 —
1756 1491 2898 1563 O l. österr. bekördl. konz. Unternehmen für Zeitungs-Ausschnitte
1764 1524 1847 1572 60
1915 1541 2796 1631 Wien, I., Concordiaplatz 4.
1747 1605 1848 1657 —
2142 1615 2572 1691 Vertretungen
1774 1669 2898 1728 0 in Berlin, Budapest, Chicago, Christiania, Genf, Kopen¬
1749 1713 2904 1780 hagen. London, Madrid, Mailand, Minncapolis, New-Vork,
1757 1758 1845 1798 0
1853 1750 2860 1832 Paris, Rom, San Francisco, Stockholm, St. Petersburg.
2172 1794 2547 1848 (Quellenangabe ohne Gewühr.)
1751 1792 1840 1835 00
1747 1828 2214 1919 2 Ausschnitt aus:
2049 1856 2907 1964 1908 Breclauer Morgen ue
1747 1905 1832 1952 130
1744 1948 1982 2008 E vom:
2180 1983 2428 2050 —.—
1754 2024 3018 2098 Wiewohl die Operette jetzt wieder stark-obenauf ist, werden die
1673 2085 2990 2127 Grillparzer= und Raimundpreise nach wie vor verteilt, als ob es die.
1685 2119 2981 2179 „besten Stücke“ nur so vom Himmel herab regnen würde. Wider
2438 2161 2972 2219 ## den Grillparzerpreis er¬
1682 2164 2978 2263 alles Erwarten hat Arthur W#uch, dem der Preis für
1676 2191 2256 2250 halten und nicht Ernst von
1675 2237 2973 2288 seine „Rabensteinerin“ schon so viel wie zugesagt war. Erst im letzten
1681 2278 2964 2330 Augenblick drehte sich die Stimmung ie Preisrichterkollegium zu¬
1670 2313 2951 2364 gunsten Schnitzlers, und zwar aus dem Grunde, weil der Name des
1671 2340 2956 2409 Wildenbruchschen Stückes einen lokalen Beigeschmack hat, der ihn
1680 2384 2953 2442 sogar schon zum Gegenstand eines Frau von Pollak=Witzes machte
1677 2425 2966 2486 Der Frau von Pollak werden bekanntlich alle möglichen Parvenü¬
1671 2473 2974 2533 Witze zugeschoben. Letzthin war großer Jour bei ihr, als gegen halb
1670 2503 2973 2557 sieben Uhr eine Dame aufstand und sich mit großem Geräusch verab¬
1676 2545 2980 2616 schiedete. „Wohin denn so eilig, liebe Freundin“ forschte Frau von
1668 2575 2974 2639 Pollak. — „Ach, meine Liebe“ erwiderte die Freundin, „ich muß
1675 2616 2968 2688 zur „Hochzeit des Figaro“. — „Aber warum nicht gar“, beschwichtigte
1677 2652 2976 2715 Frau von Pollak, „müssen Sie denn persönlich bei der Hochzeit an¬
1665 2700 2963 2751 wesend sein? Sie können ja auch telegraphieren.“ Bei einem
1666 2742 2979 2789 anderen Jour, der vor etlichen Wochen stattfand, teilte ihr eine
1672 2774 2981 2844 Freundin mit, daß sie heute zur „Rabensteinerin“ gehen wolle. „Was,
1670 2823 2983 2897 Sie gehen jetzt schon zur Rabensteinerin“, erwiderte prompt Frau
1667 2855 1921 2910 von Pollak
1959 2865 2977 2911 „der Fasching ist ja noch lange nicht da!“ Um es
1677 2903 2973 2957 kurz zu sagen, die Rabensteinerin ist die Witwe des vor zwei Jahren
1672 2939 2874 2986 verstorbenen, überaus populären Tanzmeisters Rabensteiner,
2926 2951 2974 2997 e
1677 2978 2971 3032 gemeinsam mit ihrem Sohne die Tanzschule ihres Mannes weiter
1666 3023 2966 3074 führt. Deshalb wunden über die „Rabensteinerin“ Wildenbruchs
1698 3056 2966 3104 o viel Witze gemacht, die gewiß auch dem Stücke geschadet haben,
1669 3090 2971 3153 schließlich sogar bei der Kandidatur im Preisgerichte. Wenigstens
1667 3142 2971 3191 wurde mir von sehr glaubwürdiger Seite mitgeteilt, Wildenbruchs
1670 3183 2964 3234 Rabensteinerin“ hätte die Sympathien der meisten Preisrichter ge¬
1677 3200 2972 3286 funden, bis einer in der Schlußsitzung sich erhob, noch dazu einer, der
1675 3254 2976 3313 dem Dichter ziemlich nahe steht, und in beweglichsten Worten bat,
1668 3288 2975 3350 diesmal von der Verteilung des Preises an Wildenbruch abzustehen,
1666 3333 2973 3382 da der Name des Stückes geeignet sei, in dem spottlustigen Wien die
1672 3369 2980 3431 größte Heiterkeit hervorzurufen. Die Ansicht des ängstlichen Herrn
1670 3412 2972 3452 obsiegte, und so vereinigte man sich auf Arthur Schnitzlers „Zwischen¬
1670 3444 2960 3496 spiel“ über das meines Wissens bisher noch kein Frau von Pollak¬
1670 3484 2964 3537 Witz gemacht wurde. (Wir sind im Interesse des Preisgerichts der
1664 3512 2979 3596 Ansicht, daß in Wahrheix'doch wohl litterarische Erwägungen gegen
1670 3561 2990 3642 die „Rabensteinerin“ den Ausschlag gaben, deren Krönung in keiner
1668 3601 2664 3667 Hinsicht zu rechtiertigen gewesen #ire. Die Red.)
