3392 4352
841 316 1895 395 A. Schnitzler und der Grillparzer=Preis.
906 370 940 428 „
1129 385 1599 451 Won Rudolf Hotzer in Wien.
898 436 1904 502 Im Geburtstage Franz Grillparzers, des größten Tichters,
843 489 1898 549 Aden das poctenreiche Österreich hervorbrachte, am
841 546 1892 591 15. Januar jedes dritten Jahres, soll der Grillparzer=Preis
846 573 1901 636 vergeben werden. Dem „relativ besten dramatischen Werke
847 627 1899 659 des jeweiligen Trienniums“ sagt der Stiftsbrief, wird der
843 669 1899 716 Lohn und Preis „von fünfzehnhundert Gulden ö. W. in
850 707 1905 772 Silber“ zuteil. Sein Zweck ist Anspornung zu höheren
848 741 1903 803 Aufgaben; als Bedingung gilt, daß die zu ehrende
843 803 1898 836 Dichtung „an einer namhaften deutschen Bühne“ gespielt
846 844 1902 908 und nicht schon von anderer Seite durch einen Preis aus¬
843 883 1184 932 gezeichnet wurde.
911 925 1905 987 Obwohl von einem der besten Österreicher den Namen
848 975 1895 1031 tragend, war der Grillparzer=Preis gerade für Österreicher
851 1018 1906 1049 noch schwerer zu erringen als etwa die Ehre, am Burgtheater
839 1062 1892 1101 gespielt zu werden. Der Lorbeer wird nun seit mehr als
839 1112 1888 1163 dreißig Jahren verliehen, doch bloß einmal, durch Ludwig
848 1151 1897 1188 Anzengruber, blieb er im Lande. So gewannen den Preis:
838 1197 1891 1241 1875 Wilbrandt („Gracchus, der Volkstribun“), 1884 Wilden¬
847 1241 1887 1299 bruch („Harold“), 1887 Anzengruber („Heimg'funden“),
850 1276 1889 1329 1890 Wilbrandt („Der Meister von Palmyra“), 1896, 1899
851 1329 1897 1383 Hauptmann („Hanneles Himmelfahrt", „Fuhrmann Hen¬
841 1379 1893 1433 schel"), 1902 Hartleben („Rosenmontag“), 1905 Hauptmann
840 1411 1281 1468 („Der arme Heinrich“).
908 1455 1882 1508 Heuer einigte sich der einstimmige Beschluß der Preis¬
847 1512 1886 1560 richter Hofrat Prof. Minor (für die Kaiserliche Akademie
848 1549 1890 1606 der Wissenschaften), Dr. Paul Schleuther (als Direktor des
851 1601 1889 1646 Hofburgtheaters), Ludwig Hevesi (Delegierter des Wiener
844 1642 1889 1687 Schriftsteller= und Journalistenvereins Konkordia), Prof.
850 1677 1884 1729 Erich Schmidt und Hofrat Dr. Mar Burkhard (die Vertreter
843 1723 1897 1785 des norddeutschen und des süddeutschen Schrifttums) für
849 1769 1887 1829 Artur Schnitzlers Komödie „Zwischenspiel“. Die Ehrung
843 1813 1888 1860 des Dichters ist wärmstens zu begrüßen! Sein Schaffen
839 1855 1887 1899 ist so sehr der künstlerische Ausdruck unserer Empfindungen
846 1909 1885 1957 und Kultur, daß eine offizielle Anerkennung sich endlich
848 1951 1887 1995 einstellen mußte. In Artur Schnitzler leben und pulsen
844 1992 1891 2028 die empfindsamen, feinnervigen Züge der alten kunstsinni¬
840 2041 1888 2090 gen, schicksalsreichen Kaiserstadt. Er ist ein echter Wiener,
833 2081 1889 2132 ein Sohn einer neuen Zeit, einer unablässig nach Schön¬
835 2120 1896 2181 heit suchenden Sehnsucht. In Schnitzler gehen die Züge
844 2166 1890 2217 der jungen Wiener Kultur ineinander: Innigkeit und
840 2209 1886 2263 Leichtlebigkeit, Ironie und Gemütstiefe, Weltflucht und
843 2255 1890 2315 Weltmann, Raffinement und Vorstadtlyrik, Grillparzer
839 2301 1898 2354 und die mondänen Franzosen Erotik und Tod. Man
847 2340 1891 2386 glaube aber ja nicht, daß er in Wien dominiere; außer¬
849 2387 1895 2445 halb literarischer Kreise wird er hier fast nicht gekannt,
837 2431 1886 2484 er ist keine lokale Größe. Im Gegenteil. In Deutsch¬
838 2476 1899 2540 land hat er sein Publikum, in Wien nur einen Kreis von
846 2512 1037 2573 Schätzern.
903 2564 1891 2613 Artur Schnitzler wurde am 15. Mai 1862 zu Wien als
832 2599 1896 2656 Sohn des berühmten Laryngologen Prof. Johann Schnitzler
847 2654 1899 2712 geboren. Er ist praktischer Arzt, lebt aber fast völlig seinen
843 2696 1897 2740 literarischen Arbeiten. Mit dem Einakterzyklus „Anatol“
838 2736 1895 2799 trat er 1893 vor die breitere Offentlichkeit. Er war sofort,
835 2787 1892 2846 der er heute ist. Welt und Weltanschauung ruhen in dieser
836 2834 1901 2891 eleganten Literatur. Die positive Kritik mag finden, diese
836 2874 1890 2929 Welt entbehre einer Anschauung wie jeglicher Tiefe. Eine
838 2913 1894 2966 derartig schulmäßige Kritik irrt dann; sie irrt, weil sie
842 2967 1889 3018 nicht fühlt. Schnitzlers Dichten ist Phantasie gewordenes,
833 3002 1890 3053 Gefühl. Im „Anatol“ tat sich diese merkwürdig mollige,
839 3044 1888 3090 sentimentalische, tiefsinnige und wieder auch frivole, ober¬
847 3094 1887 3134 flächliche Welt künstlerisch fertig auf. Anatol ist der
840 3141 1891 3188 Typus des blasierten, künstlerisch veranlagten, gänzlich
841 3182 1894 3221 untätigen jungen Wieners um 1890. Ein Buch, das ja
847 3213 1894 3283 wirklich ein überspitzter, dandyhafter geistiger Enkel des
845 3266 1893 3319 Herrn Hofrats Grillparzer gedichtet haben könnte. Der
838 3297 1886 3359 leichtsinnige Anatol hieß früher Jaromir, Naukleros, Her¬
845 3359 1895 3425 zog Otto; wienerische Melancholiker sind sie alle. Einst
837 3396 1016 3452 wie jetzt.
896 3451 1894 3490 Das Schauspiel „Liebelei“ brachte Schnitzler den
837 3481 1891 3551 stärksten Theatererfolg. Wieder steht ein junger Lebe¬
837 3543 1895 3594 mann, der das Dasein nicht eigentlich achtet, seine Schön¬
836 3570 1895 3628 heiten aber mit brennender Sehnsucht genießt, im Mittel¬
840 3627 1890 3674 punkt. Einen Begriff hat dieses Stück aus Licht gebracht,
839 3670 1890 3729 den man dann leichtfertig als Marke für den Dichter ge¬
842 3707 1883 3772 brauchte: er galt als Verherrlicher des „süßen Mädels“
839 3753 1899 3792 und vergaß dabei, daß jene so ungemein echte Gestalt,
834 3795 1893 3876 die Christin', eine klassische Schwester in dem Faustschen
843 3835 1108 3899 Gretchen hat.
891 3889 1891 3951 Eine Novelle, „Sterben“, schildert mit genialer Wahr¬
839 3930 1882 3994 haftigkeit den Todeskampf und die Todesfurcht eines un¬
839 3981 1883 4034 rettbaren Kranken. „Freiwild“ setzte das Thema des Schau¬
839 4019 1894 4066 spiels „Das Märchen“ fort. Das waren Werke des jungen
846 4065 1901 4126 Schnitzler, der Zierde des sog. „Jung=Wien“. Es entstand
838 4107 1887 4173 der sinnige, an Fragen des Frauenherzens reiche Schleier
2348 134 2415 218 *
2308 264 2545 321 #
2268 886 2623 967 Artur Schnitzler.
1919 1039 2957 1115 der Veatrice“ eine Dichtung von prachtvollen Schönheiten.
1918 1106 2961 1150 „Der grüne Katadu“ zeigte ihn auf der Höhe dramatischer
1915 1148 2564 1199 Kunst, divinatorischer Vildnerkraft.
1981 1187 2963 1236 Heute nun ziert den früher feuilletonistisch stilisierten
1923 1226 2968 1291 Dichterkopf keine mehr so sorgfältig gepflegte Locke. Auch
1914 1273 2972 1336 Schnitzler wurde Hausvater, zog weg von der großen
1920 1316 2963 1364 Stadt, hinaus auf die lichte Hügelreihe, von wo aus der
1916 1370 2970 1421 Blick das Häusermeer gewahrt. Reine Waldluft vom
1914 1412 2966 1452 nahen Gebirge! Er wird nicht viel gesehen in Wien, und
1910 1449 2967 1510 wer es nicht weiß, der fühlt aus seinen letzten Dichtungen
1915 1492 2963 1555 die Poesie und Herrlichkeit köstlicher, seliger Einsamkeit
1921 1536 2959 1585 strömen. Der Schnitzler von heute wird vom Drang ins
1913 1587 2966 1632 Dunkle, Antwortlose erfüllt. Der Tod ist sein tönendes
1910 1630 2966 1670 Grundmotiv; in dieser Vorliebe, diesem Grübeln nach dem
1915 1677 2962 1716 andern Leben ruht vielleicht ein künstlerisch gebändigtes
1909 1723 2962 1764 Grauen vor dem Tod. Aus dem Lebejüngling Anatol
1913 1765 2954 1817 ward ein nachdenklicher, sehnsüchtiger Lebenskünstler.
1915 1804 2949 1861 Fragen an Leben und Tod wurden so die „Lebendigen
1911 1846 2967 1905 Stunden“; „Der einsame Weg“, „Der Ruf des Lebens“
1979 1893 2956 1943 Eine bange Frage, eine künstlerische Befreiung einer
1917 1941 2965 1978 zweifelnden Seele ist auch das „Zwischenspiel“. Das Pro¬
1910 1975 2950 2036 blem einer brüchigen Ehe erfährt darin eine virtnose Durch¬
1914 2027 2967 2079 führung. Seine abstrakten Diskussionen und psychologi¬
1923 2066 2966 2117 schen Delikatessen entsprechen aber allerdings nicht den
1918 2115 2761 2173 Anforderungen der landläufigen Dramaturgie.
