3392 4352
1291 283 1733 379 box 40/2
229 299 1123 393 GrIIIbarZeE-PreIs
1096 950 1428 1035 Telephon 128
418 1108 1479 1224 LinRRrnferkk ensnung
320 1136 403 1210 2
343 1213 1479 1268 E l. österr. behördl. konz. Unternehmen für Zeitungs-Ausschnitte
495 1256 1383 1353 Wien, I., Concordiaplatz 4.
715 1333 1155 1404 Vertretungen
340 1380 1475 1457 0 in Berlin, Budapest, Chicago, Christiania, Genf, Kopen¬
316 1434 1482 1486 hagen, London, Madrid, Mailand, Minncapolis, New-Vork,
436 1471 1441 1525 Paris, Rom, San Francisco, Stockholm, St. Petersburg.
736 1512 1136 1556 (Uuelienangabe ohne Gewahr.)
350 1547 1588 1660 § Ausschnitt aus: Nebe Züricher Zeitung
329 1636 865 1726 E vom: 18 M. 10 0
686 1756 1112 1825 Kleine Chronik.
497 1819 1380 1861 — Wien. Dem „Berliner Börsencourier“ wird ge¬
401 1851 1391 1923 schrieben: Die Grillvarzerpreis=Frage schwankte
411 1902 1388 1952 lange zwischen Wildenbruch und Schönherr; schließlich
1268 1954 1387 1995 HIR•
411 1953 1363 2010 einigte sich die Inry einhellig auf AringSammn
413 1993 1367 2055 ler. Den 5000 Kronen=Preis erhielt 1992 Hauptmant
414 2035 1394 2099 -Kortieben; von Oesterreichern bisher nur Anzen¬
415 2075 1410 2144 gruber. Es lagen 94 Stücke der Jury vor. Schnitler
417 2127 1391 2189 habe die überraschend kommende Verleihung in höchstes
407 2169 1385 2217 Erstannen versetzt. Wenn überhaupt, so hätte egher
410 2216 1386 2266 den „Ruf des Lebens“ oder den „Einsamen Ag= für
406 2258 782 2320 preiswert gehalten.
521 2296 1382 2359 Durch die beabsichtigte Erhöhung des Nildammes
400 2361 1390 2427 bei Assnan gehen mit dem berühmten Tempel von
409 2406 1387 2452 Philae — wir haben seinerzeit die Schilderung Lols
399 2444 1397 2505 unsern Lesern mitgeteilt — fünszehn Tempel infolge
405 2492 1383 2539 Ueberflutung für die Wissenschaft verloren. Die Ge¬
402 2537 1395 2588 lehrtenschaft von Frankreich, England und Nordamerika
405 2582 1394 2629 hat bereits Grabungen, sowie die kopographische und ?
405 2618 1387 2683 architektonische Aufnahme der Tempel in die Wege ge¬
408 2656 1387 2722 leitet; die Akademie der Wissenschaften in Berlin hat
412 2694 1388 2772 sich dagegen die Aufgabe gestellt, die in den fünfzehn
399 2761 1380 2800 Tempeln vorhandenen Inschriften für die Nachwelt in
406 2804 1391 2859 Abklatschen und Photographien zu retten. Zu diesem
406 2845 1391 2893 Zwecke soll eine Expedition nach Aegypten entsandt
400 2890 1382 2943 werden. Die hierdurch entstehenden Kosten sind auf
407 2934 1380 2983 46 900 Mk. verauschlagt, die aus Mitteln der Akademie
402 2971 1389 3019 nicht gedeckt werden können; der preußische Staat soll
389 3017 1414 3089 deshalb in die Lücke treten; eine erste Rate von 30,000 Mk.)
387 3062 1237 3142 wird bereits für des Etatjahr 1908 gefordert.
2460 1365 2845 1442 Telephon 12801.
2578 1413 2689 1456 ———
1701 1528 2818 1633 — Mhrth KErrsgtnnng
1702 1626 2846 1691 O l. österr. behördi. konz. Unternehmen für Zeitungs-Ausschnitte
1704 1658 1765 1703 00
1859 1674 2737 1771 Wien, I., Concordiaplatz 4.
2089 1742 2520 1809 Vertretungen
1740 1802 2830 1868 in Berlin, Budapest, Chicago, Christiania, Genf, Kopen¬
1676 1854 2841 1905 F hagen, London, Madrid, Mailand, Minneapolis, New-Vork,
1799 1886 2803 1954 Paris, Rom, San Francisco, Stockholm, St. Petersburg.
2101 1927 2486 1976 (Quellenangabe ohne Gewühr.)
1706 1961 2826 2070 * Ausschnitt Strassbürger Pöst
1693 2037 1767 2083 220
1677 2078 1908 2139 E vom:
2048 2052 2575 2156 13 Janban 1908
1690 2162 2886 2225 * Die diesjährige Verleihung des Grillparzerpreises an den
1646 2213 2885 2270 Wiener Dichter Arthur Schnitzler ist vom Preisgericht — dem die
1645 2270 2884 2316 Herren Professor Minen=Burgrhentekdkrektor Dr. Schleuther, Hofrat
1649 2291 2882 2350 Dr. Burckhardt, Ludwig Hervesi und Professor Erich Schmidt ange¬
1654 2331 2850 2391 hörten — einstimmig beschlossen worden. Der Preis, der nach je
1658 2370 2892 2431 3 Jahren, immer am 15. Jannar, Grillparzers Geburtstag, vergeben
1649 2406 2888 2466 wird, beläuft sich auf 5000 Kronen. Das preisgekrönte Schnitzlersche
1653 2445 2879 2510 Drama „Zwischenspiel“ ist außer an der Wiener Burg nur an
1654 2483 2886 2557 wenigen Theatern aufgeführt worden und hat keinen großen Bühnen¬
1661 2511 2887 2585 erfolg gehabt. Zur Prüfung waren dem Preisgerichte 94 dramatische
1653 2554 2890 2622 Werke vorgelegen; in der engeren Wahl befanden sich neben dem
1662 2602 2889 2669 „Zwischenspiel“, Wildenbruchs „Rabensteinerin" und des Tiroler
1658 2647 2890 2701 Dichters Karl Schönherr „Familie.“ Die beiden vorhergehenden Male!
1650 2669 2889 2740 waren Gerhart Hauptmanns Drama „Der arme Heinrich“ und Otto
1655 2727 2883 2785 Erich Hartlebens „Rosenmontag“ preisgekrönt worden. Hauptmann
1665 2758 2878 2822 war bereits früher zweimal, 1899 für den „Fuhrmnann Heuschel“ und
1654 2808 2879 2853 1896 für „Hannele“, ausgezeichnet worden. Wildenbruch erhielt 1885
1648 2837 2880 2890 den Preis für sein Trauerspiel „Harold“, zweimal erhielt ihn Wil¬
1664 2883 2879 2932 brandt („Gracchus, der Volkstribun“ und „Der Meister von Palmyra“),
1668 2918 2909 2994 und einmal Anzengruber (im Jahre 1887 für die Weihnachtskomödie —
1668 2966 1982 3038 Heimg'sunden").
