3344 4320
118 265 1154 367 . Grillparzer-Preis
145 1408 1050 1595 Eheater und Kinnst.
204 1568 1099 1668 Verleihung des Grillparzer-Preises an
425 1635 895 1734 Artur Schnitzler.
181 1702 1125 1777 Heute um halb 2 Uhr nachmittags fand die
152 1755 1125 1819 Schlußsitzung des Preisrichterkollegiums für die
156 1806 1124 1867 Verleihung des Grillparzer=Preises statt. Nach
152 1848 1122 1897 kurzer Debatte wurde der Preis Artur Schnitz¬
160 1894 1128 1950 ler für seine Komödie „Zwischenspiel“
160 1939 1128 2008 zuerkannt. Das Stück ist zum erstenmal am
151 1971 1119 2044 12. Oktober 1905 und zuletzt am 6. September
153 2030 1117 2086 1907 am Burgtheater aufgeführt worden. Im
158 2068 1118 2145 ganzen wurde das Stuck am Burgtheater
151 2108 570 2169 U7mal aufgeführt.
183 2146 1119 2217 Diese Entscheidung kommt um so überraschen¬
146 2209 1121 2265 der, als bis vor kurzem noch Wildenbruch
145 2255 1123 2314 mit der „Rabenstei erin“ als der sichere
151 2301 1124 2363 Preisträger galt. Aber der Vorschlag konnte
152 2342 1124 2396 nicht die absolute Majorität der Preisrichter fin¬
156 2384 1124 2451 den. Man gab dabei vielleicht auch der Erwägung
159 2432 1118 2488 Raum, daß der Preis nun schon viermal nach
151 2476 1126 2525 Deutschland gegangen ist. Dreimal bekam ihn
145 2515 1133 2588 Verhart Hauptmann für seine Stücke „Der
153 2566 1009 2628 arme Heinrich" „Hannele“
1000 2561 1130 2619 und
147 2583 1124 2667 „Fuhrmann Henschel“, und einmal Otto
146 2640 1119 2717 Erich Hartleben für seine Offizierstragödie
151 2694 1116 2752 „Rosenmontag“. Als nun offenbar wurde,
145 2738 1125 2790 daß Wildenbruch die Majorität nicht er¬
147 2777 1124 2840 langen könne, proponierte Burgtheater¬
150 2825 1122 2874 direktor Dr. Schlenther die Verlei¬
154 2869 1117 2926 hung des Preises an Schönherr für
149 2910 1117 2972 dessen Schauspiel „Familie“ Doch auch dieser
152 2945 1122 2998 Vorschlag stieß auf Gegnerschaften, und die Be¬
145 2999 1122 3059 mütungen des Dr. Schlenther blieben ohne Er¬
147 3052 1127 3108 folg. Nun machte der Vorsitzende des Kollegiums
149 3098 1127 3149 PProf. Jakob Minor den Vorschlag, den Grill¬
142 3135 1129 3191 parzer=Preis Artur Schnitzler für dessen mit
141 3178 785 3238 Erfolg gegebene Komödie
808 3179 1129 3240 „Zwischen¬
148 3222 1113 3283 sspiel“ zu verleihen. Und auf diesen Vorschlag
151 3271 711 3333 leinigte man sich schließlich.
179 3299 1128 3363 In der heute nachmittags stattgehabten
143 3359 1120 3426 Sitzung wurde zunächst das Referat erstattet und
152 3395 1121 3481 darauf verwiesen, das der Grillparzer=Preis
1287 231 1757 340 box 40/2
1869 1427 2044 1492 S
1115 1477 3085 1572 nach der Bestimmung des Dichters für das Jahren zur Aufführung gelangte, daher auch
1130 1520 2103 1585 relativ beste deutsche dramatische Werk ausgesetzt
2104 1536 3080 1609 nicht für den Grillparzer=Preis in Betracht
1144 1567 2105 1632 ist, das im Laufe der letzten drei Jahre auf einer
2104 1574 2463 1634 kommen konnte.“
1144 1622 2110 1676 namhaften deutschen Bühne zur Aufführung ge¬
2153 1609 3075 1682 Schnitzler, dessen Gemahlin kürzlich eine
1135 1655 2103 1719 langt ist und nicht schon von einer anderen Seite
2107 1663 3068 1731 heftige Scharlacherkrankung überstanden hat,
1137 1703 2102 1753 durch einen Preis ausgezeichnet worden ist. Un¬
2104 1709 3079 1762 befaßt sich gegenwärtig mit der Korrektur seines
1125 1745 2103 1799 mittelbar danach erfolgte die Abstimmung, und
2099 1754 3077 1813 neuen Romans „Der Wegins Freie“ und
1128 1795 2091 1845 diese ergab ein einhelliges Votum für
2103 1786 3086 1883 mit mehreren dramatischen Arbeiten, von denen
1123 1830 1505 1894 Artur Schnitzler.
2108 1849 3083 1920 die eine oder andere der Vollenduna nahe ist.
1169 1854 2103 1940 Der Grillparzer==Preis beträgt bekanntlich
2102 1885 3072 1968 Diese Arbeiten behandeln teils phantastische,
1135 1920 2105 1971 5000 Kronen. Das Preisgericht besteht aus den
2108 1937 2587 1986 teils moderne Stoffe.
1137 1964 2100 2022 Herren Prof. Dr. Minor, Direktor Dr.
2150 1964 3072 2045 Beim Abschied erklärte Schnitzler nochmals,
1134 2010 2088 2067 Schlenther, Hofrat Dr. Burckhardt,
2112 2010 3083 2087 daß er nie daran gedacht hätte, daß ihm der
1137 2051 2092 2124 Schriftsteller Ludwig Hevesi und Prof. Erich
2103 2068 3073 2134 Grillparzer=Preis verliehen werden würde, da
1127 2096 1609 2157 Schmidt in Berlin.
2099 2099 3074 2159 er sich für einen Outsider gehalten habe, daß er
1180 2133 2100 2201 Der Grillparzer=Preis, der nun viermal nach
2101 2156 3089 2237 aber selbsiverständlich von der Verleihung auf
1139 2163 2099 2231 Deutschland gewandert ist, bleibt diesmal in
2107 2195 2771 2250 das angenehmste überrascht sei.
1131 2215 2117 2304 Oesterreich. Im ganzen standen 94 Bühnenwerkei
1133 2265 1448 2327 in Konkurrenz.
1181 2291 2117 2360 Schnitzler ist der zweite österreichische Dichter,
1122 2357 2123 2412 der den Grillparzer=Preis bekommen hat. Bis¬
1128 2401 2110 2454 her hat ihn nur Anzengruber im Jahre
1129 2449 2117 2524 1887, und zwar für sein Drama „Heimg'fun¬
1132 2470 1461 2553 den“, erhalten.
1321 2535 1917 2608 Aeußerungen Schnitzlers.
1164 2586 2103 2656 Einer unserer Redakteure überbrachte dem
1134 2641 2107 2709 Dichter die Nachricht von der Preisverleihung
1125 2694 2015 2773 und beglückwünschte ihn aus diesem Anlasse.
1575 2738 1631 2777 P
1181 2755 2107 2808 „Sie setzen mich,“ errlärte Schnitzler, „in das
1133 2779 2115 2861 höchste Erstaunen. Ich hätte nicht geglaubt, daß
1124 2834 2111 2890 der Preis mir verliehen werden würde. Es
1132 2874 2112 2940 kamen doch so viele Stücke hierfür in Betracht.
1945 2918 1994 2951 7
1131 2923 2106 2975 Zum Beispiel „Oedipus und die Sphinx“, von
2005 2956 2094 2996 In
1130 2974 2105 3025 Hofmannsthal, dann „Und Pippa tanzt“,
1133 3008 2098 3056 von Hauptmann. Die „Raben¬
1133 3033 2111 3111 steinerin“ von der es hieß, daß sie mit dem
1126 3093 2108 3152 Preise bedacht werden würde, habe ich leider noch
1137 3141 2100 3190 nicht gesehen. Von meinen Stücken, die für die
1133 3182 2111 3249 Preisverleihung in Betracht kommen konnten,
1130 3230 2108 3291 hätte ich „Ruf des Lebens als das aus¬
1135 3270 1993 3336 sichtsvollere betrachtet, wenngleich
1983 3274 2113 3328 der
1132 3314 2100 3373 Bühnenerfolg des Stückes kein so starker war.
1123 3359 2105 3417 Noch höher schätze ich den „Einsamen Weg“!
1120 3396 2139 3481 ein, der allerdings nicht in den letzten drei!
