3436 4352
411 188 586 253 TESE
377 282 588 362 Datum:
452 413 1515 512 A. Schnitzler und der Grillparzer=Preis.
757 491 1229 570 Von Rudolf Holzer in Wien.
463 561 1510 632 Um Geburtstage Franz Grillparzers, des größten Dichters
458 616 1514 666 Aden das poetenreiche Österreich hervorbrachte, am
457 650 1525 699 15. Januar jedes dritten Jahres, soll der Grillparzer=Preis
453 699 1523 748 vergeben werden. Dem „relativ besten dramatischen Werke
453 744 1517 808 des jeweiligen Trienniums“ sagt der Stiftsbrief, wird der
465 789 1521 834 Lohn und Preis „von fünfzehnhundert Gulden ö. W. in
458 826 1526 888 Silber“ zuteil. Sein Zweck ist Anspornung zu höheren
458 868 1527 915 Aufgaben; als Bedingung gilt, daß die zu ehrende
467 917 1529 970 Dichtung „an einer namhaften deutschen Bühne“ gespielt
458 962 1528 1004 und nicht schon von anderer Seite durch einen Preis aus¬
464 1012 801 1078 gezeichnet wurde.
526 1041 1530 1097 Obwohl von einem der besten Österreicher den Namen
472 1091 1526 1143 tragend, war der Grillparzer=Preis gerade für Österreicher
462 1140 1525 1180 noch schwerer zu erringen als etwa die Ehre, am Burgtheater
465 1201 1525 1235 gespielt zu werden. Der Lorbeer wird nun seit mehr als
464 1225 1519 1285 dreißig Jahren verliehen, doch bloß einmal, durch Ludwig
473 1271 1516 1316 Anzengruber, blieb er im Lande. So gewannen den Preis:
464 1326 1521 1365 1875 Wilbrandt („Gracchus, der Volkstribun“), 1884 Wilden¬
473 1361 1517 1409 bruch („Harold“), 1887 Anzengruber („Heimg'funden"),
458 1403 1521 1460 1890 Wilbrandt („Der Meister von Palmyra“), 1896, 1899
461 1453 1519 1500 Hauptmann („Hanneles Himmelfahrt", „Fuhrmann Hen¬
460 1488 1526 1546 schel"), 1902 Hartleben („Rosenmontag“), 1905 Hauptmann
467 1532 917 1598 („Der arme Heinrich").
520 1552 1519 1638 Heuer einigte sich der einstimmige Beschluß der Preis¬
461 1620 1528 1669 richter Hofrat Prof. Minor (für die Kaiserliche Akademie
469 1679 1527 1728 der Wissenschaften), Dr. Paul Schleuther (als Direktor des
467 1722 1524 1771 Hofburgtheaters), Ludwig Hevesi (Delegierter des Wiener
468 1760 1520 1811 Schriftsteller= und Journalistenvereins Konkordia), Prof.
464 1797 1532 1849 Erich Schmidt und Hofrat Dr. Mar Burthard (die Vertreter
469 1843 1527 1897 des norddeutschen und des süddeutschen Schrifttums) für
466 1885 1534 1944 Artur Schnitzlers Komödie „Zwischenspiel“. Die Ehrung
464 1935 1528 1983 des Dichters ist wärmstens zu begrüßen! Sein Schaffen
474 1972 1541 2040 ist so sehr der künstlerische Ausdruck unserer Empfindungen
464 2021 1527 2075 und Kultur, daß eine offizielle Anerkennung sich endlich
466 2066 1525 2109 einstellen mußte. In Artur Schnitzler leben und pulsen
469 2107 1524 2159 die empfindsamen, feinnervigen Züge der alten kunstsinni¬
477 2158 1528 2208 gen, schicksalsreichen Kaiserstadt. Er ist ein echter Wiener,
468 2193 1531 2245 ein Sohn einer neuen Zeit, einer unablässig nach Schön¬
467 2234 1525 2295 heit suchenden Sehnsucht. In Schnitzler gehen die Züge
483 2281 1535 2336 der jungen Wiener Kultur ineinander: Junigkeit und
484 2328 1547 2376 Leichtlebigkeit, Ironie und Gemütstiefe, Weltflucht und
478 2370 1532 2426 Weltmann, Raffinement und Vorstadtlyrik, Grillparzer
478 2411 1546 2475 und die mondänen Franzosen, Erotik und Tod. Man
476 2458 1534 2517 glaube aber ja nicht, daß er in Wien dominiere; außer¬
477 2508 1545 2560 halb literarischer Kreise wird er hier fast nicht gekannt,
470 2548 1538 2584 er ist keine lokale Größe. Im Gegenteil. In Deutsch¬
472 2584 1547 2661 land hat er sein Publikum, in Wien nur einen Kreis von
476 2636 690 2693 Schätzern.
533 2663 1546 2737 Artur Schnitzler wurde am 15. Mai 1862 zu Wien als
471 2738 1546 2777 Sohn des berühmten Laryngologen Prof. Johann Schnitzler
481 2765 1551 2817 geboren. Er ist praktischer Arzt, lebt aber fast völlig seinen
470 2811 1545 2878 Aliterarischen Arbeiten. Mit dem Einakterzyllus Anatol“
472 2854 1535 2906 trat er 1893 vor die breitere Offentlichkeit. Er war sofort,
478 2904 1542 2951 der er heute ist. Welt und Weltanschanung ruhen in dieser
476 2944 1549 3002 eleganten Literatur. Die positive Kritik mag finden, diese
487 2981 1548 3041 Welt entbehre einer Anschanung wie jeglicher Tiefe. Eine
480 3027 1551 3068 derartig schulmäßige Kritik irrt dann; sie irrt, weil sie
490 3070 1557 3128 nicht fühlt. Schnitzlers Dichten ist Phantasie gewordenes
480 3114 1542 3162 Gefühl. Im Anatol“ tat sich diese merkwürdig mollige,
486 3157 1547 3213 sentimentalische, tiefsinnige und wieder auch frivole, ober¬
495 3205 1555 3262 flächliche Welt künstlerisch fertig auf. Anatol ist der
482 3247 1550 3288 Typus des blasierten, künstlerisch veranlagten, gänzlich
495 3297 1548 3331 untätigen jungen Wieners um 1890. Ein Buch, das ja
484 3333 1554 3395 wirklich ein überspitzter, dandyhafter geistiger Entel des
495 3379 1554 3435 Herrn Hofrats Grillparzer gedichtet haben könnte. Der
493 3436 1550 3476 leichtsinnige Anatol hieß früher Jaromir, Naukleros, Her¬
488 3467 1555 3547 zog Otto; wienerische Melancholiker sind sie alle. Einst
492 3516 686 3578 wie jetzt.
555 3529 1554 3615 Das Schauspiel „Liebelei“ brachte Schnitzler den
489 3605 1553 3654 stärksten Theatererfolg. Wieder steht ein junger Lebe¬
485 3647 1548 3694 mane, der das Dasein nicht eigentlich achtet, seine Schön¬
491 3699 1557 3745 heiten aber mit brennender Sehnsucht genießt, im Mittel¬
485 3732 1551 3781 punkt. Einen Begriff hat dieses Stück aus Licht gebracht,
487 3794 1553 3828 den man dann leichtfertig als Marke für den Dichter ge¬
498 3821 1546 3882 brauchte: er galt als Verherrlicher des „süßen Mädels“
490 3859 1554 3918 und vergaß dabei, daß jene so ungemein echte Gestalt,
496 3910 1561 3972 die Christin', eine klassische Schwester in dem Faustschen
495 3955 778 4010 Gretchen hat.
567 3996 1562 4039 Eine Novelle, „Sterben“ schildert mit genialer Wahr¬
492 4035 1564 4092 haftigkeit den Todeskampf und die Todesfurcht eines un¬
502 4081 1556 4132 rettbaren Kranken. „Freiwild“ setzte das Thema des Schau¬
502 4132 1565 4180 spiels „Das Märchen“ fort. Das waren Werke des jungen
497 4171 1570 4231 Schnitzler, der Zierde des sog. „Jung=Wien“. Es entstand
503 4217 697 4258 #n sonf!
1894 997 2247 1069 Artur Schnitzler.
1532 1160 2594 1208 der Veatriee“ eine Dichtung von prachtvollen Schönheiten.
1552 1209 2602 1267 „Der grüne Kakadn“ zeigte ihn auf der Höhe dramatischer
1554 1249 2199 1305 Kunst, divinatorischer Bildnerkraft.
1596 1288 2607 1341 Heute nun ziert den früher feuilletonistisch stilisierten
1545 1328 2613 1389 Dichterkopf keine mehr so sorgfältig gepflegte Locke. Auch
1551 1371 2617 1436 Schnitzler wurde Hausvater, zog weg von der großen*
1540 1422 2604 1468 Stadt, hinaus auf die lichte Hügelreihe, von wo aus der
1536 1447 2615 1518 Blick das Häusermeer gewahrt. Reine Waldluft vom
1542 1515 2606 1562 nahen Gebirge! Er wird nicht viel gesehen in Wien, und
1538 1553 2609 1602 wer es nicht weiß, der fühlt aus seinen letzten Dichtungen
1551 1592 2600 1654 die Poesie und Herrlichkeit köstlicher, seliger Einsamkeit
1547 1648 2605 1694 strömen. Der Schnitzler von heute wird vom Drang ins
1546 1683 2607 1738 Dunkle, Antwortlose erfüllt. Der Tod ist sein tönendes
1552 1733 2604 1792 Grundmotiv; in dieser Vorliebe, diesem Grübeln nach dem
1552 1767 2609 1822 andern Leben ruht vielleicht ein künstlerisch gebändigtes
1554 1818 2613 1877 Grauen vor dem Tod. Aus dem Lebejüngling Anatol!
1550 1867 2613 1923 ward ein nachdentlicher, sehnsüchtiger Lebenskünstler.
1558 1907 2606 1957 Fragen an Leben und Tod wurden so die „Lebendigen
1551 1929 2607 1999 Stunden", „Der einsame Weg“, „Der Ruf des Lebens“.
1607 2001 2619 2043 Eine bange Frage, eine künstlerische Befreiung einer“
1548 2015 2612 2092 zweifelnden Seele ist auch das „Zwischenspiel“. Das Pro¬
1558 2086 2596 2133 blem einer brüchigen Ehe erfährt darin eine virtnose Durch¬
1560 2137 2613 2179 führung. Seine abstrakten Diskussionen und psychologi¬
1555 2158 2615 2225 schen Delitatessen entsprechen aber allerdings nicht den
1560 2213 2423 2282 Anforderungen der landläufigen Dramaturgie.
