3344 4352
1863 145 2959 203 heutige deutsch=österreichiiche Literatur nur durch Leute wie
1848 190 2807 244 Dörmann, Hirschfeld und Schnitzler vertreten sein.
1930 226 2966 310 Um den literarischen Ernst dieser Herren Professoren
1841 272 2956 349 zu illustrieren, sei eine persönliche Erinnerung aufgefrischt.
1282 282 1737 377 box 40/2
210 265 1214 398 Grillnarzer-Preis
1841 331 2964 384 Der Schreiber dieser Zeilen hatte Gelegenheit, die Vor¬
1835 367 2958 423 lesungen Schmidts über das „Deutsche Drama seit Schiller“
1840 411 2955 478 zu hören. Das war im Jahre 1884. Mitte Dezember. Im
1844 443 2962 517 Burgtheater sollte Wildenbruchs Trauerspiel „Harold“
1844 482 2964 572 welches dem Verfasser den Schiller= und Grillparzer=Preis
1846 552 2972 602 eingetragen hatte, aufgeführt werden. Wildenbruch, als
1848 580 2963 646 nationaler Dichter, war so gar nicht nach dem Sinne der
1849 624 2967 695 „Neuen Freien Presse“ und ihres kritischen Nachrichters Speidel.
1845 658 2963 733 Doch — es soll nicht vorgegriffen werden, Schmidt sprach
1848 705 2968 762 am Samstag vor der Premiere über Heinrich v. Kleist in
1837 751 2966 821 wahrhaft begeisternder Weise und endigte seinen Vortrag
1849 796 2961 852 mit etwa folgenden Sätzen: „Kleist mußte sich den Lorbeer
1837 844 2966 910 noch mit seinem Herzblute erschreiben. Heute sind die
1840 887 2958 939 Lorbeeren billiger, heute werden Schiller= und Grillparzer¬
1837 933 2965 996 Preise geradezu vergeudet; das deutsche Drama geht in die
1838 965 2961 1036 Brüche, und zwar in die — Wildenbrüche.“ Tosender
1842 1014 2963 1086 Beifall nach diesem fulminanten Schlusse und auch der
1841 1064 2966 1130 19jährige Jüngling, der sich damals unter den Hörern
1848 1100 2789 1151 befand, klatschte aus Leibeskräften mit,
2776 1112 2954 1169 dessen
1838 1138 2961 1214 sich der reife Mann, der diese Erinnerung mitteilt, heute
1849 1186 2958 1254 freilich schämt. Aber wie konnte der gute Studiosus ahnen,
1841 1236 2966 1298 daß ein Professor sich in seiner Wissenschaft demagogisch
1840 1269 2957 1335 betätigen könnte! Denn demagogisch war es, daß Wilden¬
1840 1334 2961 1390 bruch, ohne daß eine Begründung angedeutet worden wäre,
1842 1363 2962 1416 mit einem Wortspiele abgetan wurde. Die „Neue Freie
1845 1392 2962 1459 Presse“ jedoch schrieb am 15. Dezember 1884 in dem ersten
1114 1412 1207 1494 —
1850 1449 2957 1506 fnappen Berichte, dem am 22. Dezember ein ausführlicher
1843 1498 2958 1553 folgte: „Das Wildenbruchsche Trauerspiel, welches den
730 1491 1839 1589 Noch ein Wort zur letzten Grillparzer¬
1841 1530 2961 1583 Untergang des angelsächsischen Harold und das Empor¬
2025 1580 2968 1642 des normannischen Wilhelm zum Vor¬
1842 1579 2025 1640 kommen
919 1562 1560 1661 GU Preisverteilung.
1837 1615 2968 1657 wande nimmt, um aus falschen Voraussetzungen
827 1637 2965 1720 Wir ethalten folgende Zuschrift: Sehr treffend hätfalsche Schlüsse zu ziehen und durch gleißende Effekte un¬
740 1688 1841 1746 das „Deutsche Volksblatt“ mit dem Aufsatze „Von Grill¬
1846 1709 2960 1755 schuldige Zuschauer zu betören, ist durchaus prätentiös,
746 1736 1829 1787 parzer bis Schnitzler“ die Frivolität, die in der Zu¬
1855 1754 2492 1816 obgleich poctisch null und nichtig.“
737 1774 1849 1827 erkennung des Grittpärzer=Preises an den jüdischen Drama¬
1923 1768 2971 1858 Böse Zungen haben gemeint, daß ein Professor nicht
734 1823 1843 1879 tiker Schnitzler gelegen ist, und das ungeheuere Miß¬
1854 1823 2964 1901 lieben könne, wo die „Neue Freie Presse“ haßt. Sollte
742 1867 1849 1921 verhältnis beleuchtet, das schon aus der Nebeneinander¬
1848 1884 2963 1939 das auch heute nicht anders sein? Es scheint so. Nur sind
747 1907 1838 1975 stellung der Namen, wie dies in der Ueberschrift des Auf¬
1856 1925 2957 1978 die Lorbeeren noch billiger geworden, der Grillparzer=Preis
749 1947 1840 2002 satzes der Fall ist, in die Augen springt. Jeder
1856 1971 2965 2021 wird geschändet und das deutsche Drama löst sich in
752 1994 1396 2054 ehrlich Denkende hat auch
1387 1994 2984 2075 der in den Aus= Schnitziereien auf, so daß die Professoren, die gegenwärtig
1423 2032 1853 2094 enthaltenen Zurecht¬
751 2043 1407 2105 führungen des „Volksblattes“
1844 2052 2998 2135 die Lehrkanzeln für deutsche Literatur verwalten, über¬
749 2080 2096 2166 weisung Auernheimers, der zu der samosen Dichterkrönung flüssig sind
2290 2122 2600 2185 —
747 2129 1865 2182 Schnitzlers in der „Neuen Freien Presse“ einen geschmacklosen
758 2175 1902 2223 Epilog schrieb, vom Herzen zugestimmt. Aber freilich, wenn
749 2215 1875 2270 nicht einer aus dem Getto die Verwirrung und Versündi¬
749 2258 1864 2313 gung der Herren Preisrichter Schmidt, Minor und Burck¬
748 2307 1884 2367 hard verteidigte — wer sonst hätte noch den traurigen
751 2345 1008 2424 Mut dazu?
846 2364 1890 2442 Angesichts des an Grillparzer begangenen Frevels ist
755 2435 1883 2495 es vielleicht angebracht, sich die sotirischen Betrachtungen
760 2475 1873 2541 vor Augen zu halten, die Ferdinand Kürnberger — ein Alt¬
758 2507 1886 2588 liberaler, der mit Heine sympathisierte — nach Grillparzers
757 2557 1879 2626 Tode niederschrieb und die im Sammelwerke „Literarische
762 2601 1882 2672 Herzenssachen“ unter dem Titel „Wien im Spiegel eines
764 2652 1869 2717 Sarges“ nachgelesen werden können. Da heißt es mit Be¬
752 2695 1880 2757 zug auf die am Sarge Grillparzers zur Schau gestellten
755 2742 1877 2793 Kranzschleifen: „Dem Ideal meines Lebens“, stickt eine
761 2776 1890 2833 Baronin Dodesco, als ob Grillparzer den Wiener Kurs¬
756 2829 1882 2883 zettel gedichtet hätte, das Ideal von Todescoleben. „Dem
756 2864 1885 2927 Meister Grillparzer sein Jünger Mosenthal“, stickt der
755 2914 1883 2978 letztere. Grillparzer muß sich das ruhig gefallen lassen,
760 2958 1888 3013 sein Mund ist geschlossen. Ein Dr. Heinrich Jacques stürzt,
763 3004 1896 3055 da die Leiche noch warm ist, in ein Redaktionsbureau und
1602 3026 1893 3103 des Herrn
1163 3046 1499 3103 für die Ehre
768 3049 1122 3109 hinterlegt 500
759 3080 1890 3144 Dr. Jaques alias für ein Grillparzer=Denkmal ... Nebenbei
765 3131 1896 3186 bemerkt, lauter gute Gesellschaft, gutes altes Blut, längst
767 3176 1887 3232 vor Christus dagewesen ... Was bei einer solchen An¬
760 3221 1896 3274 gelegenheit Wien vertritt, ist ein reiner Großmutsakt von
762 3267 1893 3328 Samaria und Jerusalem und Wien schaut bewundernd zu.
766 3300 1894 3361 Das ist alles. Ein wirklicher Wiener war bei der ganzen
773 3348 1888 3408 Grillparzer=Totenfeier höchstens eine kleine, verschwindende
756 3397 1885 3451 Nebenperson, nämlich — Grillparzer.“ Wie würde Kürn¬
773 3442 1888 3499 berger wohl schreiben, wenn er noch heute die Geißel seiner
769 3468 1889 3544 Feder schwänge? Wir meinen, ihn zu hören: Als ob
766 3521 1894 3582 Grillparzer ein Schweinezüchter gewesen wäre! Und wie
770 3567 1885 3638 würde er, dem schon ein Mosental zu gering war, erst auf
775 3622 1895 3678 Schnitzler als Nachfolger Grillparzers die Lauge seines
780 3659 1115 3727 Hohnes schütten!
858 3677 1888 3755 Herr Auernheimer — auch so ein Nachfolger wie
774 3748 1886 3806 Schnitzler — behauptet in seiner Festrede ganz
773 3793 1899 3843 ungeniert, daß Professor Erich Schmidt in Berlin, der Vor¬
783 3835 1892 3895 gänger des Hofrates Minor auf der Lehrkanzel für deutsche
784 3872 1894 3935 Literatur an der Wiener Universität, die Anregung zur
779 3910 1894 3968 Preiskrönung Schnitzlers gegeben habe. Man hat beide
786 3958 1899 4027 Herren oft damit zu entschuldigen gesucht, daß sie nach Art
776 4001 1902 4079 einseitiger Gelehrten für die Gegenwart kein richtiges
780 4059 1900 4104 Verständnis hätten, daß sie — der eine als ausschließlicher
782 4103 1886 4177 Goethe=Forscher, der andere als Schiller=Enthusiast —
