3392 4320
1321 296 1784 394 box 40//2
265 286 1163 403 Grillnarzer-Preis
1052 943 1453 1035 Telephon 12801.
391 1028 780 1214 Glen!
858 1108 1437 1224 KerSnn
305 1209 1443 1269 O l. österr. behördl. konz. Unternehmen für Zeitungs-Ausschnitte
306 1245 372 1291 60
463 1262 1345 1342 Wien, I., Concordiaplatz 4.
283 1326 392 1387 —
693 1336 1116 1404 Vertretungen
302 1381 1438 1430 0 in Berlin, Budapest, Chicago, Christiania, Genf, Kopen¬
293 1435 1444 1496 hagen, London, Madrid, Mailand, Minneapolis, New-Vork,
303 1471 1409 1517 0) Paris, Rom, San Francisco, Stockholm, St. Petersburg.
706 1515 1103 1568 (Quellenangabe ohne Gewühr.)
301 1515 379 1555 00
290 1551 354 1606 3
348 1567 1368 1636 Ausschnitt aus: REICHSPOST, WIEN
296 1625 372 1673 130
616 1622 920 1706 T700 TSOE
294 1663 520 1751 E vom:
629 1749 1181 1830 Die Urteilsfähigen.
329 1827 1502 1916 Zum Grillparzerpreis für den Reigen¬
733 1875 1087 1951 Schnitzler.
406 1941 1500 1999 Herr Artur Schnißler, ein gutsituierter Doktor
316 1992 1503 2059 der Medizin, der die heilsame Betätigung des Arztes
325 2045 1505 2099 den Kranken zuliebe mit der die körperliche Gesundheit
319 2098 1498 2145 mindergefährdenden des Schriftstellers vertauschte, hat den
327 2141 1502 2190 Geillparzervreis bekommen. Wie das zu beurteilen ist,
327 2187 1509 2237 von den Unbeeinflußten, Unabhängigen zu beurteilen, das
319 2246 1497 2303 wurde bereits gestern in unserem Blatte erwogen. Wie
330 2287 1503 2345 gesagt: Wir wollen heute nicht daran erinnert sein, daß,
330 2334 1502 2387 wenn Herr Schnitzler genannt wird, die Lebemänner
330 2372 1508 2445 lächeln und die Winkelantiquare mit schmatzenden
318 2433 1495 2475 Lippen den Profit berechnen, den ihnen neben der Kaviar¬
334 2479 1536 2544 und der Pikantissimabibliothek der „Reigen“ eingebracht:
324 2533 1507 2591 hat. Wir wollen nicht darauf verweisen, daß neben dem
323 2575 1498 2643 unsäglich läppischen „Leutnant Gustl“ und der „Frau
322 2628 1506 2685 Berta Gertan“, die in Krems lebt und in Wien liebt,
318 2674 1504 2740 eben der „Reigen“ als das charakteristische Werk des
324 2725 1494 2785 Herrn Artur Schnitzler gilt und daß Herr Jakob
327 2770 1507 2822 Minor, Herr Schlenther und Herr Burck¬
322 2818 1504 2871 hard für die breiteste Oeffentlichkeit den Autor einer
314 2871 1499 2945 dem Budapester Orpheum zu stark gewesenen Schweinerei
313 2916 1493 2983 dem deutschen Volke als gekrönten Dichter vorstellten.
312 2964 1497 3023 Es sei nur angehört, was Herr Schnitzler heute selbst
312 3013 441 3075 über
440 3009 1501 3076 jenes Stück, „Zwischenspiel“ geheißen, sagt,
477 3065 595 3115 das
323 3060 441 3117 das
666 3064 1506 3118 Preisrichterkollegium zum Vorwand
323 3111 1510 3176 seiner Auszeichnung nahm: „Eigentlich,“ sagt Herr
311 3155 1497 3210 Artur Shnitzler, „gehört Zwischenspiel nicht
320 3207 1497 3269 zu den Sachen, die mir innerlich nahe¬
319 3256 1505 3320 stehen. ... es ist mit ihm so, daß von ihm kein
311 3314 1505 3374 Weg ins große Leben führt, zu anderen
853 3340 1498 3413 ndie großen Bezie¬
318 3347 781 3418 Menschen. Es feh
308 3400 1506 3470 hungen zu einem Allgemeinen und deshalb wohl kann
315 3449 1499 3504 es mich nicht befriedigen.“ Nun, was Herrn
307 3499 1502 3562 Artur Schnitzler selbst, der schon seiner Ab¬
317 3547 1438 3601 stammung nach keiner von den Bescheidenen war, z
312 3598 1506 3656 schlecht ist, ist für den großen Germanisten Jakob
315 3646 1498 3704 Minor gut genug. Mögen er und seine Richter¬
302 3693 1508 3750 kollegen, von denen namentlich Herr Max Burckhard
303 3747 1500 3803 alles Zeug dazu hat, in einer Neuauflage des „Reigen“
311 3798 1507 3859 als Buhler um jüdische Gunst und blamierte Kunstfreunde
306 3836 741 3914 ihren Platz finden!
2510 1515 2901 1609 Telephon 12801.
1789 1635 1836 1714 8
1760 1677 2894 1808 2 MtEBWng
1777 1771 1855 1822 —
1770 1792 2915 1851 O l. österr. behördl. konz. Unternehmen für Zeitungs-Ausschnitte
1789 1849 1853 1894 6
1936 1835 2816 1917 Wien, I., Concordiaplatz 4.
2171 1912 2595 1982 Vertretungen
1758 1890 1875 1988 2
1800 1958 2907 2034 O in Berlin, Budapest, Chicago, Christiania, Genf, Kopen¬
1764 1993 2918 2076 hagen, London, Madrid, Mailand, Minneapolis, New-Vork,
1774 1993 1818 2064 *
1882 2039 2891 2106 Paris, Rom, San Francisco, Stockholm, St. Petersburg.
1799 2076 1873 2120 0
2189 2085 2588 2156 (Quellenapgabe ohne Gewibr
1781 2078 2991 2228 % Ausachnitt aus: eeg, Aeen
2258 2174 2720 2247 # Tarlae
1789 2226 1867 2275 520
2164 2225 2923 2316 a d0 Sr beca
1782 2253 2168 2352 E vom 7 2
1907 2364 2705 2470 Kunst und Wissenschaft.
1758 2452 2965 2511 Der Grillparzerpreis sollte diesmal einem unkontrollierbarem
1673 2492 2969 2556 Gerüchte zufolge Ernst v. Wildenbruch für seine „Raben¬
1682 2528 2974 2578 steinerin“ zufallen, doch hat sich das Preisgericht löblicher Weise nicht
1682 2573 2970 2616 für diese gutgemeinte Tragödie entschieden, sondern Arthur
1682 2609 2968 2665 Schnitzler gekrönt, der zweifellos schon lange eines literarischen
1674 2645 2971 2699 Preises=würdig war. Ob freilich gerade Schnitzlers „Zwischen¬
1665 2685 1769 2736 PPi
1806 2692 2970 2753 “die auf den Namen des größten österreichischen Dichters
1671 2721 2972 2774 lautende Ehxenprämie verdient hat, mag dahingestellt bleiben. Die
1671 2775 2959 2826 von den KFrauen Wiens“ unter ideellem Vorsitz von Iduna Laube und
1667 2811 2965 2852 Christiné Hebbel geschaffene Stistung soll alle 3 Jahre „für das relativ
1665 2846 2964 2911 beste deutsche dramatische Werk“ während dieses letzten Trienniums
1667 2887 2966 2944 vergeben werden, Das Ziel ist eine Hebung der Produktion; als Be¬
1664 2921 2960 2971 dingung gilt. daß das zu ehrende Stück „an einer namhaften deutschen
1661 2964 2953 3012 Bühne“ gespielt und nicht schon von anderer Seite mit einem Preis
1660 2997 2965 3065 bedacht wurde. Bisher ist die Geschichke der Prämjierungen die fol¬
1671 3045 2948 3103 gende: 1875 Wilbrandt („Gracchus“), 1884 Wildenbruch („Harold“),
1667 3082 2963 3138 1887 Anzengruber („Heimg'funden“), 1890 Wilbrandt („Meister von
1666 3122 2954 3168 Palmyra“), 1896 Hauptmann („Hannele"), 1899 Hauptmann („Fuhr¬
1664 3158 2959 3203 mann Henschel"), 1902 Hartleben („Rosenmontag“), 1905 Hauptmann
1663 3196 2956 3261 („Armer Heinrich“). — Ueber die Einzelheiten der dismaligen Preis¬
1666 3238 2948 3294 verteilung wird der „Voss. Z.“ aus Wien noch folgendes geschrieben:
1671 3276 2947 3321 Als in der Sitzung des Preisrichterkollegiums offenbar wurde, daß
1652 3311 2949 3374 Wildenbruch die Mehrheit nicht erlangen werde, schlug Direktor Dr.
1656 3361 2950 3405 Schlenther die Verleihung des Preises an Schönherr für
1657 3393 2948 3433 dessen Schauspiel „Familie“ vor. Als auch dieser Vorschlag auf Geg¬
1657 3441 2954 3468 nerschaft stieß, stellte der Vorsitzende des Kollegiums Professor
1650 3474 2952 3524 Minor den Antrag, den Preis Schnitzler zu verleihen. Darauf
1658 3511 2934 3551 einigten sich schließlich alle Preisrichter. Schnitzlers „Zwischenspiel“
1653 3553 2938 3595 ist zum ersten Male am 12. Oktober 1905, zuletzt am 6. September
1649 3591 2941 3645 1907 und im ganzen 17 Male im Burgtheater aufgeführt worden. Es
1660 3632 2943 3696 standen diesmal nicht weniger als 94 Bühnenwerke in der Wahl.
1657 3665 2287 3732 Der Preis beträgt 5000 Kronen.
