3344 4352
118 163 1416 317 Der Grillparzer=Preis für Artur Schnitzler.
135 203 1447 363 Das Kuratorium für die Verleihung des Grillparzer¬
96 282 1450 436 freises hat gestern seine entscheidende Beratung abgehalten und den
92 345 1440 495 greis Artur Schnitzler für dessen vor zwei Jahren im Burg¬
89 378 1453 525 geater aufgeführtes Schauspiel „Zwischenspiel“ zuerkannt. In
94 430 1457 585 kimischen Literatenkreisen wird diese Nachricht mit aufrichtiger Genug¬
102 475 1461 622 ung aufgenommen werden. Ist es doch ein österreichischer Dichter, dem
103 523 1474 667 sesmal diese Auszeichnung zufällt, — was lange nicht der Fall gewesen
101 575 1460 729 st. Denn die letzten Preise wurden an reichsdeutsche Dichter vergeben;
100 639 1471 778 sor drei Jahren erhielt Hauptmanu zum dritten Mal den Preis
97 664 1464 826 fund zwar zuletzt für seinen „Armen Heinrich“, vorber für „Hannele“
104 718 1467 862 und „Fuhrmann Henschel"), vor sechs Jahren wurde Otto Erich Hart¬
113 781 1485 915 leben der Preisträger (für „Rosenmontag"). Das Preiskollegium hat
96 811 1495 979 galso mit seiner Entscheidung (die nach dem Stiftsbriefe einstimmig
107 854 1488 1007 eerfolgen muß) Schnitzlers „Zwischenspiel“ für das „beste deutsche
98 914 1490 1078 dramatische Werk erkannt, das im Laufe der letzten drei Jahre auf
103 955 1496 1117 seiner namhaften deutschen Bühne zur Aufführung gelangte und nicht
106 1008 1494 1160 schon von einer anderen Seite durch einen Preis ausgezeichnet worden
112 1053 1497 1207 ist.“ So lautet nämlich die für die Preisrichter maßgebende wichtigste
120 1158 699 1269 Bestimmung des Stiftbriefes.
222 1155 1502 1293 Die Bedeutung Artur Schnitzlers für unsere dramatische Literatur
118 1204 1514 1357 braucht nicht erst ausführlich dargelegt zu werden; seit seinem „Anatol“ gilter
127 1249 1517 1404 als der hervorragendste und auch dem Theater nächststehende Vertreter
121 1303 1523 1447 der Jung=Wiener Richtung. Sein Schauspiel „Liebelei“ hat ihm vor
129 1346 1526 1521 Jahren zum ersten Male das Tor unsexer ersten Bühne gebffnet. Sein
1273 1395 1515 1465 Seite 11
665 1421 1033 1478 40. Janner 1908
117 1486 1539 1571 ins Tragische gerücktes Wiener Mädel, die „Schlager=Mizzi“ steht an der
119 1529 1536 1615 Schwelle einer neuen Wiener Gestaltenwelt, die den Hintergrund einer
119 1590 1530 1656 Literatur von Nachahmern und Anempfindern werden sollte. Nach der
129 1643 1532 1718 „Liebelei“ (1885) kam drei Jahre später „Das Vermächtnis“ ins
112 1681 1527 1757 Repertoire des Burgtheaters. Wieder war es eine Tragödie aus bürger¬
123 1743 1533 1806 lichen Gesellschaftskreisen, die Schnitzler mit seiner dichterischen
122 1776 1541 1849 Beobachtung durchdrang. Ein Jahr später sehen wir ihn mit einem
134 1826 1535 1906 Einatterzyklus an der Hofbühne („Paracelsus“, „Die Gefährtin“, „Der
123 1871 1540 1964 grüne Kakadu“), deren Schicksale noch in aller Erinnerung stehen. Die
956 1916 1539 1995 übersiedelten ins Volks¬
128 1940 946 2011 Pariser Revolutionsszenen („Kakadu")
131 1982 1538 2052 theater, wo dieses dramatischeste aller Schnitzler=Stücke noch heute
126 2020 1534 2115 auf dem Repertoire steht und nie ohne tiefe Wirkung ge¬
131 2060 1535 2158 spielt wird. Das Volkstheater brachte auch den Zyklus
142 2109 1542 2207 „Lebendige Stunden“, mit denen Brahm, ein eifriger Verkünder
136 2166 1552 2269 Schnitzlers, die Wiener anläßlich eines Ensemble=Gastspieles bekannt¬
136 2207 1535 2302 gemacht hat. Vor drei Jahren hat Brahm auch den „Einsamen Weg“.
131 2293 1541 2353 gebracht, jenes Stück, das Schnitzler selbst am höchsten schätzt und das
141 2338 1549 2396 als sein innerlichstes Werk gelten mag. Der Konflikt, der sich an die
132 2361 1542 2445 Nichtaufführung des Dramas „Der Schleier der Beatrice" knüpfte, das
144 2408 1542 2492 der Dichter dem Buratheater eingereicht hatte, gab seinerzeit zu viel
136 2458 1550 2543 Erörterungen Anlaß. Es trat eine Periode der Spannung zwischen
149 2507 1548 2586 Schnitzler und dem Burgtheater ein, sie waren „böse“. Die Aufführung
145 2555 1549 2638 von „Zwischenspiel“ bedeutete gleichsam die Versöhnung des
143 2615 1544 2691 Dichters mit dem Burgtheater. Das Stück wurde dort am 12. Oktober
151 2670 1541 2734 1905 zum erstenmal und seither siebzehnmal aufgeführt. Anfangs schien
152 2727 1556 2779 es nicht, als ob gerade dieses Stück der größte Burgtheatererfolg des
153 2755 1551 2828 Dichters werden sollte, obgleich Kainz mit Begeisterung und mit
148 2792 1554 2881 zündender Kraft im Dienste der hohen dialektischen Kunst Schnitzlers stand.
144 2867 1546 2932 Und neben ihm, dem Darsteller des Komponisten Amadeus, wirkte Frau
147 2892 1559 2971 Witt als dessen Gattin Cäcilie. Mit seinem jüngsten Stück „Der Ruf
157 2942 1557 3020 des Lebens“ kam Schnitzler bisnun nur in Deutschland zur Aufführung,
159 2991 1553 3070 aber ohne viel Erfolg zu erzielen. Die Verleihung des Grillparzer¬
163 3051 1553 3119 Preises wird nun Schnitzler mit manchen schmerzlichen Wendungen ver¬
157 3106 1494 3174 söhnen, die auch seinem Dichterschicksal nicht erspart geblieben sind. —
152 3133 1564 3210 Artur Schnitzler ist 1862 zu Wien als der Sohn des bekannten
155 3183 1553 3267 Universitätsprofessors Schnitzler geboren. Er studierte hier Medizin und
154 3226 1561 3323 war selbst Arzt von Beruf, übt jedoch seit Jahren die ärztliche Tätigkeit
158 3303 501 3389 nicht mehr aus.
265 3325 1559 3401 Als Mitglieder des Preisgerichtes fungieren gegenwärtig die Herren
163 3382 1564 3462 Hofrat Dr. Burckhard, Ludwig Hevesi, Professor Dr. Minor,
166 3428 1562 3506 Direktor Dr. Paul Schlenther und Professor Dr. Erich Schmidt
176 3478 1572 3559 (Berlin). Der Preis beträgt 5000 Kronen. Die Verwaltung des Fonds
174 3548 1572 3610 ist durch den Stiftsbrief der philosophisch-historischen Klasse der kaiserlichen
174 3608 986 3679 Akademie der Wissenschaften übertragen.
279 3637 1565 3701 Wie verlautet, sollen mehr als neunzig Werke der Prüfung unter¬
174 3674 1564 3762 zogen worden sein. Neben Schnitzler trat ein anderer österreichischer
180 3724 1576 3802 Dichter Karl Schönherr in den Vordergrund, allein das Kollegium
178 3772 1578 3852 hätte ihm den Preis nur auf Grund seines Dramas „Familie“ verleihen
175 3810 1573 3897 können. Doch dieses Stück hat trotz seiner Vorzüge am Burgtheater
171 3892 1571 3956 nur wenige Aufführungen erreicht und es ist nabeliegend, daß bei der
178 3913 1580 4012 Entscheidung dieser Umstand in Erwägung gezogen worden ist. Die
179 3955 1586 4045 anderen Stücke Schönherrs konnten nach den Bestimmungen des Stifts¬
183 4004 1591 4094 briefes nicht in Betracht kommen, denn sowohl „Erde“ als auch „Das
175 4058 1584 4145 Königreich“, die neuen Schöpfungen des Dichters, sind bisher unauf¬
177 4141 361 4198 geführt.
2072 186 2236 266 —
1738 301 2831 412 Der Grillparzer-Preis.
1791 390 2665 471 Für Dr. Artur Schnitzlers „Zwischenspiel“.
1887 443 2584 506 (Originarvericht des „Neuen Wiener Journal“.)
1707 474 2867 550 Gestern nachmittag hat in der Akademie der Wissenschaften
1593 531 2859 599 die Sitzung des Preisrichterkollegiums über den Grillparzer=Preis
1600 579 2866 661 stattgefunden. Es wurde das Ergebnis publiziert, wonach der
1602 621 2857 690 Preis im Betrage von 5000 Kronen Herrn Dr. Artur
1603 673 2865 739 Schnitzler für sein im Repertoire des Burgtheaters stehendes
1605 725 2665 804 Schauspiel „Zwischenspiel“ einstimmig zuerkannt wurde.
1720 761 2876 846 Die Tatsache, daß nun ein österreichischer Dichter jenen
1607 819 2869 896 Preis erhielt, der bereits viermal nach Deutschland wanderte,
1617 878 2861 941 wird mit Genugtuung aufgenommen werden, obgleich „Zwischen¬
1624 910 2866 994 spiel“ trotz seiner Feinheiten nicht zu den kritisch einwandlosesten
1619 960 2865 1031 dramatischen Werken Schnitzlers gehört. Mit der Zuerkennung des
1617 1006 2875 1088 Preises drückte das Kollegium den gesamten Werken dieses fein¬
1622 1050 2878 1144 sinnigen Poeten die bedeutendste Anerkennung aus, über die
1623 1121 2884 1192 es verfügt. 94 Stücke standen in Konkurrenz und in den letzten Tagen
1628 1124 2972 1238 hieß es, daß die Jury in ihren Entschlüssen wankend sei. Man sprach #
1719 1232 3289 1294 von der „Rabensteinerin“ Wildenbruchs und von „Familie“ von nur sagen, daß
1722 1278 3280 1341 Schönherr als von Werken, von denen das eine oder andere Schichten und so
3065 1331 3285 1392 Phantasiel
1714 1329 2972 1382 den Preis erhalten solle. Schließlich entschloß man sich für
1721 1364 3287 1430 Schnitzler, wohl in der Erwägung, daß diesem Dichter eine lange welches ich Ihne
1707 1430 3287 1489 und vielfältige Reihe von wertvollen dramatischen Werken zu Leben eines Py
1708 1485 3278 1538 verdanken sei. Den Preis erhielt bereits dreimal Gerhart sertappe ich mich
1721 1534 3270 1583 Hauptmann für den „Armen Heinrich", „Hannele“ und lang wie etwas
1729 1572 3285 1633 „Fuhrmann Henschel", und einmal Otto Erich Hartlebensich habe schon zu
1716 1615 3300 1684 für „Rosenmontag“. Unter den österreichischen Dichtern wurde schloß der Dichte
1714 1664 3259 1724 bloß Ludwig Anzengruber mit dem Preis einmal aus= Hand reichte.
1708 1720 1945 1785 gezeichnet.
1848 1787 3039 1860 „Zwischenspiel“ entstand im Jahre 1904 und wurde zum
1728 1828 2999 1892 erstenmal am 12. Oktober 1905 und zuletzt am 6. September
1721 1867 3006 1931 1907 am Burgtheater aufgeführt, im ganzen 17mal. Das Stück
1720 1926 2999 1990 behandelt ein interessantes psychologisches Problem aus dem Ehe¬
1726 1971 3016 2049 leben eines Künstlerpaares und es ist mehr auf das geistvolle
1728 2024 2854 2104 Räsonnement als auf starke dramatische Vorgänge gestellt.
1846 2065 3001 2149 Einer unserer Mitarbeiter suchte gestern unmittelbar nach
1719 2128 3064 2202 der Entscheidung der Jury Herrn Artur Schnitzler auf und
1730 2196 2659 2266 berichtet uns über seine Unterredung wie folgt:
2080 2246 2644 2330 Bei Artur Schnitzler.
1843 2295 3021 2390 Auf einem Spaziergange um den Türkenschanzpark, in dessen
1724 2379 3007 2428 Nähe Schnitzler seit einigen Jahren sein Heim aufgeschlagen hat,
1731 2409 3019 2474 treffe ich den Dichter an, noch überrascht durch die ihm kurz
1732 2452 3011 2529 vorher zugegangene Nachricht von der Zuerkennung des Grillparzer¬
1727 2510 3008 2576 Preises. Daß ihm die Auszeichnung und insbesondere dem
1737 2552 2996 2623 „Zwischenspiel“ zuteil werden wird, daran hatte Schnitzler nicht
1727 2604 3007 2671 gedacht, zumal die Nachricht zuletzt kursierte, daß das Kollegium
1740 2651 3007 2725 Schönherr und Wildenbruch in Betracht gezogen habe. Wir gehen
1732 2725 3016 2767 eine Strecke lang an verschneiten Gärten und Villen vorbei, sehen
1736 2746 3017 2810 einen Moment der Schuljugend zu, die auf etwas abschüssiger
1733 2785 2842 2863 Bahn unter Lachen und Lärmen dem Rodelsport huldigt.
1858 2840 3004 2918 „Eigentlich gehört „Zwischenspiel“ nicht zu den Sachen, die
1737 2904 3012 2967 mir innerlich nahestehen,“ sagte Schnitzler, „seine kleine Welt er¬
1736 2952 3001 3014 scheint mir zu abgeschlossen, die Fenster der Stuben, in denen das
1739 2988 3008 3054 Stück spielt, sind einem kleinen Garten zugewendet, und es ist mit
1741 3036 3020 3103 dem ganzen Drama so, daß von ihm kein Weg ins große Leben
1746 3089 3013 3164 führt, zu anderen Menschen. Es fehlen die großen Beziehungen
1735 3140 3009 3210 zu einem Allgemeinen und deshalb wohl kann es mich
1737 3186 3010 3245 nicht befriedigen. Mir selbst ist der „Einsame Weg“, ja auch¬
1746 3226 3001 3304 „Der Ruf des Lebens“ durch seine ersten Akte, auf denen, wie
1737 3292 3006 3346 ich glaube, Schicksalsschwere liegt, sympathischer. Es ist bei mir
1742 3315 3017 3392 so, daß ich eine empfangene Stimmung oder Idee in einem ein¬
1744 3399 3029 3448 zigen Werke nicht in allen Verzweigungen und Nuancen ausgeben
1748 3419 3007 3490 kann, daß mir noch ein Ueberschuß bleibt, der in mir aufs neue
1748 3487 3005 3543 produktiv wird und mich zu anderen Gedankengängen und Stim¬
1740 3512 3005 3588 mungen hinüberführt. „Zwischenspiel“ ist abgeschlossen und für
1739 3577 3008 3642 mich abgetan. Anders, wie noch bei vielen Sachen, erging es mir
1738 3640 3013 3683 beim „Einsamen Weg“. Gestalten, die ich in dieses tück bannen
1742 3659 3010 3733 wollte, lösten sich los, kamen in andere Konflikte und es ent¬
1747 3732 3008 3786 standen andere Stücke, Szenen. Diese Sachen haben dann keine
1752 3757 3006 3831 andere innere Verwandtschaft als vielleicht etwa des Tones und
1744 3814 3009 3868 der Stimmung, die mir vielleicht eigen sind. Oder aber es ge¬
1747 3860 2999 3927 schieht, daß ich ein Stück oder eine Novelle fast bis zur Voll¬
1750 3927 3011 3973 endung bringe, es aber in einer Stimmung der Abneigung lange
1744 3964 3013 4018 liegen lasse, und eines Tages ruft es mich gleichsam wieder an,
1745 4001 3010 4071 meldet sich, aber nun ist alles in mir anders und das Stück
1745 4038 3007 4119 erhält eine innere Umformung, hat sich in mir stilisiert und es
1747 4120 3006 4179 wird etwas ganz anderes, gehört dann einer anderen Stilart als
