3392 4256
2108 88 3055 150 Werte. 2     en   eeche
1151 107 2104 165 Aber daß man groß sein kann und fündigen — was
196 120 1158 175 Turn wider das Ackerbaummisterium wegen der Grund¬
2106 137 3084 196 dem sollen wir uns in gewissen Fällen verschließen.
1144 151 2110 216 die Menschen Sünde zu nennen gewohnt sind, das
190 154 1156 209 überlassung zu Bergbauzwecken; Max Egon Fürst zu
2115 180 3075 236 Wenn wir selbst in Ekstase, wenn wir selbst im
197 190 1157 243 Fürstenberg in Lana w der die k. k. Bergbauptmann¬
1158 190 2118 255 weht uns an aus allen seinen Werken wie eine
2115 207 3084 277 Spiel sind, dann — dann möchten wir Naturge¬
198 216 1142 281 schaft in Prag wegen Leistung von Sanierungsbeiträgen
1153 235 2110 297 tröstliche Verheißung. In dem Einakter: Literatur
186 239 1152 325 zur Bruderlabe; Matthias Zadäk in Prag wider die
2116 256 3082 330 setze, die wir einst auf den Thion gehoben, umstoßen
1156 282 2113 341 ist die Hauptsigur eine Frau, die spielt — und ge¬
188 302 1147 343 Personaleinkommensteuer=Berufungskommission für Böhmen
2110 302 3094 384 und Kulturmauern aufrichten, um dahinter Schutz
197 324 1148 377 wegen der Personaleinkommensteuer (zwei Fälle; Murie
1161 332 1661 384 winnt. So ist das Leben.
2106 357 2322 435 zu suchen.
185 359 1151 409 Kern und Genossen in Böhmisch=Wiesental wider das
1251 358 2107 422 Eines der nachdenklichsten Stücke ist Para¬
191 375 1157 447 Finanzminiterium wegen der Nachzahlung der halben
2212 380 2678 472 Ja, so sind wir alle.
1152 395 2118 465 celsus. Ich möchte es kurz skizzieren. Paracelsus
195 434 1158 490 Aktivitatozulage; Ignaz Kraus in Teplitz wider dasselbe
2217 420 3085 499 Und Schnitzler, der Denker, der Dichter, stellte
1162 436 2134 515 ist als verbummelter Student in die Welt gezogen
197 469 829 518 Ministerium in einer gleichen Sache.
2112 464 3084 549 eine Reihe von Problemen auf, die jeder lösen mag
291 478 1157 559 Donnerstog 23. Januar: Der Kreditverein bei
1161 489 2108 567 und kehrt als Zauberer und Wunderdoktor wieder
194 520 1157 579 der Filiale der Prager Kreditbank in Koln wider
2116 527 2509 600 nach seinem Sinn.
1194 537 2120 595 — von den Leuten seines kleinen Heimatortes ange¬
193 562 1156 616 das Fu anzministerium wegen der steuerrechtlichen Behand¬
2217 556 3076 625 Und in allen seinen Dichtungen ist die füh¬
1153 576 2125 645 stannt. Nur Cyprian, der Waffenschmied, glaubt
186 593 1162 660 lung alter Rücklagen; Margaretha Reisenstuhl in
2120 601 3095 664 rende Stimme: Resignation. Für all die dunklen
1162 620 2112 686 nicht an ihn. Er bringt ihn in sein Haus und
191 625 1154 688 Ajaccio wider die Personaleinkommensteuer=Berufungs¬
2116 655 3085 717 Wege — für all die verschlungenen Psade, die die
194 651 1161 722 kommission für Böhmen wegen der Personaleinkommen¬
1167 666 2117 724 reizt ihn, seine Wunder zu zeigen. Und Paracelsus
199 702 1152 751 steuer zwei Fälle); die Stadtgemeinde Prag wider das
2115 682 3103 759 menschliche Seele gehi, hat er ein weises Verste¬
1156 708 2122 770 flüstert der schönen Frau Justina, des Waffen¬
206 734 1154 790 Finanzministerium wegen der Gebäudesteuerpflicht einer
2117 745 3101 803 hen und Verzeihen und erleuchtet sie mit seiner
1164 752 2118 821 schmiedes Weib, zu, sie solle eine nicht begangene,
192 783 425 842 Markthalle.
2128 780 3097 846 Wunderlampe wundersam. Aber sie zeigt uns immer
298 780 1164 861 Freitag 24. Januar: Anton Vana in Smichow
1158 797 2128 860 aber dunkel ersehnte Schuld als begangen fühlen.
2121 831 3096 906 von neuem, daß hinter jedem Glück schon die Ent¬
192 833 1159 886 wider den Landesausschuß wegen des Verbotes einer
1162 828 2138 904 Sie schläft ein — erwacht und gesteht. Cyprian,
198 872 1160 924 Bienenhaltung; die Bezirkssparkassa in Riean wider das
2118 863 2471 947 täuschung lauert.
1159 874 2123 943 durch das Geständnis der Schuld aus seiner be¬
190 910 1155 975 Ministerium des Innern wegen einer Versicherungspflicht.
2225 894 3096 969 Fur dieses merkwürdige Stück hat Schnitzler
1154 928 2126 981 haglichen satten R ge aufgeschreckt, gerät in Angst,
2124 950 3096 1013 den Grillparzerpreis bekommen. Hier ist der Reich¬
1163 974 2129 1041 bis Paracelsus sie von dem Spuk befreit und sagt:
2134 1007 3100 1068 sten einer, der uns unendlich viel gab und der uns
302 1002 1093 1102 Theater und Literatur.
1171 1027 2128 1095 „Es war ein Spiel! Was sollt es anders sein?
2111 1042 3102 1102 noch so vieles geben wird. Einer der Wenigen, die
1164 1070 2112 1134 Was ist nicht Spiel, das wir auf Erden treiben,
2122 1086 3103 1152 mit brennender Fackel in die Dunkelheit der Zu¬
457 1086 924 1185 Arthur Schnitzler.
1156 1124 2027 1178 Und schien es noch so groß und tief zu sein!
2123 1137 3098 1191 kunft hineinleuchten und uns die Wege zeigen, die
1157 1131 2048 1205 Mit wilden Söldnerscharen spielt der Eine.
462 1159 906 1247 Von Marie Holzer.
2126 1182 3101 1251 die Entwicklung langsam — allmählich gehen wird.
1159 1183 2062 1253 Ein anderer spielt mit tollen Abergläubischen,
1162 1233 2049 1293 Virlleicht mit Sonne, Sternen irgend wer, —
278 1231 1166 1299 Arthur Schnitzler hat den Grillparzerpreis be¬
2208 1235 3108 1326 *— Josef Kainz beginnt morgen Samstag
1163 1266 2006 1329 Mit Menschenseelen spiele ich. Ein Sinn
203 1270 1169 1346 kommen! Wie eine Siegesnachricht tragen es die
1168 1301 2030 1364 Wird nur von dem gefunden, der ihn sucht.
2128 1310 3100 1369 den 18. d. M. im Neuen Theater sein Gastspiel
203 1310 1163 1396 Zeitungen in alle Welt. Denn er ist der Reifsten
1174 1339 2080 1403 Es fließen in einander Traum und Wachen,
2129 1354 3070 1411 als Franz Moor in Schillers „Die Räuber“. —
202 1362 1174 1431 einer der uns unendlich viel gegeben. In jeder sei¬
1173 1393 2054 1439 Wahrheit und Lüge. Sicherheit ist nirgends.
2129 1378 3104 1452 Am Sonntag den 19. nachmittags 1½ Uhr geht
201 1407 1173 1472 ner Dichtungen liegt ein Problem von wundersamer
1170 1418 2035 1497 Wir spielen immer, wer es weiß — ist klug.“
2134 1437 3112 1509 als Arbeitervorstellung zu ermäßigten Preisen
201 1458 1174 1513 Tiefe und er steht hoch darüber, auf einer hohen,
2131 1477 3106 1552 „Die Zauberflöte“ in Szene. Am Abend 7 Uhr
1259 1481 2134 1549 Und dann im Grünen Kakadu: „Sein
202 1495 1180 1561 hohen Sprosse, weit über der Parteien Haß und
2140 1520 3112 1589 wird mit Kainz der Einakter=Zyklus „Das Fest
1165 1532 2113 1599 spielen: kennen Sie den Unterschied so genau —
206 1552 1156 1607 Gunst erhaben. Ein gütiger, abgeklärter Mensch —
2137 1567 3106 1631 des St. Matern“, „Der arme Narr“ und „Der
1174 1577 2133 1640 Chevalier?“ Ein Dichter und noch mehr ein
206 1589 1162 1650 ein Weiser in des Wortes höchster, siegreichster Be¬
2131 1615 3103 1672 goldene Schlüssel“ gegeben. Am Montag den 20.
1165 1613 2135 1686 Zweisler — ein Seher — den das Leben aus schil¬
209 1630 423 1701 deutung!
2128 1643 3112 1720 spielt Kainz den Romeo. Am Dienstag den 21.
1167 1659 2140 1726 lernden Märchenaugen anblickt und deren tiefstes
291 1642 1171 1722 All die Gestalten seiner Bücher ziehen mir
2136 1694 3111 1764 zum erstenmale in Prag den Marcus Antonius
1182 1711 1657 1786 Dunkel ergründen will.
205 1703 1174 1774 durch die Seele. Der arme, kleine Leutnant Gustl,
2146 1740 3109 1802 in Shakespeares „Julius Cäsar“ den er erst
1267 1726 2149 1814 Im „Zwischenspiel“ wird uns die Geschichte
209 1754 1178 1831 dessen natürliches Empfinden in Widerstreit liegt
2146 1772 3115 1846 vor kurzem mit sensationellem Erfolg zum ersten¬
1181 1792 2141 1858 einer Ehe vorgeführt, die auf Freiheit, auf Wahr¬
229 1794 1173 1865 mit anerzogenen Ehrbegrisfen, dies Schwanken
2147 1828 3113 1892 male in Wien kreierte. Die Vorstellungen sind
1174 1831 2143 1912 haftigkeit aufgebaut ist und wo die beiden Ehe¬
206 1841 1178 1921 zwischen Einsicht und Pflicht — und endlich dieser
2138 1877 3123 1938 an der k. k. Hofburg auf Wochen hinaus wegen
1170 1874 2145 1948 gatten sich frei geben, in dem Moment, wo der
207 1887 1182 1962 tröstliche Schluß, der plötzliche Tod des Beleidigers
2139 1916 3114 1977 der grandiosen Leistung Kainz' ausverkauft. Am
1178 1915 2135 1989 Mann fühlt, daß er eine andere liebt. Die Frau
207 1937 1178 2002 und all iene Gespenster, die Räuber seiner Schein¬
2147 1949 3125 2016 Mittwoch den 22. beschließt der illustre Gast
1500 1970 2139 2029 und schweigt. Und dann — nach
1183 1978 1512 2040 ist verzweifelt —
206 1978 1172 2041 ehre— sind nichts als ein böser Spuk gewesen.
2145 2009 3117 2071 seine Abende mit dem König Kandaules in Hebbels
1175 2002 2139 2073 dem das Zwischenspiel bei ihm vorüber, will er zu
203 2015 1178 2087 Dann Frau Berta Garlan. Die langsam erwachende
2736 2041 3121 2113 Heute beginnt die
2138 2053 2663 2117 „Gyges und sein Ring“.
1186 2053 2143 2118 seiner Frau zurückkehren, die durch einen neuen
213 2065 1186 2115 Sehnsucht nach Glück in dem Herzen der jungen
2144 2087 3122 2163 allgemeine Ausgabe der noch vorhandenen Einzel¬
1178 2087 2146 2159 Erfolg als Bühnenkünstlerin ihm in erneutem
199 2096 1178 2160 Witwe, wie sie ihm entgegengeht — suchend ta¬
2149 2141 2731 2203 karten für die Kainz=Abende.
1189 2127 2152 2199 Lichte erstrahlt. Aber sie will nicht — sie will ihm
207 2135 1186 2216 stend und doch unentwegt— wie die große Liebe
1192 2176 2155 2252 Freundin sein — nichts weiter, wie sies ausge¬
217 2182 1183 2253 sie sehend macht — sie emporträgt über alle klein¬
2283 2170 3120 2259 — Landestheater. Heute Freitag den 17.
1189 2217 2155 2290 macht, sie will sich treu bleiben, „denn worin wären
215 2226 1184 2311 lich-engherzigen Bedenken, und dann der kurze
2145 2227 3120 2294 findet eine Aufführung der Oper „Hoffmanns
1191 2261 2154 2348 wir jetzt besser, als all die Anderen, die wir ver¬
218 2275 1182 2338 Rausch, der ihr kaum zum Bewußtsein kam — kaum
2153 2272 3122 2327 Erzählungen“ als 80. Abonn.=Vorst. 4. S.
1179 2306 1377 2399 achten?“
2155 2319 3127 2379 statt. Morgen wird die Operettenneuheit „Frau
210 2310 1177 2382 ihr Sein erfüllte und an den sie doch unzählige,
1287 2325 2147 2415 Und trotzdem geht er nicht. Mann und Frau
217 2331 1199 2433 frohlockende Hoffnungen knüpfte und dann die kalte
2155 2362 3124 2439 Lebedame“ wiederholt. — Das neue Theater
1191 2392 2152 2461 stehen sich gegenüber, vor Welt und Menschen ge¬
217 2399 1187 2467 Douche, daß sie ihm nichts bedeutet als eine kurze
2157 2400 2639 2485 bleibt heute geschlossen.
1189 2432 2155 2510 hören sie einander an — trotz ihrer Kompromisse
210 2442 1196 2502 Episode. In fast allen Arbeiten Schnitzlers: Lie¬
2250 2449 3124 2515 9— Vortragsabend zugunsten des Pensions¬
1182 2476 2158 2547 und trotzdem wie — wie grausam wirkt hier — die
208 2485 1191 2562 belei, Freiwild, Märchen, Die griechische Tänzerin,
2147 2509 3126 2569 Institutes des Chor- und Orchester=Personals beim
1186 2540 1458 2606 Leidenschaft.
211 2526 1190 2599 Lebendige Siunden, in allen zeichnet er die deutsche
2157 2543 3123 2606 Deutschen Landestheater. Der angekündigte Vor¬
1268 2551 2146 2639 Und dann — besteht sie auf dem Auseinander¬
222 2575 1185 2647 Frau, deren Grundzug die Treue ist. Im Manne
2146 2590 3131 2646 tragsabend findet Mittwoch den 22. d. M. im
1193 2612 2147 2691 gehen — er ist verzweifelt und geht — aber wir
227 2621 1191 2681 liegen Leidenschaft und Vernunft in ewigem
2146 2635 3125 2694 [„Hotel Zentral“ statt und dürfte, den Vor¬
1197 2660 1739 2736 ahnen daß er wiederkommt.
221 2657 1184 2725 Kampse. Er ist beider Sklave und schwankt hin und
2145 2668 3136 2743 bereitungen nach zu schließen, sich zu einem äußerst
1267 2686 2145 2759 Die Frau ist die Starke. Sie hat sich durch
226 2704 1189 2773 her — ruhelos — ohne den Schwerpunkt zu fin¬
2160 2723 3132 2784 animierten Abend gestalten, da ein großer Teil
1189 2746 2146 2818 Jahrtausende alle Zucht in der Gewalt, sie kann
221 2755 1146 2816 den! Die Frau aber nimmt selbst eine Liebelei -
2149 2753 3134 2831 unseres Künstlerpersonals unter der Leitung des
1190 2787 2151 2863 schweigen und leiden — sie kann schweigen und sich
221 2790 1197 2861 eine Liebschaft — ein Intermezzo ernst — die ist
2147 2805 3129 2870 Kapellmeisters Ottenheimer die Mitwirkung
224 2839 1023 2923 immer mit ihrem ganzen Herzen dabei.
1194 2846 1368 2919 sehnen.
2150 2860 3122 2921 zugesagt hat. Die Damen: Schubert, Siems, Ca¬
1271 2854 2161 2957 Die ganze Kraft der Liebe liegt in der Beherr¬
312 2861 1192 2943 Ich las einmal irgendwo eine wie mir dünkt
2158 2903 3130 2954 rena, Nigrini, Finger, Tautenhayn, Reich, Frey,
221 2920 1203 2990 vortreffliche Charakterisierung der mitteleuropäi¬
1194 2919 1358 3001 schung!
2160 2939 3139 3002 sowie die Herren: Kapellmeister Ottenheimer,
1265 2947 2153 3018 Unsere gange Gesellschaft und Geselligkeit ist
221 2962 1197 3037 schen Frau. Die Italienerin sagt: Er hat mich ge¬
2160 2988 3135 3048 Schücker, ferner die Herren: Waschmann, Boruttau,
1198 3002 2161 3073 auf Höflichkeit aufgebaut, einer verfeinerten Form
226 3017 1196 3078 liebt, er hat mich verraten, ich werde mich rächen,
2156 3042 3138 3086 Leonhardt Zottmayr, Piccaver, Pauli, Onno,
1193 3052 2159 3117 der Lüge. Warum soll oder kann es im Kleinen an¬
214 3053 1196 3116 wo ich kann. Die Spanierin: Ich werde ihn töten.
2160 3073 3138 3133 Victora, Tautenhayn, Bauer, Löwe, Fischer, Hafer
1199 3091 2161 3157 ders sein als im Großen? Ist ein Zusammenleben
218 3093 1193 3166 Die Französin: Ich werde mich mit einem anderen
2166 3124 3135 3178 werden auf dem Podium erscheinen. Doch ist da¬
1195 3128 2158 3209 überhaupt möglich auf Wahrhaftigkeit gegründet,
227 3136 1200 3207 trösten. Die Engländein: Gut, daß er mich nicht
2164 3155 3127 3218 mit die Liste der Vortragenden noch nicht erschöpft.
1196 3186 2156 3249 absoluter Wahrhaftigkeit? Wenn man alles sagen
230 3185 1202 3249 bestohlen hat. Und die Deutsche: Ich hab ihn ge¬
2164 3216 3124 3261 Bisher ist dem Prager Publikum noch niemals Ge¬
1193 3225 2165 3294 würde was uns durch die Seeele zieht, immer, wäre
226 3227 1199 3304 liebt, er hat mich verraten — ich werde beten, daß
2159 3255 3144 3318 legenheit geboten worden, unsere Künstler, denen
1201 3256 2161 3338 es nicht oft eine Entweihung — oft eine Grausam¬
218 3287 612 3352 er glücklich werde.
2151 3296 3132 3364 sich überdies noch der Komponist der letzthin so
318 3294 1196 3378 Das ist ein Grundzug der deutschen Frau. Sie
1201 3313 1802 3397 keit — oft sogar ein Frevel?
2153 3329 3138 3394 erfolgreich gegebenen Operette „Die Lebedame“
1282 3330 2157 3417 Ist Aufrichtigkeit nicht ein Hirngespinst? Auf¬
227 3347 1216 3424 ist sentimental und nimmt die Liebe ernst in jeder
2155 3372 3134 3440 Herr Dr. A. Götzl, zugesellen wird in so großer
1193 3394 2163 3464 richtigkeit, Wahrheit, die von tausend Zufälligkeiten,
234 3399 1203 3471 Form — sie spielt nicht — sie liebt wirklich. Und
2162 3408 3137 3484 Zahl außerhalb der Bühne auf dem Vortrags¬
1192 3445 2161 3512 tausend Launen abhängig ist? Ist Wahrheit etwas
243 3453 1146 3512 daraus ergeben sich die allermeisten Konflikte.
2161 3461 3137 3524 podium wirken zu sehen. Den Besuchern des Abends
324 3475 1199 3545 Und in all seinen Arbeiten schwingt leise, leise
1195 3483 2155 3549 Feststehendes oder hat sie hundertfache Gestalt, hun¬
2160 3507 3139 3573 steht daher ein seltener Genuß bevor, und ein zahl¬
235 3524 1205 3597 ein Ton mit, unhörbar oft, vom glänzenden Or¬
1205 3529 2165 3597 dert Ecken und Kanten, hundert Seiten? Jede
2155 3543 3150 3614 reicher Besuch steht schon aus diesem Grunde, wie
230 3570 1196 3638 chester seiner reichen, wunderschönen Sprache be¬
1196 3569 2052 3655 hat ihre Berechtigung, hat ihre Begründung.
2159 3603 3134 3657 angesichts des wohltätigen Zweckes der Veranstal¬
243 3615 1202 3681 gleitet, die sich wie ein Silberkranz um die tief¬
1296 3627 2162 3686 Wahrhaftigkeit! Ein Begriff, der nur im
2168 3636 3141 3698 tung, außer Zweifel. Nach Schluß des Programmes
231 3654 1207 3729 sinnigen Handlungen windet, ein Spott, ein lei¬
2165 3678 3146 3739 wird getanzt; die Musik bejurgt die Kapelle des
230 3656 2159 3782 ses Lächeln über unsere Ehr= und Höflichkeitsbe= Hirn von Toren lebt, von Träumern! Es gibt keine
1210 3719 2161 3778 Wahrhaftigkeit, darf keine geben. Und dann warum
2161 3733 3136 3782 Musikverbandes. Der Kartenvorverkauf findet bei
238 3740 1207 3836 griffe. Er eifert nicht laut und vernehmlich wie
2156 3764 3138 3820 den Musikalienhändlern Wetzler und Porges
238 3761 2160 3863 Ibsen, er lächelt bloß — sein kluges, seines Lä¬ haftet dem Wort Wahrheit so ein Nimbus an und
1205 3800 2162 3865 in Wirklichkeit ist sie doch meist so brüsk, so hart.
2165 3805 3143 3876 statt. Vormerkungen auf reservierte Tische mit An¬
231 3830 1209 3889 cheln. Alles sollte verstummen vor dem Gott im
1204 3846 2164 3904 Warum ist die Lüge so versehmt, und in Wirklichkeit
2158 3845 3143 3914 gabe der Zahl der Besucher werden bis Dienstag
246 3870 1200 3949 Innern dessen Majestät allein wir uns beugen
2153 3896 3150 3958 den 21. d. M. schriftlich vom Komitee des Vor¬
237 3892 2168 3986 sollen. Aber daß der Gott im Innern eine Maje= liegt in ihr soviel Heroismus? Ist denn all unsere
2168 3934 3137 4013 tragsabendes, Neues Deutsches Theater, entgegen¬
243 3928 2168 4034 stät sei, darauf kommt es an. So sagt er im Mär= Beherrschungskunst nicht auch Lüge? Tausend sol¬
1202 3979 2163 4046 cher Fragen stürmen auf uns ein — während die
2164 3989 2403 4062 genommen.
237 3997 1202 4065 chen: „Wenn die Frauen nach Deinem Prinzip
2300 4009 3137 4086 Vereinstheater. Sonntag gelangt das beifäl¬
238 4019 2176 4115 handelten, dann könnte man sie auch darnach be= Handlung an uns vorüberzieht. Und dann sagt er
2165 4074 3128 4131 lig ausgenommene Lustspiel „Leutuant Goethe“
239 4063 2167 4147 urteilen. Aber vergiß nicht, die wenigsten haben uns, daß eben nur das Aeußerliche uns Halt gibt.
589 4140 3137 4200 rüshen aut einen! Kondenien; — Schamgefuhl — Rücksicht — Sitte. von Liposchitz und Okonkowl# i Wiederholung. Die
388 4129 559 4211 —
