3392 4320
226 317 1141 414 Grillnarzer-Preis
246 1310 605 1391 Telephon 12801.
422 1431 1100 1520 „UDSERVEN
238 1516 1352 1592 I. österr. behördl. konz. Unternehmen für Zeitungs-Ausechnitte
430 1570 1160 1657 Wien, I., Conoordiaplatz 4.
645 1633 949 1698 Vertretungen
240 1681 1356 1732 in Berlin, Budapest, Chicago, Christiania, Genf, Kopenhagen,
236 1723 1352 1772 London, Madrid, Mailand, Minneapolis, New-York, Paris, Rom,
418 1764 1202 1825 San Francisco, Stockholm, St. Petersburg.
589 1811 1001 1869 (Guallonangabe eime Gewühr.)
225 1877 636 1955 Ausschnitt aus:
647 1881 1284 1977 „ Welt & Haus, Leipzig
238 1990 397 2038 vom:
408 2022 1193 2114 nen eenen en en e en ee e enene.
414 3584 1227 3647 Arthur Schnitzler, der bekannte seinsinnige Wiener
408 3628 1230 3667 Autor, erhtell stach der einstimmigen Entscheidung des
410 3662 1231 3692 Preisrichterkollegiums für seine Komödie „Zwischen¬
432 3679 1245 3766 O spiel“, den Grillparzerpreis (5000 Kronen).
1290 291 1750 387 box 40//2
2397 1253 2786 1351 Telephon 12801.
1645 1435 2783 1551 P Mm en nn
1644 1519 2796 1587 O l. österr. bebördl. konz. Unternehmen für Zeitungs-Ausschyitte
1659 1585 1722 1632 60
1810 1589 2692 1681 Wien, I., Concordiaplatz 4.
1633 1665 1735 1718 2
2044 1647 2473 1728 Vertretungen
1680 1703 2803 1797 D in Berlin, Budapest, Chicago, Christiania, Genf, Kopen¬
1642 1745 2794 1827 hagen, London, Madrid, Mailand, Minneapolis, New -Vork,
1741 1786 2754 1863 Paris, Rom, San Francisco, Stockholm, St. Petersburg.
1656 1813 1742 1856 0
2058 1837 2451 1896 Quellonangabe ohne Gewahr.)
1654 1853 1719 1895 00
1640 1877 2142 1958 Ausschnitt aus:
2151 1855 2847 2011 NER TAGRLATT
1650 1967 1721 2011 55
1636 1969 2224 2085 & JAa LANLAPTSOS
1587 2055 2848 2154 Verleihung des Grillparzer=Preises an Schnitzler.
1661 2122 2511 2185 + Unser Wiener Korrespondent depeschiert:“
1655 2162 2844 2229 Die offizielle Nachricht über die Verleihung des Grillparzer¬
1604 2211 2840 2278 Preises straft alle Gerüchte Lügen. Der Preis wurde
1603 2258 2845 2311 weder dem ursprünglich vorgeschlagenen Ganghofer noch
1602 2290 2844 2360 Wildenbruch, der um der „Rabensteinerin“ willen
1603 2339 2855 2406 benannt worden war, noch Karl Schönherr zuerkannt, dem für den
1602 2384 2848 2447 „Sonnwendtag“ mit dem Bauernfeld=Preis belohnten Verfasser des
1604 2408 2848 2479 Dramas „Familie“ Vielmehr erhielt ihn Artur Schnitzler für
1601 2458 2854 2542 sein „Zwischenspiel“ das sich auf dem Spielplan des Burg.
1611 2522 2852 2583 theaters hält. Die Auszeichnung wurde einstimmig beschlossen.
1661 2546 2845 2610 Die von den „Frauen Wiens“ unter ideellem Vorsitz von Iduna
1603 2582 2851 2648 Laube und Christine Hebbel geschaffene Stiftung soll, wie genügend
1610 2633 2838 2687 bekannt ist, alle drei Jahre „für das relativ beste deutsche dramatische
1606 2665 2847 2732 Werk“ während dieses letzten Trienniums vergeben werden. Das Ziel
1621 2715 2845 2783 ist eine Hebung der Probuktion; als Bedingung gilt, daß das zu
1618 2759 2860 2815 ehrende Stück „an einer namhaften deutschen Bühne“ gespielt und
1606 2812 2724 2862 nicht schon von anderer Seite mit einem Preis bedacht wurde.
1662 2842 2845 2902 Bisher ist die Geschichte der Prämiierungen, die man durch willkür¬
1606 2888 2801 2959 liche Pausen unterbrochen hat, die folgende: 1875 Wilbrandt („Gracchus
1619 2923 2819 2989 1884 Wildenbruch („Harold“), 1887 Anzengruber („Heimg'sunden“ 1###
1621 2972 2784 3030 Wilbrandt („Meister von Palmyra“), 1896 Hauptmann („Hannen
1615 3009 2859 3065 1899 Hauptmann („Fuhrmann Henschel"), 1902 Hartleben („Roser¬
1616 3049 2890 3122 montag"), 1905 Hauptmann („Armer Heinrich"). Am auffalligstenP
1617 3090 2863 3165 war, daß man zweimal auf den Dichter von Schreiberhau zurückkaßt.
1666 3125 2874 3192 Schnitzlers Ehrung macht eine Versäumnis wett. Zu bedaugen
1619 3176 2862 3236 ist, „daß sie den feinen Eklektiker gerabe in einer Periode schwächeser
1621 3220 2826 3281 dramatischen Tätigkeit und unentschiedener Romanentwürfe tr#t
1624 3260 2862 3326 Nach seiner nun preisgekrönten, zierlichen und witzigen Ghe¬
1616 3295 2864 3360 komödie hat er nichts als den verfehlten „Ruf des Lebens“ und die
1614 3345 2859 3411 kleinen „Marionetten“ herausgebracht. Allerdings hat — worauf
1617 3388 2826 3454 die Wiener Meldung ja auch Bezug nimmt — das „Zwischenspic
1626 3414 2860 3496 am Burgtheater durch Kainz, den Vertreter des Kapellmeistets
1619 3472 2862 3531 Amadeus, einen Glanz empfangen, der in Berlin ihm nicht vergöntt
1615 3514 2857 3582 war. Wir denken bei Schnitzlers Namen an den „Grünen Kakadu#
1622 3564 2239 3638 und den „Schleier der Beatrice“.
