3344 4352
2001 142 2155 255 —.—
1288 268 1740 370 box 40/2
220 251 1138 370 Grillnarzer-Preis
504 1689 1620 1795 chende Administration Bohmens nicht zu erzielen
502 1755 1608 1822 ist. Die tschechischen Abgeordneten müssen jeder¬
499 1791 1609 1879 zeit hinter der tschechischen Beamtenschaft stehen
499 1860 1613 1926 und sie unterstützen. Wir müssen verlangen, daß
499 1906 1609 1963 nicht nur bei den Zentralstellen in Wien, sonder.
493 1965 1611 2030 auch bei den hohen Landesstellen in Prag und in
488 2005 1600 2056 Brünn das tschechische Element entsprechend ver¬
502 2058 1609 2129 treten ist. Was die geplanten deutsch=tschechischen
519 2106 1601 2153 Ausgleichsverhandlungen betrifft, so erkläre ich,
485 2141 1600 2224 daß ich jederzeit für einen gerechten Ausgleich bin
498 2210 1611 2275 und war. Nur dann werden wir uns ruhig in na¬
488 2255 1608 2307 tionaler Hinsicht entwickeln können. Die absolute
495 2294 1609 2369 Gleichberechtigung beider Volksstämme ist bei die¬
503 2344 1613 2428 sem Ausgleich unbedingt sicherzustellen. Ich wün¬
493 2405 1599 2464 sche schließlich die Gründung einer neuen bürger¬
505 2455 1606 2514 lichen-demokratischen Partei gegen die Konservati¬
500 2500 985 2571 ven und Klerikalen.
1019 2501 1605 2571 Alle fortschrittlichen Ele¬
969 2516 1034 2557 G
498 2557 1604 2620 mente, die nicht dem Arbeiterstande angehören,
499 2606 1597 2664 sollten sich in dieser neuen Partei vereinigen. Zum
495 2657 1599 2709 Schlusse besprach Abg. Prof. Masaryk die bevor¬
502 2699 1603 2770 stehenden Landtagswahlen und gab bekannt, daß
509 2755 1605 2838 die tschechische Fortschrittspartei mehrere Kandi¬
488 2797 1069 2881 daten aufstellen werde.—
650 2867 1459 2969 Konferenz über Polaer Fragen.
579 2950 1598 3016 Wien, 20. Jänner., (EDV.) Vorgestern fand
501 2997 1602 3052 beim Ministerpräsidenten Freiherrn v. Beck eine
490 3052 1600 3102 Konferenz statt, an welcher der Minister des In¬
1619 3027 2727 3122 nsen Peneschentenengenneneneneren rennerren che
501 3100 1599 3161 nern, Freiherr von Bienerth, der Statthalter
1611 3107 2712 3188 ich die Überzeugung gewonnen, daß die der Marine
488 3158 1594 3223 von Triest, Prinz zu Hohenlohe, mit einigen Be¬
1616 3162 2712 3223 bewilligten Mittel zwar unzureichend sind, aber mit
487 3198 1601 3266 amten der Triester Statthalterei, der Hafenkom¬
1608 3210 2704 3265 großem Geschick verwendet werden. Die kriegsmäßi¬
495 3248 1593 3309 mandant von Pola mit einigen Marineoffizieren,
1613 3264 2717 3329 gen Übungen bewiesen mir, daß die Verteidigung
489 3306 1588 3361 der Landeshauptmann von Istrien mit den Lan¬
1617 3312 2710 3358 der Monarchie zur See zu den besten Hoffnungen
502 3351 1587 3409 desausschußbeisitzern und eine Reihe von Mini¬
1601 3366 2708 3425 berechtigt. Dem nüchternen Beobachter mußte sich
497 3403 2713 3464 #wialbeamten teilnahmen. Die Konferenz währte! die Überzeunung aufdrängen, daß wir der Marine,
