3344 4352
1280 326 1741 428 box 40//2
195 330 1145 444 Grillparzer-Preis
565 714 976 782 Telefon 12801.
127 792 1443 916 Alex. Weigl’s Unternehmen für Zeitungs-Ausschnitte
1104 849 1295 902 Ausschnitt
442 886 1448 1010 „OBSERTEK Nr. 70
117 1011 1501 1107 sterr. behördl. conc. Bureau für Zeitungsberichte u. Personalnachrichten
228 1061 1346 1191 Wien. IX, Türkenstrasse 17.
436 1160 1120 1258 — Filiale in Budapest: „Figyelö“ —
123 1204 1505 1350 tretungen in Berlin, Chicago, Genf, London, Newyork, Paris, Rom, Stockholm.
127 1377 582 1475 usschnitt aus:
732 1491 1442 1626 Mustr. Mioner Estrablatt
144 1522 264 1616 om
220 1609 605 1723 11—70 7
605 2040 1081 2151 Theaterzeitung.
350 2119 1322 2233 Verleihung des Grillparzer-Preises an
526 2207 1132 2316 Vito Erich Hartleben.
438 2272 1334 2381 Aus Berlin wird uns telegraphirt: Wie
1332 2292 1529 2377 inclusive
150 2346 317 2421 Für 50
1347 2356 1506 2401 Porto.
320 2301 1323 2432 dem „Börsencourier“ aus Wien gemeldet wird,
232 2387 322 2440 100
1335 2388 1523 2450 Zahlbar
328 2377 1319 2462 ist thatsächlich der Grillparzer=Preis an Otto Erich
1319 2432 1539 2501 im Voraus.
230 2432 1314 2515 200] Hartleben für dessen „Rosenmontag“
232 2475 1577 2567 500 verliehen worden. Die Sitzung der Preis=itte ist das
174 2504 1588 2609 „ 1000 jury, in welcher diese Entscheidung gefällt zteht es den
245 2549 324 2618 In
325 2552 1425 2641 wurde, fand bereits am 2, Jänner statt. Das tern.
140 2602 317 2661 Abonnem
325 2591 1314 2686 Referat an die philosophisch=historische Classe der
140 2629 1581 2737 Abonnen Akademie der Wissenschaften wurde von der Preis=nthaltend die
315 2670 1319 2772 jury dem Vertreter der „Concordia“ Hofrath Uhl
1337 2711 1575 2768 Morgen¬
308 2725 1298 2800 übertragen. Nach den Bestimmungen des Stiftungs¬
1301 2735 1586 2806 ener Zeitung“)
153 2761 1299 2862 Inhalts briefes obliegt es der Akademie der Wissenschaften,
1307 2791 1584 2855 aftliche Leben
145 2801 1306 2913 blütt zu prüfen, ob allen Vorbedingungen für die Ver¬
1307 2835 1603 2897 Mittheilungen
144 2858 1202 2936 wodurch teihung des Preises entsprochen wurde.
156 2893 297 2943 des In¬
1196 2885 1300 2942 In
300 2883 1299 2987 den letzten Tagen hat nun eine Sitzung der
159 2926 283 2986 werden
307 2936 1300 3029 philosophisch- historischen Classe stattgefunden, in
292 2994 1300 3069 welcher constatirt wurde, daß die Vorbedingungen
303 3017 1298 3108 in vollem Maße vorhanden sind. In den Berathungen
287 3066 1301 3169 der Preisjury wurden auch die Namen Arthur
287 3106 1301 3218 Schnitzler-und Hugo v. Hofmannsthal in
291 3145 1293 3244 Erwassung gezogen, jedoch mußte von einer Verleihung
281 3190 1298 3272 des Preises an einen der beiden österreichischen
282 3228 1303 3323 Dichter abgesehen werden, weil von ihnen in dem
285 3281 1289 3368 Triennium 1898—1901 kein Werk aufgeführt wurde,
286 3310 1296 3408 das allen Erfordernissen, die an die Verleihung des
274 3362 1305 3451 Grillparzer=Preises geknüpft werden, entsprochen
276 3405 1313 3509 hätte. Schnitzler's „Lebendige Stunden“ kamen erst
274 3448 1281 3537 nach Ablauf des Trienniums zur öffentlichen Auf¬
279 3489 1282 3565 führung, und da die öffentliche Aufführung
263 3529 1284 3640 eine Vorbedingung ist, konnte dieses Stück nicht mehr
266 3565 647 3647 in Frage kommen.
375 3615 1284 3705 Der Jury für den Grillparzer=Preis gehören
269 3651 1297 3765 an: Für die Akademie der Wissenschaften Unterrichts=
268 3709 1282 3790 minister R. v. Hartel, für Norddeutschland
255 3756 1276 3844 Prof. Dr. Erich Schmidt, für Süddeutsch¬
262 3784 1276 3860 land Prof. Dr. Minor, für das Burg¬
251 3821 1285 3928 theater Director Dr. Paul Schlenther und für
264 3867 1257 3960 den Journalisten= und Schriftstellerverein „Con¬
253 3910 1267 4014 cordia“ Hofrath Uhl. Die officielle Publication
248 3954 1264 4046 der Zuerkennung des Grillparzer=Preises dürfte heute
251 4006 842 4085 Abends oder morgen erfolgen.
2509 807 2899 893 Telephon 12801.
1744 965 2904 1080 P MTErTSam
1750 1072 2906 1150 O l. österr. behördl. konz. Unternehmen für Zeitungs-Ausschnitte
1914 1132 2791 1208 Wien, I., Concordiaplatz 4.
2148 1197 2600 1267 Vertretungen
1767 1248 2889 1321 ∆ in Berlin, Budapest, Chicago, Christiania, Genf, Kopen¬
1741 1290 2893 1355 hagen, London, Madrid, Mailand, Minneapolis, New-Vork,
1850 1335 2862 1379 Paris, Rom, San Francisdolssustl#m St. Petersburg.
2155 1375 2555 1445 (Quelienangabe ohne ###währ.)
2461 1379 2678 1466 agbli“)
1748 1405 2241 1493 = Ausschnitt aus:
2316 1431 2741 1538 „Mühr. Osträu.
1725 1477 2399 1595 & Ven5 JANUAR 1908
1785 1531 2839 1706 Felegraphische Berichte.
1752 1703 2882 1782 (Privattelegramme der „Ostrauer Zeitung.“)
2025 1781 2620 1869 Der Grillparzerpreis.
1797 1850 2922 1932 Wien, 15. Jänner. (Privattelegramm der „Ostr.
1712 1895 2921 1970 Ztg.“) Die Kommission zur Verteilung des diesjährigen
1704 1944 2929 2027 Girillparzerpreises hat diesen heute einstimmig dem
1704 1991 2920 2088 Dichter Arthur Schnitzlaxsfür dessen Schauspiel „Zwi¬
1711 2053 2913 2132 schenspiel“ zuekkanmt. Der vorjährige Grillparzer¬
1710 2107 2918 2186 Preis wurde Gerhart Hauptmann für sein Drama
1715 2164 2621 2232 „Der arme Heinrich“ zugesprochen.
1794 2248 2925 2338 Diese Nachricht unsères Wiener Korrespondenten
1687 2327 2926 2369 kommt höchst überraschend. Wie bekannt, schwirrten in
1706 2374 2934 2433 den letzten Tagen allerlei Gerüchte in der Presse, die
1708 2422 2928 2490 von einer Vergebung des diesjährigen Preises an Wil¬
1710 2470 2921 2543 denbruch für sein Trauerspiel „Die Rahenstei¬
1704 2522 2921 2581 nerin“ mit ziemlicher Bestimmtheit sprachen. Auch
1711 2567 2924 2634 Schönherr mit seinem Werke „Familie“ wurde ge¬
1710 2602 2923 2697 nannt. Mit vollem Recht machte ein Teil der Wiener
1713 2671 2911 2729 Presse gegen die diesjährige Vergebung des Grillpar¬
1708 2722 2917 2774 zerpreises an einen Reichsdeutschen energisch Front. Es
1703 2764 2924 2823 wäre mehr als bittere Ironie, wenn dieser dem größten
1705 2817 2950 2879 österreichischen Dichternamen führende Preis wieder nach
1702 2866 2922 2923 Deutschland gewandert wäre, wie alle bisherigen Preise.
1712 2895 2946 2996 Bis jetzt erhielt Hauptmann zweimal den Preis, für
1705 2962 2925 3028 seinen „Fuhrmann Henschel“ und für den „Ar¬
1708 3004 2921 3079 men Heinrich“ Hartleben einmal für seinen „Rosenmon¬
1705 3047 2928 3115 tag“. Nun wurde Schnitzler mit dem Preise, zum ersten
1705 3098 2699 3180 Male also ein Oesterreicher, ausgezeiichnet.
2733 3113 2912 3178 — Das
1706 3165 2915 3227 Schauspiel „Zwischenspiel“ ist vor zwei Jahren zum
1704 3198 2916 3267 ersten Male im Burgtheater zur Aufführung gekommen
1699 3266 2913 3331 und behandelt das Eheleben des Musikers Amadeus und
1706 3305 2918 3376 seiner Gattin, einer berühmten Sängerin. Schnitzler
1707 3353 2918 3412 legte in dem Stücke weniger auf Handlung als auf
1705 3412 2921 3485 psychologische Feinheit sein Hauptaugenmerk und so haf¬
1706 3450 2917 3513 tet diesem Werke viel Novellistisches und weniger Dra¬
1704 3510 2927 3570 matisches an. Insbesondere der Schluß des Werkes läßt
1708 3548 2925 3611 ziemlich unbefriedigt. Am Burgtheater wurde das Künst¬
1661 3615 2901 3742 lerpaar im Stücke ven Josef Kainz und Lotte Witt
1667 3656 2894 3791 glänzend gespielt. Namentlich die kühngeniale Kunst des
1677 3719 2895 3825 ersteren verhalf dem Werke zu einem großen Erfolge.
1666 3760 2896 3892 Doch abgesehen von jeder Kruik: Freuen wir uns-bar¬
1666 3813 2898 3929 über, daß das österreichtsche Literatentung seinem
1656 3868 2881 3967 besten derzeitigen Vertretex durch die einmtsümige Ver¬
1663 3929 2472 4040 leihung des Preises geehrt wurde.
