3392 4352
262 299 1190 402 Grillparzer-Preis
1330 284 1788 378 box 40/2
2029 240 3031 327 Verleihung des Grikparzer=Preises an Artho“
2394 307 2642 392 Schnitzler.
2141 378 3016 449 Der Grillparzer=Preis, um den diesmal mehr
2018 447 3014 496 als hundert Amtoren in Bewerbung standen, wurde
2034 493 3031 553 geßtern trotz der im Curatorium, das zugleich als
2036 535 3001 584 Preisrichter=Collegium zu fungiren hatie, an
2025 573 2756 630 gelauchten Meinungverschiedenheiten
2885 568 2995 627 mi
2033 613 2998 669 Stimmeneinhelligkeit Dr. Arthu¬
2038 668 3029 722 Schnitzler für sein Bühnenwerk „Zwischen.
2022 707 3031 771 ramehen, einer Dichtung, die zum
2024 753 2725 817 Aire des Burgtheaters gehört.
2144 788 3030 841 Das aus den Herren Director Dr. Paul
2025 855 3028 901 Schlenther, Hofrath Dr. Burckhard
2040 875 3022 949 Schriftsteller Ludwig Hevesi und Professor
2037 933 3019 999 Erich Schmidt bestehende Preisrichter=Collegium
2039 976 3036 1028 ## Rittags unter Vorsitz des Hofrathes Professors
2036 1068 3028 1132 den Preis nach mehrstündiger lebhafter Debatte, in
2034 1109 3024 1179 der auch für Schönherr und Wildenbruch
2025 1159 2894 1210 plaidirt worden sein soll, Schnitzler zu.
2156 1174 3021 1252 Unmittelbar nach der Sitzung des Preis¬
2034 1246 3028 1301 richter = Collegiums, die in einem Saale der
2032 1284 3027 1334 Universität stattgefunden hatte, trat die philosophisch¬
2034 1338 3031 1402 historische Classe der Akademie der Wissenschaften
2035 1391 3037 1446 zn einer Sitzung zusammen, in welcher Hofrath
2029 1424 3022 1476 Dr. Jacob Minor über die getroffene Ent¬
2044 1472 3041 1521 scheidung der Preisrichter referirie. Nach dem aus¬
2049 1511 3042 1571 führlichen Reserate wurde die Entscheidung des
2050 1559 3031 1619 Preisrichter= Collegiums von der philosophisch¬
2038 1604 3039 1647 historischen Classe der Akademie der Wissenschaften
2040 1657 3026 1703 einstimmig genehmigt und Arthur
2054 1694 3036 1757 Schnitzler sonach der Grillparzer=Preis end¬
2046 1727 2364 1806 giltig zuerkannt.
2155 1824 3041 1890 Der Grillparzer=Preis, den diesmal also doch
2042 1885 3041 1934 ein „österreichischer Dichter davontrug,
2042 1939 3030 1991 wird“ von je drei zu drei Jahren am 15. Jänner,
2038 1976 3034 2031 demh Geburtstage Grillperzer's, verliehen. Zuletzt
2022 2018 3060 2087 ekam ihm Hartleben für „Rose
2046 2073 2295 2145 montag“.
2146 2159 3039 2230 Ueber den Verlauf der Sitzung gehen uns
2031 2186 3045 2261 folgende Mittheilungen zu: Den Vorsitz führte Hof¬
2041 2259 3051 2317 rath Minor, der eine Zuschrift Erich Schmidt's
2044 2293 3051 2365 vorlegte, welcher sein Fernbleiben entschuldigte. Un¬
2046 2334 3053 2388 aufschiebbare Berufsgeschäfte hatten ihn zurückgehalten
2056 2381 3037 2431 in Berlin. Erich Schmidt üvertrug diesmal sein
2043 2414 3066 2482 Stimmrecht nicht auf einen Wiener Preisrichter,
2042 2463 3075 2536 sondern hatte eine wohlmotivirte Kundgebung ein¬
2046 2504 3045 2557 geschickt, die sich eingehend mit Arthur Schnitzler be¬
2049 2549 2253 2606 schäftigte.
2158 2580 3037 2643 Es entspann sich eine sehr bewegte Debaite.
2051 2625 3042 2676 Einhundert sechsundachtzig Bühnen¬
2046 2671 3048 2724 werke lagen der Jurn vor. Alle möglichen Namen
2043 2704 3044 2772 tauchten auf und verschwanden. Mau nannte
2053 2759 3045 2822 Vollmöller, Hirschfeld, Halbe, Bern¬
2060 2800 3037 2864 stein, Bahr, Wildenbruch, Schönherr,
2052 2845 2467 2908 Fulda und Andere.
2157 2868 3055 2936 Wildenbruch war rasch abgethau. Er hatte
2055 2924 3052 2979 vor Jahren den Grillparzer=Preis mit seiner Dichtung
2065 2963 3048 3025 „Harold“ davongetragen. Diesmal mußie er wegen
2042 3005 3049 3070 der „Rabensteinerin“ eine herbe Keitik erfahren.
2063 3057 3040 3113 Gegen Schönherr wuede geltend gemacht, sein
2049 3098 3041 3152 Drama „Familie“ habe, bei aller Anerkennung
2044 3139 3040 3198 des ihm innewohnenden literarischen Werthes, keinen
2386 3189 2991 3253 10. Janiler 190s Seite 9
2149 3282 3038 3329 In der Debatte wurde die Frage erörtert, ob
2037 3317 3038 3370 der Grillparzer=Preis einem Dichter für seine
2042 3361 3040 3405 gesammte, innerhalb eines bestimmten Zeitraumes
2048 3406 3039 3463 hervorgetretene Production oder einer bestimmten
2054 3444 2619 3498 Dichtung zuzuerkennen sei?
2153 3478 3046 3538 Es sielen diesbezüglich sehr interessante Be¬
2034 3531 2265 3587 merkungen.
2153 3559 3029 3609 Da nannte ein Preisrichter den Namen Arthur
2036 3610 3031 3665 Schnitzler und beschäftigte sich eingehend mit der
2047 3651 3036 3699 Persönlichkeit und dem literarischen Schaffen dieses
2040 3695 2236 3749 Mannes.
2154 3745 3038 3803 Das wur das Signal, jede weitere Discussion
2042 3784 3046 3825 einzustellen. Man begenete sich in der Auffassung, es
2038 3825 3043 3866 könne der Grillparzer=Preis keinem würdigeren
2041 3863 3044 3927 Dichter verliehen werden, als Schnitzler, der
2033 3907 2692 3969 Oesterreich zur Zierde gereiche.
2155 3948 3034 4022 Und einstimmig wurde die Entscheidung
2040 3987 2225 4068 gefällte
