3392 4352
254 257 1260 356 Grillnarzer-Preis
953 604 1346 694 Telephon 12801.
187 750 1321 872 2 MinreerrreT ZMR
196 845 1344 926 O l. österr. behördl. konz. Unternehmen für Zeitungs-Ausschnitte
205 885 281 932 6
357 902 1232 1012 Wien, I., Concordiaplatz 4.
573 993 1011 1056 Vertretungen
226 1025 1331 1105 D in Berlin, Budapest, Chicago, Christiania, Genf, Kopen¬
183 1071 1340 1147 hagen, London, Madrid, Mailand, Minneapolis, New-Vork,
290 1109 1298 1189 Paris, Rom, San Francisco, Stockholm, St. Petersburg.
601 1156 996 1216 (Quelienangabe ohne Gewähr.)
188 1184 658 1263 7 Ausschnitt aus:
186 1257 260 1307 135
695 1247 1392 1340 Le Figaro, Paris
175 1285 691 1366 E vom: -ZMRT 1908
673 1422 839 1466 ———
315 1413 1189 1523 De Vienne, on nous écrit que lé prix Grill¬
288 1485 1199 1579 parzer, décerné tous les trois ans à l'auteur
296 1534 1181 1602 de l’ouvrage dramatique représenté avec le
298 1571 1192 1650 plus de véritable succhs sur une schne alle¬
300 1608 1168 1677 mande ou autrichrene, à été décerné à M.
292 1638 1171 1710 Arthur Schnitzler Luteur du Perroquet verd
297 1683 1176 1754 ét du Sonpr Tadien si remarquablement
287 1728 1173 1804 joué naguère aux Bouffes-Parisiens.par Mme
298 1756 669 1837 Charlotto Wieho.
784 1797 1141 1889 Serge Basset.
925 2252 1320 2336 Telephon 12801.
181 2361 253 2445 8
186 2437 252 2505 2
269 2426 1150 2532 mim teererere
184 2528 1337 2585 O l. österr. behördi, konz. Unternehmen für Zeitungs-Ausschnitte
359 2569 1227 2676 Wien, I., Concordiaplatz 4.
574 2641 997 2713 Vertretungen
224 2701 1323 2785 in Berlin, Budapest, Chicago, Christlania, Genk, Kopen¬
246 2739 1335 2798 hagen, London, Madrid, Mailand, Minneapolis, New-Vork,
284 2778 1307 2833 Paris, Rom, San Francisco, Stockholm, St. Petersburg.
600 2822 987 2877 (Quellenangabe ohne Gewähr.)
179 2827 1340 2950 4 Ausschitt aug:  22e
992 2933 1262 2999 Sa
188 2976 818 3080 G vodp U 7 J 00.
262 3080 1571 3155 Wienne. — Le nombre des israéhifes qui abjurent le judaisme
235 3148 1547 3202 pour le christianisme ou pouwge-déclarer sans confession. s’ac¬
244 3192 1569 3251 croft dans des proportions chjsidéräbles d’année en annf). En
235 3232 1567 3297 1868, on comptait à Vienne 7 cohversions. En 1880, le #ombre
232 3292 1556 3341 s’en élevait à 110; en 1890, à 302; en 1900, à 561; en 1903, à
236 3316 1568 3386 882; dans un espace de 36 ans, ily a en 9.085 israélites f#ont
245 3375 1559 3427 abjuré leur religion, à savoir 5.097 hommes et 3.988 femmes. La
233 3440 1556 3497 conversion se produit pour le plus grand nombre à l’époque du
242 3477 1113 3547 marlage et pour raison de mariage mixte.
858 3546 962 3609 * 4
366 3595 1561 3671 Le prix Grillparzer, fondé en l'honneur du grand poéte
244 3657 1571 3720 autrichien par l'Académie des Seiences de Vienne et attribué
232 3710 1574 3781 tous les trois ans au meilleur ouvrage dramatique allemand paru
241 3758 1565 3811 dans cette période de temps, vient d’étre décerné à un israélite.
246 3804 1563 3858 le docteur Arthur Schnitzler pour son drame Zunschenspiel. Le
243 3856 1568 3920 jury, qui se composait-dernotäbilités de l’Université=dé Vienne,
240 3917 1568 3969 de celle de Berlin, de critiques d’art et de directeurs de theätre,
240 3965 1575 4019 avait à examiner 94 ceuvres dramatiques et s’est prononcé à
253 4013 1561 4068 ’unanimité pour le drame de Schnitzler, dont les cuvres théä¬
246 4066 1582 4129 erales obtiennent toujours le plus vif sueccs. Le lauréat n’à guere
240 4106 745 4175 Jépassé la quarantaine.
1326 247 1769 343 box 40/2
2693 372 3091 460 Telephon 12801.
1959 463 2022 519 72
1947 510 2025 540 —
1933 534 2019 605 *8
2029 463 2498 630 A
2611 544 3062 637 Treanen
1934 643 3085 703 □ l. österr. behördl. konz. Unternehmen für Zeitungs-Ausschnitte
1952 675 2012 719 60
2100 681 2975 755 Wien, I., Concordiaplatz 4.
2323 762 2762 823 Vertretungen
1949 807 3072 858 0 in Berlin, Budapest, Chicago, Christiania, Genf, Kopen¬
1945 851 3075 912 hagen, London, Madrid, Mailand, Minneapolis, New-Vork,
2047 896 3040 950 Paris, Rom, San Fräncisco, Stockholm, St. Petersburg.
1949 903 2022 942 0
1954 938 2026 980 00
2353 928 2894 1014 quellenangabe oune RC MT-19#
1944 974 2004 1023 *
1965 971 3037 1052 c Ausenbniittens Wiendr Mxtrabiste, Wien
1954 1048 2023 1096 755
1945 1065 1978 1094 5
1936 1090 2163 1150 E vom:
2063 1199 2792 1275 Das abgelehute Liebesmahl.
2038 1267 2929 1330 Seit dem Bestande des Grillparzer=Preise¬
1928 1320 2944 1371 war es Sitte, einige Tage nach der Zuerkennung
1940 1356 2940 1407 ein Banket zu veranstalten, bei welchem der
2508 1390 2930 1456 der Seite des
1922 1400 2512 1462 preisgekrönte Dichter an
1925 1437 2932 1510 Präsidenten der Akademie der Wissenschaften,
1928 1486 2922 1534 umgeben von den Mitgliedern der Jury, saß.
1925 1518 2931 1584 Und sehr interessante Reden wurden manchmal
1941 1564 2928 1617 gehalten. Heuer bekam Arthur Schnitzler den
1937 1606 2928 1678 Grillparzer=Preis. Ein Liebesmahl findel aber nicht
2774 1650 2907 1712 —sch.
1935 1655 2722 1719 statt. Der Poet hat es abgelehnt ...„
2463 2198 2865 2289 Telephon 12801.
1727 2327 1802 2404 8
1712 2400 1803 2468 8
1812 2378 2788 2494 Biner BerrSSn
1726 2487 2874 2532 O l. österr. behördl. konz. Unternehmen für Zeitungs-Ausschnitte
1893 2530 2769 2629 Wien, I., Concordiaplatz 4.
2110 2611 2542 2674 Vertretungen
1709 2613 1828 2667 4
1745 2642 2872 2723 0 in Berlin, Budapest, Chicago, Christiania, Genf, Kopen¬
1722 2695 2871 2767 ## hagen, London, Madrid, Mailand, Minneapolis, New-Vork,
1733 2719 1772 2752 *
1836 2732 2853 2802 Paris, Rom, San Francisco, Stockholm, St. Petersburg.
2145 2781 2535 2850 (Quellenangabe ohne Gewahr.)
1722 2830 2213 2919 * Ausschnitt aus:
2310 2841 2786 2922 La Vita, Roma
2042 2914 2556 3007 17. MEue 1908
1730 2957 1996 3040 E vom:
1827 3054 2770 3142 Premie mondiale Grillparzer „
1877 3100 2761 3197 Abbiamo da Vienna che il premio mondiale
1885 3168 2765 3223 Grillparzer (per il miglior lavoro scenico
1835 3201 2761 3259 di questir’ultimo decenniol fi assegnato ad una¬
1840 3220 2765 3289 nimità di voti allo Zwschenspfel (Intermez¬
1839 3247 2785 3340 zo) commedia satirica in tre atti. di Arturo
1863 3440 2752 3543 schunzier. I1 schiale, finissimo umorista vien¬
1814 3513 1930 3558 11#
1874 3493 2744 3581 L'intermeszo fu pubblicato Tanno scorso, nei¬
1837 3528 2758 3617 la preziosa traduzione del conte Gerolamo En¬
1837 3572 2757 3643 rico Nani dalla Nnord Antolonide venne rap¬
1851 3608 2754 3687 presentato Malla. Conwagnia Calabresi-Severi
1847 3642 2752 3719 al Manzeni di Milano 6 al Sannazzaro di Na¬
1840 3677 2756 3773 PPcli con huon successo, tuttavia assal infe¬
1850 3719 2753 3784 ##ore a quello che la fine e originalissima o¬
1847 3768 2362 3820 pera non ovesse dirilto.
1890 3782 2764 3853 Furono poi magaiormente #ate la trilogia“
1850 3807 2766 3886 Rose del Sudermann e L’etd eritica di Max
1845 3852 2752 3930 Drezer, esse pure fradotte con maestrin 421
1855 3905 2106 3970 collte Nani.
