3344 4352
1322 337 1773 419 box 40//2
257 335 1175 431 Grillparzer-Preis
1129 740 1529 827 Telephon 12801.
381 777 451 854 *
369 841 438 880 0
364 873 407 906 *
377 858 1511 1015 P um Wenemn
367 952 1506 1050 □ l. österr. behördl. konz. Unternehmen für Zeitungs-Ausschnitte
519 1004 1398 1124 Wien, I., Concordiaplatz 4.
743 1089 1181 1170 Vertretungen
341 1151 386 1189 *
365 1116 1491 1247 □ in Berlin, Budapest, Chicago, Christiania, Genf, Kopen¬
341 1174 1496 1273 E hagen, London, Madrid, Mailand, Minneapolis, New-Vork,
348 1206 419 1246 0
439 1208 1458 1321 Paris, Rom, San Francisco, Stockholm, St. Petersburg.
746 1259 1139 1346 Gnellenengabe nane Gerähr:
329 1284 1127 1412 7 Ausschnitt ausii Korilej.
1138 1331 1425 1442 Wien
316 1390 562 1457 E vom:
777 1432 1118 1533 Sage
576 1585 1005 1665 Auf der Straße.
378 1643 1319 1730 Ameier: Was sagen Sie dazu, lieber Bemeier,
276 1661 1313 1769 jetzt hat der Artur Schnitzler richtig den Grill¬
274 1718 858 1784 parzer=Preis bekommen:
378 1766 1122 1827 Bemeier: Das hat er nicht verdient!
380 1801 1126 1882 Ameier: Wer? — der Schnitzler?
378 1835 1140 1918 Bemeier: Nein, der Grillparzer!
1051 1916 1358 2018 AT2U11
1077 2381 1468 2471 Telephon 12801.
325 2549 1463 2672 S E ASnng
320 2642 365 2688 —
341 2639 1474 2718 ∆ l. österr. behördl. konz. Unternehmen für Zeitungs-Ausschnitte
338 2714 395 2758 60
498 2704 1374 2788 Wien, I., Concordiaplatz 4.
730 2792 1162 2847 Vertretungen
315 2790 424 2848 4
405 2817 1463 2896 in Berlin, Budapest, Chicago, Christiania, Genf, Kopen¬
329 2865 1467 2946 hagen, London, Madrid, Mailand, Minneapolis, New-Vork,
431 2921 1454 2983 Paris, Rom, San Francisco, Stockholm, St. Petersburg.
743 2951 1139 3010 (Quellenangabe ohne Gewahr.)
338 3013 403 3064 4
349 3014 823 3094 4 Ausschnitt aus
816 3042 1510 3131 razer Volksblati
342 3087 429 3136 555
345 3115 1057 3217 E vom
382 3192 1514 3249 * Im Burgtheater gibt es nicht viel neues. Schönherrs
303 3237 1517 3311 „Erde“, das unter allgemein angestaunter, in Österreich gar
313 3285 1510 3354 nicht gewohnter. Schnellig= und Fixigkeit den Bauernfeldpreis
316 3317 1520 3407 bekommen hat, (ist einstweilen vom Wochenplan abgesetzt, weil
308 3384 1514 3473 Kainz im (Ausland weist und dört unsere Oper anflegelt und
307 3427 1518 3506 den neuen Direktor, der den Stammesgenossen des Amtsvor¬
314 3487 1519 3563 gängers ein Dorn im Auge ist. Man sieht aus der ganzen viel¬
307 3525 1514 3612 besprochenen Angelegenheit wieder, daß es — wir wollen
311 3576 1515 3648 unsorecht gelinde ausdrücken — Cliquen gibt. Ja, Cliquen.
319 3628 1521 3716 Und diese beherrschen die Presse. Damit ist alles gesagt, wir
322 3674 1522 3747 brauchen das ominöse Wort gar nicht auszusprechen. Ja, der
313 3724 1518 3804 Bauernfeldpreis! Darüber doch noch ein kurzes Wort: Es
324 3784 1522 3847 war sehr auffällig, daß er, obwohl noch gar nicht fällig, so
317 3823 1523 3907 plötzlich und so unbestritten an Schönherr, ohne daß er darum
322 3867 1526 3948 ingereicht hätte, großmütig vergeben wurde. Man muß wissen,
366 3918 1520 3998 aß der Vorsitzende des Preisrichterkollegiums derselbe Hoch¬
379 3965 1531 4038 zulprofessor ist, der vor einem Monat nur den Juden Schnitz¬
402 4010 1536 4091 des Grillparzerpreises für würdig halten konnte, trotz der
394 4074 1536 4132 entlichen Ansicht, die für Schönherr eintrat. Er scheint einen
327 4111 1538 4193 Mnk mit dem Zaunpfahl belommen zu haben. Wir haben nichts
332 4181 1046 4232 hinzuzufügen als: öfter dergleichen!
1893 205 1965 280 5
1909 257 3002 378 MHMmTRTSn
1880 341 1928 385 —
1883 370 3034 427 □ l. österr. bebördl. konz. Unternehmen für Zeitungs-Ausschnitte
1902 415 1972 459 6
2059 406 2929 499 Wien, I., Concordiaplatz 4.
1884 483 1976 539 2
2276 497 2723 562 Vertretungen
1902 521 3024 587 0 in Berlin, Budapest, Chicago, Christiania, Genf, Kopen¬
1881 579 3034 632 hagen, London, Madrid, Mailand, Minneapolis, New-Vork,
1994 611 2995 680 Paris, Rom, San Francisco, Stockholm, St. Petersburg.
2301 658 2693 721 (Qurilenangabe ohne Gewal.
1900 669 1944 717 0
1923 711 2385 798 5Ausschnitt aus:
2443 710 3002 809 REICHSPOST, WIEN
1924 787 1977 833 5
1890 787 1934 834 *
2188 792 2358 859 1. 1908
1884 828 2111 883 E vom:
2349 915 2664 998 Literatur.
1963 968 3046 1055 Herr Julius Bauer für den Grill¬
2285 1034 2698 1104 parzerpreis.
1988 1078 3078 1153 Im Theater a. d. Wien wurde gestern eine
1914 1152 3082 1200 Operette aufgeführt, zu der Herr Lehär von der „Lustigen
1914 1185 3085 1241 Witwe“ die Musik, Herr Julius Bauer vom „Extra¬
2992 1227 3082 1268 W
1913 1231 3054 1290 blatt“ den Text geschrieben hat. Für die „N. Fr. Pr.
1913 1274 3078 1331 ist Herr Julius Bauer bereits „unser Bauer“
1913 1322 3083 1390 geworden — ob mit Beziehung auf die beim Leichen¬
1919 1389 3087 1438 begängnis ihres Chefredakteurs Dr. Bacher unterdrückte
1909 1435 3088 1491 israelitische Kultusgemeinde oder auf die literarische
2828 1473 3095 1536 — und als
1917 1471 2829 1538 israelitische Antikulturgemeinde ist die Frage
1909 1512 3092 1600 Beleg für die Monumentalität Bauerscher Poetik folgen
1918 1574 2471 1645 einige Versproben. Als:
2104 1615 2823 1692 Treu bin ich auf hiesgem Platze
2104 1671 2634 1725 Meiner Lori spät und früh,
2099 1697 2776 1754 Treu nicht minder meinem Schatze
2091 1751 2548 1804 In Paris, der Coralie.
2086 1806 2679 1879 Auch in London hab' ich eine,
2092 1868 2621 1921 Halte dort die Treue ihr —
2100 1899 2690 1960 Schelten soll darob mich keine,
2109 1939 2922 2007 Denn ich kann janichtsdafür.
2015 1988 2187 2056 Oder:
2103 2043 2632 2104 Ihr Männer im Paradiese,
2105 2078 2759 2142 In Logen, Parkett und Parterre,
2106 2128 2674 2172 Ihr alle vernehmet nun diese
2093 2174 2712 2214 Moral von der ganzen Affäre:
2097 2190 2844 2247 Der Eh'mann auf Reisen ist schädlich,
2109 2238 2799 2288 Drum bleibet im Lande, ihr Herr'n,
2104 2282 2777 2323 Und nährt eure Gattinnen redlich —
2115 2313 2934 2383 Das haben wir Weiber so gern.
2036 2365 2246 2443 Weiters:
2102 2419 2804 2467 Ach, vielleicht, wer kann es wissen,
2116 2459 2851 2526 Ist er im Grund nicht gar so schlecht,
2100 2502 2784 2559 Man wird Nachsicht üben müssen,
2109 2531 2918 2606 Es gibt ja doch ein Männerrecht.
2025 2574 3110 2660 Und schließlich: „Zum Schlummerlied“ — sagt die
1945 2638 3106 2703 „N. Fr. Pr.“ — „hat übrigens Bauer einen Text von
1937 2690 3111 2757 volksliederartiger Schlichtheit und lyrischer Liebens¬
1944 2741 2442 2817 würdigkeit geschrieben“:
2244 2782 2623 2853 pst... sei still!
2108 2791 2191 2851 Pst
2115 2832 2666 2888 Bienchen, summt nicht mehr,
2108 2871 2644 2917 Käfer, brummt nicht mehr,
2116 2893 2903 2979 Denn mein Hans, der will jetzt schlafen!
2127 2947 2596 3006 Vöglein singt nicht mehr,
2111 2972 2658 3036 Glöckchen, klingt nicht mehr,
2121 3001 2898 3077 Denn mein Hans, der will jetzt schlafen!
2121 3062 2651 3114 Täubchen, girrt nicht mehr,
2122 3095 2673 3151 Mücken, schwirrt nicht mehr,
2123 3136 2926 3205 Denn mein Hans, der will jetzt schlafen!.
2126 3177 2663 3232 Bächlein, rausch' nicht mehr,
2115 3206 2764 3266 Mägdlein plausch nicht mehr,
2110 3218 2918 3308 Denn mein Hans, der will jetzt schlafen!
2553 3285 2951 3354 lulltihn ein,
2353 3296 2556 3343 lulu —
2118 3296 2299 3345 Lulu
2128 3328 2799 3387 Wiegt ihn in den Schlummer fein!
2121 3369 2581 3426 Alle Läden schließet zu,
2130 3403 2650 3463 Niemand störe seine Ruh!
2127 3445 2723 3492 Lulu — luln — lullt ihn ein,
2120 3486 2758 3551 Träumen laßt ihn süß und fein.
2051 3508 3131 3599 Wenn das für die freisinnige Kultur in Oesterreich
1942 3585 3112 3640 tonangebende Organ die „volksliederartige Schlichtheit und
1958 3623 3121 3685 lyrische Liebenswürdigkeit“ dieses „Lulu — lulu — lullt
1962 3679 3109 3738 ihn ein“ empfindet und die dramatische Größe „unseres“
1962 3723 3115 3784 Bauer uneingeschränkt anerkennt, wie vermöchte sich der
1957 3774 3127 3834 Preisverleiher Jakob Minor, der Bewunderer des
1958 3809 3116 3884 Reigen=Schnitzler, solcher Anschauung zu entziehen?
1929 3938 3107 3986 Wir sehen es voraus; den nächstjährigen Grillparzerpreis
1939 3990 3108 4057 spricht man auf hiesigem Platze dem „Extrablatt“=Bauer
1937 4047 2017 4099 zu
2062 4037 3091 4083 wenn nicht vielleicht inzwischen Louis Taufstein
1940 4091 3110 4137 vom Budapester Orpheum etwas noch mehr imponierendes
1931 4137 2120 4214 schreibt.
