3344 4352
1330 290 1786 397 box 40/2
263 273 1185 406 Grillnarzer-Preis
2940 1411 3358 1502 ereengen eeeeerr  —
1555 1466 3350 1559 artiges Ding muß man schlechterdings als provinzmäßig bes wenn er auch mit vieler Müh
1569 1529 2651 1598 zeichnen, provinzmäßig im bösesten Sinne des Wortes.
2778 1549 3357 1612 nicht zur Clique; also bleibt:
1633 1586 2760 1643 Zu den Klassikeraufführungen des Deutschen Volkstheaters
2768 1592 3356 1659 stimmig auf den Schild zu
1559 1596 2755 1697 wurden auch die Schulen offiziell eingeladen und da ergab es
2765 1643 3347 1703 gödie! Oder sollte man diese
1571 1673 2767 1741 sich nun, daß ein Bezirksschulrat den Besuch empfahl, den
2762 1699 3335 1753 Art eine Komödie heißen?
654 1691 1552 1799 Wiener Theater. 6eee laden
1561 1725 2773 1793 „Nathan“ Lessings aber von der Befürwortung ausschloß.
2850 1732 3356 1802 Damit haben wir nun
1560 1773 2762 1844 Natürlich große Aufregung darüber! Aber warum? Soll man
2764 1772 3343 1852 Theater gesprochen. Was treibe
471 1764 1372 1869 (Originalbericht des „Grazer Volksblatt“.)
1563 1823 2759 1891 wirklich die Volks= und Bürgerschüler von dem süßredenden
2771 1836 3353 1892 holen. Einen Tag um den an
944 1839 1510 1914 Wien, 24. Jänner 1908.
1562 1872 2761 1941 Juden über das Religionsbetenntnis aufklären lassen? Wir
2767 1887 3349 1953 geben. Alle fünf anderen D
340 1901 1557 1984 (Klassikeraufführungen. — Grillparzerpreis.
1552 1907 2761 2002 stimmen dem Bezirksschulrat vollständig bei, er hat nur seine
2762 1925 3350 1998 Stück, das Josefstädter von d
381 1962 1558 2038 — Einseltsamer Fall. — Gretchen. — Das liebe
1559 1970 1854 2039 Pflicht getan.
2754 1981 3356 2041 das Lustspieltheater vom „fre
784 2009 1107 2075 Publikum.)
1641 1998 2756 2083 Weiters hat die ehrenwerten Gemüter aufgeregt, daß die
2760 2010 3356 2088 zollens“, das Intime Theater v
431 2042 1545 2119 Wir stehen nun auf dem Höhepunkt der heurigen Spiel¬
1548 2035 2765 2132 christliche Presse sich abfällig über die Zuerkennung des Grill¬
2774 2083 3359 2149 stück „Ein seltsamer Fa
331 2102 1551 2170 zeit. Jetzt sollte sich zeigen, was Dauerndes das Jahr gebracht
1551 2110 2759 2184 parzerpreises an # Schnitzler ausgesprochen hat. Darüber ein
2759 2121 3358 2191 von der „Frau Baronin“ 1
337 2157 1554 2227 hat, jetzt sollten Bühne und Publikum die reifen Früchte pflücken
1552 2145 2755 2232 offenes Wort: Wir häben d Aufführung des preisgekrönten
2756 2165 3344 2250 Spitzenklöppelei, die ein sichere
327 2202 1546 2273 können. Aber es steht heuer um die Erträgnisse so traurig
1553 2220 2755 2289 Stückes („Das Zwischenspiel“, Komödie in drei Akten)
2756 2217 3359 2285 innern sich die Leser noch, wel
333 2266 1546 2327 und trostlos wie die letzten Jahre und das Wort von der
1548 2258 2759 2315 wieder beigewohnt und uns dabei auf das äußerste geärgert.
2758 2266 3349 2329 rektor des Intimen Theaters
336 2306 1544 2363 Sterilität des modernen Theaters ist wieder wahrgeblieben.
1546 2312 2760 2369 Wie konnte man diesem Stück überhaupt einen dramatischen
2760 2328 3357 2386 geht er hin und läßt an all
430 2359 1545 2422 So ist es begreiflich, daß die Bühnen, die nun einmal Tag
1550 2355 2758 2425 Preis zuerkennen? Es entbehrt jeder Bühnenwirkung, es ist
2766 2362 3345 2440 schreiendsten Farben anbringen,
338 2398 1558 2455 für Tag spielen müssen, bei vollständigem Mangel an gutem
1544 2398 2755 2479 nichts wie die dreimalige breite, saft= und kraftlose Wiederholung
2755 2422 3346 2482 locken sollen. Auf diesem Pla
326 2453 1558 2499 Neuen zu dem Alten, zu den Klassikern greifen, die verhältnis¬
1550 2451 2761 2529 eines kleinen dünnen Feuilletongedankens. Es befriedigt nie¬
2760 2468 3357 2530 verwirrt und alles eher ahnen
338 2502 1552 2565 mäßig guten Bühnen nämlich, denn die anderen fühlen ja den
1560 2505 2759 2571 manden, die Handlung, wenn man überhaupt von einer solchen
2752 2509 3358 2578 institut werben soll, wimmelt
332 2547 1548 2610 Mangel nicht. Und so win# elt es derzeit geradezu von klassi¬
1551 2556 2753 2615 reden darf, scheint unmöglich, gesucht und der Ausgang unnatür¬
2762 2555 3358 2627 Halloh! Räubergeschichten! Au
327 2598 1550 2671 schen Stücken: Im Burgtheater wurden bisher im Jänner
1561 2602 2757 2668 lich, allem früheren nicht entsprechend. Das Stück scheint uns
2754 2613 3336 2668 gehaltenen „Huldigungsfest“ d
333 2646 1556 2709 zehn gegeben, im Deutschen Volkstheater beginnt man mit einem
1560 2651 2747 2722 im übrigen auch gar nicht originell. Es erinnert zu deutlich an
2750 2662 3356 2723 Erzherzog Rainer auch ein Sch
337 2693 1547 2769 Zyklus klassischer Dramen und auch im Raimundtheater kommen
1554 2704 2756 2767 Ibsens „Rosmersholm“ und „Nora“; zum Teil kommen Mo¬
2752 2711 3357 2775 vorgestellt. Der hohe Herr h
331 2753 1557 2808 Schiller, Grillparzer und Anzengruber zum Wort. Das ist
1554 2752 2750 2815 tive des französischen Ehebruchsschwankes in die Quere und
2752 2759 3358 2830 dies Theater kenne er gar nich
335 2795 1543 2853 gewiß recht löblich, wenn nur die Direktionen nicht erst in der
1560 2797 2750 2866 schließlich wagen sich sogar Hermann Bahrsche Theaterkunst¬
2748 2804 3356 2867 Plakate dazu bei, es — berücht
334 2844 1550 2896 Zeit der Not danach wie nach einem Rettungsseil griffen und
1545 2853 2753 2914 stücklein in das Gewebe der eigenartigen Komödie. Wir sind
2754 2848 3356 2928 Beispiel auch das Bürgertheate
331 2893 1545 2951 wenn die Aufführungen auch dem Stücke entsprächen. Vom
1542 2890 2753 2959 der Ansicht, daß sich das Stück ohne die Kraft eines Kainz,
2755 2900 3357 2962 kate sind besser, aber das Stü
333 2937 1546 3000 Burgtheater wollen wir hier nicht sprechen, das hat wohl nur
1557 2945 2750 3003 eines Treßler und einer Frau Witt überhaupt unmöglich
2753 2952 3349 3006 noch lärmender in die Trompet
340 2990 1551 3050 die Pflicht und die Schuldigkeit, alles daranzusetzen, um dem
1557 2998 2752 3049 aufführen ließe. Und doch halten es unter anderen zwei Uni¬
2750 3005 3352 3065 Tage zum hundertsten Mal au
335 3041 1543 3102 großen Inhalt auch eine große Form zu geben. Zwar bei der
1550 3046 2752 3109 versitätsprofessoren (Minor und Schmidt) für würdig eines
2749 3043 3346 3112 nämlich, die Groteske mit der
331 3075 1547 3147 Wiederaufnahme der „Medea“ hat man wieder so manches
1554 3095 2752 3159 Grillparzerpreises! Und diese sprechen dazu im Namen
2835 3096 3357 3160 O unser liebes Publikum
321 3130 1547 3199 Tadelwort gehört, aber wir wollen nicht ungerecht sein, das
1548 3137 2747 3195 einer kaiserlichen Akademie der Wissenschaften. Man fragt un¬
2745 3125 3357 3216 weinen, wenn man nicht klug
331 3179 1547 3239 ewige Vergleichen mit der Vergangenheit sollte seine Grenzen
1555 3193 2744 3251 willkürlich, ob denn gar kein anderes Stück in Betracht kam
2755 3193 3358 3268 nicht das eigentliche „Volk“ ist,
333 3234 1540 3291 haben und eine Schauspielerin, die keine Wolter ist, soll auch
1545 3242 2747 3298 Aber ja, Schönherrs „Familie“ wäre in jeder Beziehung preis¬
2748 3238 3350 3310 lichkeiten wie rasend beklatscht.
337 3279 1536 3333 keine sein wollen; so darf man die Medea der Frau Römpler¬
1539 3286 2743 3338 wert gewesen. Aber darin — man denke sich — wird der Ehe¬
2756 3291 3352 3351 nannten „Gebildeten“, die sich
329 3325 1543 3390 Bleibtreu immerhin dankbar hinnehmen. Aber das Rai¬
1544 3333 2749 3388 bruch verdammt und schwer gestraft! Das ist natürlich unbrauch¬
2752 3341 3358 3403 mehr wird vom Theater ja ni
331 3377 2746 3452 mundtheater verdient für die Aufführung von „Des Meeres bar! Das nennt man, um eine Entschuldigung für die Ablehnung
2750 3392 3356 3472 verlangt die heftigste Kritik und
334 3415 2774 3516 und der Liebe Wellen“ den heftigsten Tadel; ein der= zu haben, Schicksalstragödie! Überhaupt gehört ja Schönherr,
