3344 4352
208 296 1130 394 Grillnarzer-Preis
970 1417 1372 1524 Telephon 12801.
211 1596 304 1674 *
513 1601 1222 1702 MEEETKHES
223 1694 1368 1770 O l. österr. behördl. konz. Unternehmen für Zeitungs-Ausschnitte
389 1757 1259 1843 Wien, I., Concordiaplatz 4.
614 1825 1050 1891 Vertretungen
227 1870 1360 1939 0 in Berlin, Budapest, Chicago, Christiania, Genf, Kopen¬
213 1922 1368 1980 hagen, London, Madrid, Mailand, Minneapolis, New-Vork,
319 1957 1337 2010 Paris, Rom, San Francisco, Stockholm, St. Petersburg.
632 2001 1016 2057 (Quellenangabe ohne Gewähr.)
221 2047 700 2128 Ausschnitt aus:
215 2124 262 2171 an
795 2120 1453 2222 ATERLAND, WIEN
213 2147 803 2258 E vom: 6  150
1089 2229 1412 2317 Dr. F. R. 0
320 2251 1397 2356 Das aus den Herren Professor Minor, Direktor
289 2334 1391 2393 Dr. Schlenther, Hofrat Dr. Burckhardt, Lud¬
294 2372 1395 2440 wig Hevesi und Professor Erich Schmidt bestehende
291 2416 1392 2482 Preisgericht für den Grillparzerp;eis hat heute
281 2462 1398 2528 Nachmittags seine diesjährige Entscheidung getroffen und
285 2495 1393 2572 den Preis einstimmig dem in Wien lebenden Schrift¬
288 2544 1400 2614 steller Arthur Schnitzler für sein auf dem Repertoire
288 2593 1383 2662 des Burgtheat###Stück „Z,wischenspiel“
273 2645 1392 2701 zuerkannt. In die Genugtnung, die man darüber empfin¬
282 2680 1390 2750 den darf, daß diese Auszeichnung, die schon so oft nach
285 2723 1390 2788 Seutschland gewandert ist, endlich wieder einmal einem
297 2768 1388 2826 österreichischen Autor zufiel, mischt sich ein recht bitteres
288 2804 757 2865 Gefühl. Zugegeben,
761 2819 1387 2885 Schnitzler einer der begabtesten
276 2862 1396 2936 unter den „Modernen“ ist — darf der Name des großen
273 2899 1385 2952 vaterländischen Dichters in eine so nahe Beziehung zu
281 2944 1380 2998 einem Modeschriftsteller gebracht werden, der seine An¬
275 2992 1375 3049 regungen aus dem unserer Volksseele fremden Milieu des
277 3028 1383 3084 Chambre separde bezieht? Verdient der Autor des ge¬
275 3062 1393 3136 meinen Buches „Reigen" überhaupt einen Dichter¬
276 3122 1425 3217 preis? — Armer Grillparzer, daß du dich nicht wehren)
248 3140 457 3226 kannst!
1284 274 1745 371 box 40/2
2513 536 2906 610 Telephon 12801.
1769 642 1830 712 8
1753 709 1836 778 8
1859 694 2896 802 MinTTSIEn
1754 768 1840 818 —
1759 804 2904 855 ● l. österr. behördl. konz. Unternehmen für Zeitungs-Ausschnitte
1774 844 1836 895 60
1935 844 2800 933 Wien, I., Concordiaplatz 4.
2148 927 2587 986 Vertretungen
1770 963 2905 1025 0 in Berlin, Budapest, Chicago, Christiania, Genf, Kopen¬
1764 1024 1817 1059 1
1766 1011 2905 1084 # hagen, London, Madrid, Mailand, Minneapolis, New -Vork,
1871 1068 2870 1111 Paris, Rom, San Francisco, Stockholm, St. Petersburg.
1774 1075 1826 1114 0
2177 1100 2560 1154 (Queilenangabe ohne Gewähr.)
1764 1147 2250 1230 Ausschnitt aus:
2328 1168 2878 1265 REICHSPOST, WIEN
1756 1251 2225 1312 E vomiö 1. 1908
1801 1338 2885 1475 Theater, Kunst, Musik.
1808 1479 2877 1573 Die Verleihung des Grillparzerpreises.
1774 1553 2929 1626 Ein Schandmal der österreichischen Literatur.
1836 1606 2929 1683 Die diesjährige — heute erfolgte — Verleihung des
1753 1656 2932 1727 Grillparzerpreises übertrifft alle vorangegangenen Zuer¬
1763 1703 2924 1756 kennungen dieser Ehrengabe noch an Unbegreiflichkeit. Nach¬
1765 1755 2924 1807 dem das in seiner Mehrheit aus Oesterreichern oder doch in
1758 1805 2927 1858 Oesterreich lebenden Schriftstellern zusammengesetzte Preis¬
1766 1843 2936 1894 gericht durch volle vier Jahre keinen österreichischen
1766 1886 2931 1937 Dichter zu entdecken vermochte, der ihr des Preises würdig
1764 1929 2935 1991 erschienen wäre, hat sie, um die Dichtergabe nicht zum
1773 1974 2929 2020 fünftenmal dem Auslande auszuliefern, nach dem würdigsten
1760 2013 2937 2073 Wiener Bühnenautor gesucht und Artur Schnitzler als
1761 2060 2944 2123 solchen erkannt. Artur Schnitzler
1764 2101 2931 2154 parzerpreis! Niemand außer den fünf Preis¬
1762 2147 2935 2203 richtern, deren Urteil angeblich einstimmig gewesen sein soll,
1763 2193 2924 2236 wird den Zusammenhang begreifen. Aber nicht allein
1758 2231 2935 2294 Kopfschütteln wird diese Preiszuerkennung erregen, sondern
1759 2324 2938 2380 sie muß allgemeine Empörung bei allen jenen hervorrufen,
1774 2373 2938 2457 denen Oesterreichs literarischer Ruf noch am Herzen liegt.
1781 2421 2955 2477 Aerger hätte Oesterreich vor dem Auslande nicht blamiert werden
1764 2460 2934 2518 können als durch die Preiskrönung eines Bühnenantors
1760 2517 2934 2565 zum Meisterdramatiker, der geradezu der Typus des litera¬
1761 2553 2931 2594 rischen Dekadenten ist. Und für seine Komödie „Zwischen¬
1773 2594 2933 2643 spiel“, die nur unter den traurigsten Abhängigkeits=Ver¬
1764 2644 2942 2711 hältnisse von dem jüdischen Literatur= und Preßring,
1772 2676 2868 2733 unter dem das Bürgertheater heute schmachtet, zwe
1775 2728 2931 2781 Jahre mit Müh und Not am Spielplan erhalten wurde,
1766 2774 2534 2841 hat der „Dichter“ den Preis erhalten.
1841 2817 2923 2884 Es gibt nur eine Erklärung für die Zuerkennung des
1769 2862 2934 2932 Grillparzerpreises an den „Dichter“ des Pornographenwerkes
1759 2910 2944 2975 „Der Reigen“. Sie liegt in dem Tiefstand der literarischen
1766 2949 2842 3003 Verhältnisse in Oesterreich und insbesondere
1757 2995 2227 3055 Wien, und in der
2236 2991 2931 3046 erbärmlichen Abhängigkeit der
1760 3035 2227 3094 Führenden von der
2230 3048 2854 3100 Macht und dem Geiste
1761 3082 2934 3153 Indentums, die sich mit zähester Ausdauer der Herrschaft
1817 3132 2747 3179 er das literarische und geistige Leben der
1877 3173 2697 3226 pole zu bemächtigen suchen. Wie weit w
1897 3217 2636 3268 ung schon gekommen, wird bezeichnend
2948 3206 3010 3267 8020
1904 3262 2524 3320 bewiesen, daß der Wiener
2849 3260 2914 3318 ind
1882 3300 2521 3358 versitätsprofessor I
1869 3344 2451 3411 der die Preiszuerkennung an
2480 3347 2554 3412 chni
2731 3351 2855 3417 te. H
1842 3393 2930 3443 gtheaterdirektor Schlenther soll angeblich für
1803 3433 2923 3494 chönherr, wohl den wahren Anwärter auf den Preis,
1769 3469 2935 3526 eingetreten sein, aber die berechtigten Vorwürfe seiner Mit¬
1755 3514 2947 3582 schuld werden dadurch nicht aufgehoben; denn er ist es der
1758 3566 2930 3610 das echt österreichische Literatentum von der von ihm ge¬
1764 3610 2944 3669 leiteten Hofbühne und damit von der Preisbewerbung seit
1750 3650 2471 3715 Jahren einfach aussperrt.
1837 3700 2944 3759 Die Preiszuerkennung bedeutet für die österreichische
1746 3734 2926 3812 Literatur ein Schandmal, aber auch eine Warnung ein¬
1749 3792 2932 3840 dringlichster Art: Es muß der Kampf gegen den jüdischen
1755 3837 2938 3884 Geist, der bisher nur auf wirtschaftlichem Gebiete geführt
1755 3880 2932 3939 wurde, nun eidlich auch auf dem künstlerischen, wissenschaft¬
1744 3925 2934 3984 lichen und literarischen mit aller Kraft aufgenommen und
1744 3971 2788 4032 durchgeführt werden, bevor es überhaupt zu spät ist.
