3392 4384
1277 371 1734 460 box 40/2
233 378 1131 474 Grillparzer-Preis
1087 1632 1467 1704 Telephon 12801.
1177 1711 1321 1789 D#
573 1696 1264 1823 „UBSEAVEN
386 1770 1483 1888 L. österr. behördl. konz. Unternehmen für Zeitungs-Ausschnitte
569 1830 1299 1951 Wien, I., Concordiaplatz 4.
785 1911 1084 1985 Vertretungen
381 1934 1479 2049 in Berlin, Budapest, Chicago, Christianis, Genf, Kopenhagen,
372 1985 1476 2090 London, Madrid, Mailand, Minneapolis, New-York, Paris, Rom,
532 2032 1298 2133 San Francisco, Stockholm, St. Petersburg.
710 2083 1131 2156 (Gnellegangabe ohne Gewühr.)
365 2139 883 2244 Ausschnitt auss.#
606 2210 709 2262 ——
867 2186 1558 2292 MSPNER UOURFAAL
364 2228 716 2314 vom: 2 Lbrh
718 2247 1025 2350 Rheane
820 2297 900 2358 1
1329 2491 1414 2619 5
728 2623 958 2676 Literatur.
1341 2648 1410 2691 2.
382 2666 1407 2738 * Der Grillparzer=Preis, der bekanntlich wieder=
319 2709 1414 2767 holt Gerhardt Hauptmann zuerkannt worden ist und.
317 2763 1395 2823 überhaupt in den letzten Jahren ausschließlich nicht¬
317 2810 1402 2856 österreichischen Dichtern zufiel, soll, wie verlautet, in.
305 2851 1396 2906 diesem Jahre auf alle Fälle „im Lande“ bleiben, soll
316 2898 1386 2942 einem österreichischen Dichter zu teil werden. Als Kandi¬
304 2944 1389 3007 daten werden von eingeweihter Seite Arthur Schnitzler
310 2985 1387 3034 und Karl Schönherr genannt, beide zurzeit die erfolg¬
317 3029 1400 3086 reichsten Dichter des Burgtheaters in dieser Spielzeit,
313 3067 1390 3112 der eine mit seinem inzwischen auch auf reichsdeutschen
309 3110 1391 3178 Bühnen gegebenen „Zwischenspiel“, der andere mit seiner
308 3159 1119 3226 düsteren Schicksalstragödie „Die Familie“.
759 3220 927 3283 Musik.
382 3266 1394 3340 * Entgegen einer jetzt vielfach vertretenen Ansicht,
311 3317 1403 3388 die den Satz vertritt, man müsse in dem schöpferischen
304 3373 1390 3412 Genius Mensch und Künstler trennen, stehen wir un¬
303 3413 1396 3459 entwegt auf dem gegenteiligen Standpunkt. Wir sagen
302 3467 1406 3526 eiymal für Talent und Genie gelten die gleichen Gesetze,
2098 280 2132 342 —
2307 1370 2583 1454 —
1716 1462 2824 1529 L. österr. behördl. konz. Bureau für Zeitungsberichte u. Personalrachrichten
1897 1531 2657 1610 Wien, I., Concordiaplatz 4.
2124 1603 2431 1661 Vertretungen
1714 1656 2826 1700 in Berlin, Budapest, Chicago, Genf, London, New-York,
1706 1689 2827 1747 Paris, Rom, Mailand, Stockholm, Christiania, St. Petersburg.
1993 1733 2562 1807 (Quellenangabe ohne Gewähr.)
1716 1791 2862 1918 Ausschnitt aus lustfiertes Wiener Extrablatt
1926 1898 2226 1984 20. 1. 1905
1730 1942 1909 2009 vom:
1803 2039 2790 2155 75 Wiener Cheatergeschichten.
2311 2139 2464 2209 XXII.
1871 2202 2879 2270 Aus den Geheimnissen des Grillparzer¬
2262 2259 2488 2322 Preises.
1989 2293 2879 2390 Meine heutige Revue eröffne ich mit einer
1876 2353 2879 2414 Geschichte, die keines Commentars bedarf. Be¬
1866 2410 2888 2474 kanntlich hat Gerhart Hauptmann für sein Drama
1876 2459 2881 2516 „Der arme Heinrich“ den Grillparzer=Preis!
1877 2488 2889 2563 davongetragen. Er hat den Preis zum dritten
1872 2525 2881 2608 Male bekommen. Ursprünglich dachte man nicht
1874 2573 2870 2627 an die Prämiirung dieses Werkes, sondern es
1860 2612 2056 2671 schwebte
2111 2625 2889 2680 nicht allen Preisrichtern — der Ge¬
1870 2660 2400 2724 danke vor, Hauptmann's
2471 2665 2874 2730 „Rose Bernd“
1869 2709 2872 2774 zu krönen. Darüber entsetzten sich einige Herren,
1861 2744 2871 2808 nach deren Ansicht es nicht anging, eine
1867 2788 2871 2844 Tihtung auszuzeichnen, die aus dem Repertoire der
1870 2827 2867 2897 Hofbühne ausgeschaltet werden mußte. Um nun
1857 2880 2869 2940 dem Poeten eine Reverenz zu bezeugen, soll man, so
1870 2921 2876 2984 wird in eingeweihten Kreisen versichert, auf den
1856 2972 2865 3017 „Armen Heinrich“ gegriffen haben. Dieselben ein¬
1857 3012 2867 3074 geweihten Kreise wissen ferner, daß ursprünglich
1862 3046 2864 3098 sechzig Dichter in Concurrenz für den
1863 3091 2877 3159 Grillparzer=Preis standen. Nach einer aus¬
1861 3138 2871 3210 giebigen Sichtung blieben fünfundzwanzig
1868 3179 2880 3241 berücksichtigenswerthe Autoren übrig, die eine
1862 3220 2864 3278 Superarbitrirung sich gefallen lassen mußten.
1854 3261 2863 3306 Schließlich erkannte man, daß blos fünf Dichter
1862 3302 2872 3381 für den Preis in Betracht kämen. Schnitzler's
1857 3336 2857 3415 „Lebendige Stunden“ hatten viele Chancen,
1860 3392 2874 3451 sie konnten nicht prämirt werden, weil nach den
1860 3429 2869 3476 Satzungen des Grillparzer=Preises Werke aus¬
1858 3473 2867 3547 geschlossen sind, die anderweitige Auszeichnungen er¬
1860 3518 2862 3563 hielten. Nun kommt ein interessantes Detail: Auch
1848 3560 2857 3622 der Name Hofmannsthal wurde genannt. Seine
1866 3599 2859 3664 Tragödie „Elektra“ wurde jedoch von der Be¬
1849 3643 2873 3714 werbung ausgeschlossen, weil Einacter nicht aus¬
1852 3680 2231 3746 gezeichnet werden.
