3392 4352
1324 255 1777 358 box 40/2
189 254 1183 378 Grillnarzer-Preis
2187 1288 3118 1369 . K, doch zegleich bewbegt von „der
155 1285 670 1371 hastige Anlichrist, und
748 1342 1922 1421 Grunde des Blautopfs wohnt und fünfmal von Herzen
1928 1350 3125 1400 harmlosen Freude am künstlerischen Gestalten“; man dankt
165 1353 736 1420 chrieben, dem Nachwort zum
744 1396 1924 1474 lachen muß, wenn sie die Gunst ihres Gatten, eines
1939 1400 3116 1473 ihm Gedichte von untadeliger Formschönheit, einem musi¬
165 1404 740 1484 selber sagt, sein Name ward
731 1439 1792 1504 griesgrämigen Donaunixes, zurückgewinnen will?
164 1455 413 1522 werte Tat“.
1917 1442 3114 1515 kalischen Freunde schrieb dieser Tempelstürmer sogar ein
1922 1550 3119 1624 Wilbrandt, Hauptmann und Hartleben sind die Prä¬
868 1509 1708 1678 Wcenilleton.
165 1563 340 1668 len
1935 1588 3124 1653 miierten, und gegen keinen von ihnen ist etwas zu
782 1611 890 1703 0
1937 1644 3116 1729 sagen. Wohl aber mußte das Prinzip be¬
866 1649 1041 1742 16.
1928 1689 3119 1769 fremden, das sich da zu etablieren schien. Denn
1098 1687 1574 1785 Der Umschwung.
1942 1740 3119 1801 man gab den Preis lieber dreimal an Gerhart Haupt¬
835 1767 1928 1850 Arthur Schnitzler hat den Grillparzer Preis bekommen.
1934 1794 3113 1851 mann, bevor man ihn einmal einem Oesterreicher gab.
155 1790 646 1895 mummer:
751 1808 1930 1881 Jawohl! Oesterreichs höchste literarische Auszeichnung,
1925 1843 3108 1898 Nun ist ja Gerhart Hauptmann zweifellos das stärkste
746 1882 1919 1936 schon dem Namen nach mit der Erinnerung an den
1934 1886 3117 1932 und echteste Talent, das die deutsche Moderne gezeitigt
739 1924 1922 1982 größten österreichischen Dichter verknüpft, ist diesmal an
157 1902 746 2007 1 und 32 bringen wir die
1930 1930 3112 1986 hat. Er hat den Preis verdient, einmal, zweimal — aber
748 1963 1921 2037 einen österreichischen Poeten gefallen. Der Fall hat sich
1926 1976 3109 2027 dreimal? Dazu lag wahrhaftig keine Veranlassung vor.
169 1986 368 2068 #ng von
743 2016 1920 2087 seit zwanzig Jahren nicht ereignet und ist schon aus
1924 2025 3116 2093 So arm sind wir denn doch nicht gewesen, daß man
743 2066 1922 2128 diesem Grunde erwähnenswert. Seitdem ihn Anzengruber
1925 2068 3114 2138 immer wieder über die Grenze gehen mußte, um ein
528 2053 641 2155 /44
745 2123 1921 2182 zwei Jahre vor seinem Tode, im Jahre 1887, für seine
1933 2111 3107 2175 würdiges Haupt für diesen Kranz zu finden. Selbst wenn
178 2093 573 2201 auslehrer
749 2163 1920 2233 Komödie „Heimg'funden“ erhalten hatte, ist der Grill¬
1928 2166 3113 2234 wir von den anderen österreichischen Dichtern absehen,
741 2217 1921 2277 parzer=Preis regelmäßig alle drei Jahre ins Ausland ge¬
1928 2215 3116 2265 von Hofmannsthal und Beer=Hofmann etwa, die doch zu¬
186 2226 347 2301 von
750 2252 1923 2315 wandert. Die Statuten schlossen das nicht aus. Grill¬
1926 2258 3115 2312 mindest ebenso viel Zusammenhang mit der Grillparzer¬
743 2297 1923 2375 parzer selbst hatte verfügt, daß er dem relativ besten
1917 2308 3114 2379 Tradition haben wie Otto Erich Hartleben, das Alkohol¬
174 2314 574 2419 se Thun-Salm.
740 2350 1920 2418 dramatischen Werk deutscher Sprache zufallen solle, das
1930 2357 3118 2414 genie — selbst wenn wir von diesen absehen, hatten wir
754 2402 1916 2467 im Laufe des letzten Trienniums auf einer namhaften
1916 2401 3122 2463 noch Arthur Schnitzler, hatten ihn auch schon vor zehn
1924 2447 3110 2510 Jahren. Die „Liebelei“ ist vor zwölf Jahren aufgeführt
737 2446 1920 2517 deutschen Bühne zur Aufführung gelangte. Man weiß
741 2489 1918 2549 nicht recht: Ist das Bescheidenheit oder Selbstbewußt¬
1923 2500 3103 2571 worden, „Der grüne Kakadu“ vor zehn Jahren und der
164 2478 507 2583 ende Nummer:
1920 2541 3117 2609 Schleier der Beatrice“ vor sieben Jahren — in Breslau.
752 2530 1926 2609 sein? Bei Oesterreichern weiß man das nie. Hatte Grill¬
1925 2577 3111 2653 Auch eine namhafte deutsche Bühne und damals, als
737 2593 1923 2650 parzer so wenig Vertrauen in seine Landsleute oder so
166 2565 738 2677 t“: „Neues über
1921 2635 3116 2694 sie eine Verpflichtung des Wiener Burgtheaters einlöste,
741 2626 1924 2697 viel? Es ist anzunehmen, daß der österreichische Dichter,
166 2652 737 2759 rofessor Dr. Ottokar
1917 2685 3114 2741 sogar namhafter als dieses. Jedes dieser Stücke hätte den
746 2685 1926 2751 der ja trotz aller Raunzerei zeitlebens ein guter Patriot
1918 2727 3113 2809 Grillparzer=Preis verdient, und — das Zwischenspiel" hat
733 2729 1913 2801 war, den Preis vorzugsweise Oesterreichern zuwenden wollte.
169 2728 728 2826 Brentanos 70. Ge¬
1925 2760 3108 2844 ihn erhalten. Das ist der Lauf der Welt, auch der
745 2781 1925 2838 Aber er wollte zugleich, daß ihn nicht nur Oester¬
1929 2819 3117 2887 literarischen. Der Erfolg und das Verdienst sind ein un¬
744 2825 1921 2892 reich, sondern zugleich ganz Deutschland dem Oesterreicher
169 2806 737 2910 tdozent Dr. Oskar
1919 2871 3107 2933 gleiches Paar und können niemals miteinander Schritt
738 2869 1921 2949 zuerkenne. Indem er die Konkurrenz von vornherein nicht
183 2884 742 2989 sche Notizen. Einge¬
1929 2923 3115 2984 halten. Das Verdienst läuft voraus, der Erfolg humpelt
748 2920 1922 2993 ausschloß, wollte er andeuten, daß wir sie nicht zu
1923 2963 3032 3014 nach. Und wenn er das Verdienst ja einmal einholt,
748 2980 1916 3037 fürchten hätten, und wenn er die Bedingung der Auf¬
192 2969 407 3054 bis 39.
1916 3018 3116 3092 ist dieses sicher vorher müde geworden, sitzt auf einer
752 3010 1920 3083 führung an einer „namhaften Bühne“ stipulierte, so ge¬
1912 3057 2515 3126 Bank und ruht sich aus..
747 3063 1921 3131 schah es wohl unter der stillschweigenden Voraussetzung,
2003 3087 3103 3179 Immerhin: Arthur Schnitzler hat den Grillparzer¬
742 3103 1914 3176 daß das Wiener Burgtheater die namhafteste sei. Tat¬
158 3111 733 3215 haus „Die Insel der
1917 3146 3109 3231 Preis bekommen, und diese Tatsache bleibt erfreulich. Nicht
749 3151 1926 3231 sächlich sind ja auch in diesen letzten zwanzig Jahren nur
1924 3203 3119 3281 nur, weil damit einem heimischen Talent, dem größten
178 3189 737 3292 purckhard. Seite 47
736 3215 1916 3272 Burgtheaterstücke mit dem Preis bedacht worden, aller¬
722 3251 3117 3345 dings nur solche, die reichsdeutschen Ursprungs waren, beimischen Talent, das wir seit Anzenauubers Tod be¬
