3392 4384
275 356 1814 487 Grillbarzer-Preis box 40/2
1028 776 1433 876 Telephon 12801.
259 859 1400 1047 Me e
277 1039 1418 1111 □ l. österr. behördl. konz. Unternehmen für Zeitungs-Ausschnitte
425 1083 1320 1162 Wien, I., Concordiaplatz 4.
259 1143 367 1206 —
635 1159 1102 1234 Vertretungen
335 1209 1399 1274 in Berlin, Budapest, Chicago, Christiania, Genf, Kopen¬
260 1228 1410 1318 hagen, London, Madrid, Mailand, Minneapolis, New-Vork,
281 1303 361 1340 0
358 1300 1388 1372 Paris, Rom, San Francisco, Stockholm, St. Petersburg.
675 1329 1075 1389 (Obellenangabe ohne Gewähr.)
269 1363 1516 1491 5 Ausschnitt auwiener Allgemeind Zeitung, Wien
456 1433 750 1517 15 1 19•8
266 1452 495 1557 S vom:
430 1502 1472 1615 (Die Perleihung des Grillparzer¬
2352 1529 2748 1639 Telephon 12801.
322 1570 1448 1661 Preises.) In der heute stattgehabten Sitzung des
316 1641 1456 1692 Kuratoriums des Grillparzer=Preises wurde der 5000 Kronen
305 1693 1449 1744 betragende Preis dem Wiener Schriftsteller Dr. Arthur
304 1735 1454 1811 Schnitzler verliehen. Die Beratungen nahmen diesmal
499 1781 1442 1852 #s angwierigen Verlauf, da die Preisrichter —
1612 1798 2760 1890 □ l. österr. behördl. konz. Unternehmen für Zeltungs-Ausschnitte
302 1839 1443 1904 bekanntlich muß dem Stiftsbrief gemäß der Verleihungs¬
311 1876 1455 1936 beschluß einstimmig gesaßt werden — lange keine Einigung
1779 1859 2653 1994 Wien, I., Concordiaplatz 4.
305 1937 1453 2003 erzielen konnten. Die Entscheidung schwankte zuerst zwischen
1997 1950 2444 2017 Vertretungen
1593 1933 1704 2037 2
301 1976 1449 2054 Wildenbruch und Schönherr und im letzten Stadium
1634 1982 2752 2106 D in Berlin, Budapest, Chicago, Christiania, Gent, Kopen¬
307 2026 1449 2089 der Beralung trat Schnitzler in den Vordergrund, dem auch
1604 2025 2758 2135 hagen, London, Madrid, Mailand, Minneapolis, New-Vork,
1717 2063 2738 2156 Paris, Rom, San Francisco, Stockholm, St. Petersburg.
300 2082 1452 2129 der Preis einstimmig zuerkannt wurde. Schnitzler erhält den
2022 2117 2426 2179 QQuellenangabe ohne Gewämr.)
312 2122 1444 2192 Preis für sein dem Revertoire des Burgtheaters angehöriges
311 2171 1449 2231 Bühnenwerk „Zwischenspiel“. Es ist erfreulich, daß der
1617 2139 2555 2282 # Ausschmitt aus: Stadend, Zart
306 2210 1437 2270 Preis, der die letzten Jahre nach Deutschland wanderte, dies¬
307 2268 1448 2338 mal einem österreichischen Dichter zuerkannt wurde. Anläßlich
1621 2274 2142 2408 Wr K 2
305 2322 1457 2388 der Zuerkennung des Preises für „Zwischenspiel“ wird dieses
304 2367 1456 2455 Werk in der nächsten Woche im Repertoire des Burg¬
2190 2395 2469 2483 UU
304 2405 732 2470 theaters erscheinen.
2185 2600 2481 2694 Notizen
1028 2616 1431 2734 Telephon 12801.
2103 2694 2541 2775 von Fritz Telmann.
1692 2786 3040 2876 16. Jänner. Der Grillparzer=Preis. Er soll nach den Statuten für
270 2823 334 2890 8
817 2801 1424 2916 Hurrereanmn
350 2731 788 2928 Men
1635 2849 3043 2934 das beste Werk verliehen werden, das in den letzten drei Jahren
275 2888 320 2939 4
276 2900 1438 2995 O l. österr. behördl. konz. Unternehmen für Zeitungs-Ausschnitte
1648 2899 3037 2986 auf deutschen Bühnen gespielt wurde. Da in der Kommission der
281 2959 355 3006 00
436 2960 1320 3047 Wien, I., Concordiaplatz 4.
1647 2985 3046 3046 bekannte Minor den Ton angibt, war zu erwarten, daß das
274 3002 370 3095 2
1642 3027 3042 3105 Schlechteste gekrönt würde. Um so angenehmer die Überraschung,
672 3038 1100 3101 Vertretungen
342 3087 1427 3145 in Berlin, Budapest, Chicago, Christiania, Genf, Kopen¬
1651 3078 3044 3163 als nur ein schlechtes den Preis davontrug. Man darf seinem Ver¬
346 3122 1429 3199 hagen, London, Madrid, Mailand, Minneapolis, New-Vork,
1651 3140 3046 3227 fasser ob anderer wertvollerer Werke die Ehrung von herzen gönnen
374 3181 1396 3240 Paris, Rom, San Francisco, Stockholm, St. Petersburg.
687 3211 1090 3280 (Quellenangabe ohne Gewahr.)
1646 3202 3052 3276 und muß doch bedauern, daß Schönherrs Genie in der Jury keinen
1646 3249 3052 3351 kräftigeren Anwalt fand. Seit Anzengruber hat kein größerer, kein
287 3251 1508 3426 * Ausschnitt ausIVILIEN ABENDPOST
1649 3306 3059 3388 echterer, kein reinerer für die österreichische Bühne geschrieben als
278 3343 516 3437 E vom:
1649 3372 3059 3456 der versonnene Tiroler. Man sehe daraufhin sein letztes Drama
628 3373 980 3475 B
1667 3446 3064 3524 „Erde“ an, das unlängst bei Fischer erschienen ist und vor wenigen
418 3433 1454 3546 Nach den Meldungen hiesiger Abendblätter wurde der.
1666 3500 2428 3566 Tagen in Düsseldorf gespielt wurde.
396 3508 1446 3588 Grillparzer=Preis von 5000 Kronen in der heutigen Sitzung
393 3557 1452 3633 des Preisgerichtes dem Dichter Artur Schnitzler für
385 3591 1216 3696 seine Komodie „Zwischenspiel“ verliehent“
419 3624 1444 3735 Im Böhmischen National=Theater in Prag gastiert gegen¬
3098 2755 3136 2795 :
