3392 4352
153 305 1184 400 6. Grillnarzer-Preis
1326 285 1783 386 box 40/2
1978 801 2374 896 Telephon 12801.
1220 910 1295 986 2
1812 908 2002 1007 Ihla
1236 982 1291 1021 0
1542 897 1804 1072 Mische
1214 1012 1295 1055 1
2061 967 2362 1074 Snbun
1286 905 1548 1082 M
1535 1034 2089 1075 RE
1224 1083 2362 1132 O l. österr. bebördi. konz. Unternehmen für Zeitungs-Ausschnitte
1230 1120 1301 1166 66
1381 1120 2273 1219 Wien, I., Concordiaplatz 4.
1206 1197 1308 1253 2
1613 1202 2044 1266 Vertretungen
1223 1242 2369 1329 9 in Berlin, Budapest, Chicago, Christiania, Genf, Kopen¬
1210 1287 2376 1359 hagen, London, Madrid, Mailand. Minneapolis, New-Vork,
1324 1349 2341 1403 Paris, Rom, San Francisco, Stockholm, St. Petersburg.
1228 1351 1309 1389 0
1634 1373 2031 1424 (Ouellenangabe ohne Genanr.)
1217 1387 1312 1430 0
1217 1396 2355 1521 = Ausschnitt aufgemdnphlat: Wien
1230 1465 1267 1503 C
1223 1483 1286 1545 735
1217 1538 1426 1606 E vom:
1425 1549 1716 1625 K
1161 1688 2475 1779 Der Grillparzer=Preis für Artur Schnitzler.
1194 1747 2499 1819 Das Kuratorium für die Verleihung des Grillparzer¬
1091 1816 2505 1885 Preises hat gestern seine entscheidende Beratung abgehalten und den
1094 1870 2499 1927 Preis Artur Schnitzler für dessen vor zwei Jahren im Burg¬
1099 1894 2503 1973 theater aufgeführtes Schauspiel „Zwischenspiel“ zuerkannt. In
1096 1944 2497 2020 heimischen Literatenkreisen wird diese Nachricht mit aufrichtiger Genug¬
1095 2008 2495 2074 tuung aufgenommen werden. Ist es doch ein österreichischer Dichter, dem
1097 2059 2492 2119 diesmal diese Auszeichnung zufällt, — was lange nicht der Fall gewesen
1104 2113 2497 2165 ist. Denn die letzten Preise wurden an reichsdeutsche Dichter vergeben;
1095 2152 2496 2225 vor drei Jahren erhielt Hauptmann zum dritten Mal den Preis
1106 2200 2486 2271 (und zwar zuletzt für seinen „Armen Heinrich“, vorber für „Hannele“
1106 2264 2502 2313 und „Fuhrmann Henschel"), vor sechs Jahren wurde Otto Erich Hart¬
1105 2301 2503 2364 leben der Preisträger (für „Rosenmontag"). Das Preiskollegium hat
1108 2343 2519 2404 also mit seiner Entscheidung (die nach dem Stiftsbriefe einstimmig
1105 2403 2521 2456 erfolgen muß) Schnitzlers „Zwischenspiel“ für das „beste deutsche
1107 2447 2511 2504 dramatische Werk erkannt, das im Laufe der letzten drei Jahre auf
1107 2488 2507 2556 einer namhaften deutschen Bühne zur Aufführung gelangte und nicht
1100 2545 2517 2600 schon von einer anderen Seite durch einen Preis ausgezeichnet worden
1113 2595 2520 2672 ist.“ So lautet nämlich die für die Preisrichter maßgebende wichtigste
1107 2641 1702 2714 Bestimmung des Stiftbriefes.
1215 2676 2515 2752 Die Bedeutung Artur Schnitzlers für unsere dramatische Literatur
1111 2740 2520 2809 braucht nicht erst ausführlich dargelegt zu werden; seit seinem „Anatol“ gilter
1114 2799 2509 2857 als der hervorragendste und auch dem Theater nächststehende Vertreter
1115 2856 2512 2912 der Jung=Wiener Richtung. Sein Schauspiel „Liebelei“ hat ihm vor
1099 2882 2523 2985 Jahren zum ersten Male das Tor unserer ersten Bühne geöffnet. Sein
1643 2933 2033 2986 10. Janner 1908
2256 2942 2499 3005 Seite 11
1102 2984 2511 3102 ins Tragische gerücktes Wiener Mädel, die „Schlager=Mizzi“ steht an der
1097 3029 2502 3141 Schwelle einer neuen Wiener Gestaltenwelt, die den Hintergrund einer
1092 3072 2508 3182 Literatur von Nachahmern und Anempfindern werden sollte. Nach der
1090 3121 2499 3248 „Liebelei“ (1885) kam drei Jahre später „Das Vermächtnis“ ins
1090 3180 2498 3284 Repertoire des Burgtheaters. Wieder war es eine Tragödie aus bürger¬
1086 3226 2492 3331 lichen Gesellschaftstreisen, die Schnitzler mit seiner dichterischen
1085 3259 2490 3382 Beobachtung durchdrang. Ein Jahr später sehen wir ihn mit einem
1077 3319 2488 3432 Einatterzyllus an der Hofbühne („Paracelsus“, „Die Gefährtin“, „Der
1083 3382 2482 3468 grüne Kakadu“), deren Schicksale noch in aller Erinnerung stehen. Die
1069 3424 2493 3520 Pariser Revolutionsszenen („Kakadu") übersiedelten ins Volks¬
1064 3466 2480 3564 theater, wo dieses dramatischeste aller Schnitzler=Stücke noch heute
1072 3530 2474 3620 auf dem Repertoire steht und nie ohne tiefe Wirkung ge¬
1070 3563 2478 3666 spielt wird. Das Volkstheater brachte auch den Zyklus
1074 3602 2471 3714 „Lebendige Stunden“ mit denen Brahm, ein eifriger Verkünder
1068 3659 2480 3750 Schnitzlers, die Wiener anläßlich eines Ensemble=Gastspieles bekannt¬
1056 3726 2461 3813 gemacht hat. Vor drei Jahren hat Brahm auch den „Einsamen Weg“.
1061 3767 2478 3858 gebracht, jenes Stück, das Schnitzler selbst am höchsten schätzt und das
1054 3809 2463 3891 als sein innerlichstes Werk gelten mag. Der Konflikt, der sich an die
1061 3841 2465 3957 Nichtaufführung des Dramas „Der Schleier der Beatrice“ knüpfte, das
1057 3900 2469 4012 der Dichter dem Buratheater eingereicht hatte, gab seinerzeit zu viel
1063 3940 2464 4048 Erörterungen Anlaß. Es trat eine Periode der Spannung zwischen
1049 3999 2453 4105 Schnitzler und dem Burgtheater ein, sie waren „böse". Die Aufführung
1052 4049 2448 4143 von „Zwischenspiel“ bedeutete gleichsam die Versöhnung des
1060 4086 2450 4202 Dichters mit dem Burgtheater. Das Stück wurde dort am 12. Oktober
1057 4135 1962 4225 1905 zum erstenmal und seither siebzehnigl an
