3344 4352
1290 329 1770 424 box 40//2
233 310 1180 436 Grillparzer—Preis
1358 1741 2161 1846 Eers
160 1757 407 1849 —
1343 1805 3317 1886 Chebruch geschrieben, sondern dozielt, und die Gestalten geberden [In der Arlus'schen Komödie wird an
2582 1873 3329 1921 iverständliche Untreue des Mannes aus
1353 1872 2600 1932 sich, als ob sie berufsmäßig Psychologke betreiben würden. Ohne
481 1855 978 1951 Wiener Theater.
1355 1916 3332 1977 Zweifel ist dieses Stück eines der schwächsten, das der reife und [[Treue gegen Alle und Keine, seine U
150 1910 1058 2013 ion Ludwig Hirschfeld.
2576 1966 3330 2014 zelne Frau und seine tiefe Aufrichtig
1352 1956 2603 2019 berühmte Arthur Schnitzler geschrieben hat, und die Begeisserung
877 1984 1323 2057 Wien, 23. Januar.
2591 2004 3326 2067 schlecht. Jeder der vier Akte enthält
1345 2003 2595 2070 der Preisrichter kann man sich nur aus einer gewissen Verlegen¬
168 2013 1347 2108 Das bemerkenswerteste Ereignis der letzten Theaterwochen,
2584 2055 3319 2116 Ehebruchsbeispielen. Aber daß es sich
1356 2043 2598 2112 heit erklären, aus dem Unvermögen; dem Ausland irgend eine
131 2083 1347 2156 as auf den ersten Blick gar kein Theaterereignis zu sein scheint,
2584 2096 3335 2161 keit um tiefere piychologische Einsichten
1346 2104 2589 2160 hemertenswerte österreichische in den letzten drei Jahren entstan¬
151 2108 1349 2202 st die Verleihung des Grillparzerpreises an Arthur Schnitzler.
2583 2134 3323 2213 heiten handelt, das vird einem nie a
1353 2139 2596 2212 dene dichterische Leistung vorzuführen. Es ist dies ein beschä¬
118 2155 1348 2266 eit Anzengruber ist kein österreichischer Dichter dieser Ehrung
1356 2197 2587 2246 mendes Bewußtsein, das uns alle beherrscht: Publikum, Kritik,
2593 2192 3309 2245 gerieben, sondern es bekundet sich i
129 2208 1348 2293 ehr teilhaftig geworden, und von diesem Standpunkte aus ist
2591 2231 3330 2290 Hauptfigur, in einer Reihe von wund
1357 2242 2603 2298 Theaterdirektoren, alle die am Theater mit dem Geist, dem Ge¬
129 2248 1352 2336 der Entschluß der Preisrichter gewiß ein löblicher und erfreu¬
2593 2278 3313 2341 allem im Dialog, in dem es knistert
1363 2277 2590 2339 müt oder der Tasche interessiert sind. Ueber die erschreckende
125 2294 1355 2388 icher zu nennen. Minder erfreulich ist es aber zu hören, in
2586 2321 3321 2380 leicht das beste an dem Stücke ist. D
1352 2328 2599 2385 Sterilität der österreichischen Literatur, insbesondere der drama¬
128 2341 1355 2431 welcher Art diese Zuerkennung erfolgte. Schaitler, unser Bester,
2588 2361 3323 2431 Josef Jarnos, der es mit einer el
1344 2367 2603 2436 tischen, kann man sich keinen Moment täuschen, und alles was
1006 2389 1068 2440 6
131 2400 1350 2482 rscheint dg gleichsam als Lückenbüßer, als ein Ersatzmann aus
2603 2411 3326 2474 Selbstverständlichkeit zu Wege bringt
1352 2412 2599 2474 wir dagegen tun, besteht in der Gründung von neuen Operetten¬
129 2437 1352 2518 em Hinzergrunde, auf den man sich im letzten Augenblick haftig
2586 2462 3317 2509 feinsten Dinge bühnenwirksam zu mach
1355 2446 2601 2530 bühnen, in der geschickt geschürten Begeisterm., für dieses Genre
125 2478 1351 2561 esann,weil sich die Juroren über Wildenbruch und Schönherr
2587 2506 3315 2565 wagtesten Schwanksituationen seine sc
1363 2497 2606 2565 und in der Unterbreitung von Majestätsgesuchen — in Sachen
122 2529 1353 2608 ichteinigen konnten. Noch bedenklicher mutet die Motivierung
2603 2549 3201 2617 und Delikatesse nicht verliert.
1357 2557 1676 2630 der Operette.
118 2582 1356 2663 Schiedsspruches an. Die Ehrung gilt seiner im vorigen
2656 2589 3325 2660 Zwei viel schwerfälligere Franzosen
1427 2577 2603 2676 Oder wir befassen uns mit den Franzosen, und das ist noch
126 2608 1353 2699 Jahre am Burgtheater aufgeführten Komödie „Zwischenspiel“.
2599 2641 3315 2703 und de Caillavet, deren neuestes Lustsp
1351 2644 2599 2711 immer erfreulicher, denn von Paris kommt ab und zu doch etwas
127 2665 1354 2742 Nicht ihm selbst, dem kräftigsten und echtesten des ganzen jungen
2598 2695 3310 2746 längst im Deutschen Volkstheater kem
1355 2694 2594 2763 Gutes, woron auch heimische Autoren etwas lernen könnten. Na¬
125 2704 1364 2797 Wien, nicht seinen schönsten und stärksten Leistungen, der „Lie¬
2604 2723 3323 2798 französisches Lustspiel manchmal eine 2#
1349 2739 2604 2819 mentlich in den letzten Jahren, seit dem Auftreten Alfred Capus',
133 2748 1368 2836 belei“, der „lebendigen Stunden“ oder dem „Schleier der Bea¬
2602 2781 3329 2843 sich langweilt, das wird in den vier
1348 2780 2595 2848 werden dort wieder reinliche und geistreiche Dialogstücke geschrie¬
130 2799 1357 2880 trice“. Von der Existenz dieser Werke scheint die Kommission  in
2601 2828 3321 2882 Es fängt in der Manier Sardou's an
1347 2830 2602 2890 ben denen auch das Wiener Publikum viel Verständnis u. Sym¬
125 2843 1361 2919 den ganzen letzten zehn Jahren nichts bemerkt zu haben. Jetzt
2595 2851 3304 2935 der Ibsens, denn die ganze Fabel 1
1354 2881 2608 2948 pathie entgegenzubringen scheint. Ein hübsches Beispiel dieser
118 2873 1357 2974 befann sie sich plötzlich auf ihre österreichische Pflicht und Schul¬
2594 2908 3314 2973 rück und in dem Stücke selbst gibt es n
1348 2914 2599 2989 Battung ist Louis Artus' Komödie Cocur de Moineau“, die jetzt
131 2937 1350 3013 digkeit und in aller Eile wurde die Komödie „Zwischenspiel“
2603 2954 3323 3028 Gespräche bekannte Lustspielscherze und
1353 2963 2596 3031 im Lustspieltheater unter dem Titel „Spatzenliebe“ gegeben
129 2962 1368 3057 preisgekrönt und dadurch als das Beste hingestellt, was in den
2602 3005 3319 3075 geniertheiten. Die glatte Ueberietzung
1023 3032 1037 3067 1
1350 3009 2604 3076 wird. Wie alle Stücke dieses Genres hat auch dieses keine wesent¬
131 3014 1358 3100 letzten drei Jahren auf deutschen Bühnen zur Aufführung gelangt
2596 3037 3316 3119 Autor W. Fred her, der leider nicht
1353 3049 2600 3118 liche Handlung. Oder vielmehr eine ganze Reihe von kleinen
128 3060 1351 3151 ist wie es im Stiftungsbriefe heißt. Nun ist aber gerade
2593 3081 3317 3153 zosen ein bißchen auf die Finger zu kl
1358 3097 2605 3168 Handlungen. Es sind Stücke, die man jeden Augenblick abbrechen
119 3109 1366 3199 Zwischenspiel“ eine zwar sehr seine und gesstreiche, aber dennoch
2597 3141 3317 3205 liche war das hübsche Spiel, namenili
1355 3141 2601 3215 und immer weiter spielen könnte. Ein beständiges Auf und
124 3158 1363 3230 schwache Arbeit, namentlich in dramarischer und theatralischer
2605 3189 3313 3258 ler, Lili Marberg und Claire Wallen
1342 3189 2608 3258 Nieder, den graphischen Darstellungen vergleichbar, durch die
120 3196 1368 3281 Hinsicht. Selbst für die Renellenferm wäre dieses bischen Ebe¬
2590 3236 3325 3302 Aber wenn es deutsche Autoren gesch
1357 3236 2596 3308 man den Luftdruck veranschaulicht oder in der Modernen Medi¬
132 3245 1371 3320 bruchsfabel zu fein und zu törperles, die Art der pinchologischen
125 3288 3309 3364 Behandlung zu spitfindig und zu ermübend. Es wird hier nichte zin die Temperatur. Es sind Zieberkurven der Verliebtseins, I sie sicherlich heftig angeblasen haben.
