3344 4384
2688 29 2778 90 70
1504 87 1622 180 8
2581 164 2859 240 Robert Kuss.
1917 165 2188 248 Rudolf Alt.
2372 218 3048 298 Zu dem Artikel „Wiener Kunstieben“.
1399 155 1609 290 Aw
1715 300 3267 350 in Verlegenheit. Jedensalls möchte ich Karlweiß gewiesen und zieht bettelnd von
2662 343 3243 395 ein neuer Grillparzer in irgend
1722 341 2637 397 hervorheben, der sich nach manchem mühevollen
2663 375 3258 443 Avancement und freier Regung
1711 391 2645 441 Ringen zum Erfolge emporgearbeitet hat. Er ist
2654 423 3256 482 wird eben einem zweiten Schuberti
1718 432 2641 483 ein witziger Spotter, der den Wienern manchmal einen
1098 414 1164 499 *5
1211 439 1272 520 7
1420 423 1592 522 G
2657 469 3269 531 stelle bei einer Hoskapelle verwei
1716 471 2641 536 Spiegel zeigt, über den sie eigentlich nicht besonders
2665 512 3247 566 wieder einmal den künstlerischen
1710 533 2645 571 erbaut sein sollten. Aber Karlweiß meint es gut,
1151 529 1347 619 G
727 527 872 628 —
2652 534 3270 623 abzuwarten, ob sie Alle die liebevoll
1711 559 2640 612 und überdies weiß er zu unterhalten, den amüsanten
1385 565 1433 637 1
1342 604 1502 666 B
1702 612 2654 670 Leuten aber verzeiht man manches, worüber man
1502 619 1598 701 1
1703 663 2488 702 mit den Anderen streng ins Gericht ginge.
2932 646 3265 744 Dariser R
1777 695 2639 743 Wiener Malerei und Bildnerei leben zur Zeit
3048 720 3266 782 (Tazu drei B
1698 731 2645 787 keine große Epoche, eine Richtung geben sie nicht
2789 760 3269 831 Die Pariser nennen die Woch
1708 785 2643 833 mehr. Von den alten Künstlern wirken noch Zumbusch,
2662 796 3269 887 □2) d Anteuil und dem Gra
1699 822 2642 870 Hellmer, Rudolf Alt, Robert Ruß, unter den
2807 857 3172 923 echten, eigentlichen
1703 863 2632 917 Jüngeren hat sich Ajdukiewicz eine achtung¬
2670 852 2790 952 82
2790 889 3271 966 Woche“. Genau genomm
1699 902 2637 973 gebietende Stellung errungen, und der Lärm der
889 931 1255 995 Edmund Hellmer.
2662 951 3247 1008 vierzehn Tage, denn sie beginnt
1696 960 2642 1013 Sezession hat Eustav Klimt emporgetragen, ein
2667 994 3268 1042 von Chantilly, dessen Preis auch
1559 1002 2651 1063 großes Talent, das leider in letzter Zeit manchen Ver¬
442 989 1551 1063 Weise belebt, wie es kaum geschildert werden kann. Er ging
2655 1038 3256 1095 also auch als ein „Grand=Prix“.
1563 1035 2644 1098 irrungen anheimgefallen ist. Es geht unseren Ausstellungen
454 1065 1551 1110 dem Schlendrian und der Schablone in der Interpretation der
2661 1075 3264 1135 man die Woche vom 9. bis zu
1558 1084 2652 1129 mit den Malern und Plastikern, wie unseren Theatern mit
455 1097 1539 1150 bedeutenden musikalischen Werke rueksichtslos zu Leibe, er re¬
2658 1119 3263 1191 Woche“ gemacht, — man läßt d
1555 1125 2644 1183 den Dichtern und Komponisten. Die Ausländer beschicken
453 1137 1553 1195 formirte gründlich den Spielplan, er fesselte eine ganze Reihe
2666 1164 3263 1230 champs später zur Entscheidung
1570 1181 2654 1229 sie am meisten, und ihre neuen Schöpfungen sind es, die
449 1189 1554 1239 bedeutender Kräfte an Wien, er machte unsere verwahrloste
2669 1211 3270 1260 Jahren. In diesen letzten Jahre
1568 1223 2639 1273 das stärkste Interesse erregen. Aber die künstlerische Theil¬
455 1246 1545 1282 Hosoper wieder zu einem der ersten Kunstinstitute in Europa,
2668 1256 3280 1310 schon in den ersten Junitagen sta
1568 1258 2653 1316 nahme für alles Schöne und Bedeutende ist, wenigstens
448 1279 1549 1335 er verlieh den Konzerten unserer Philharmoniker wieder
2671 1298 3277 1359 und Restaurantbesitzer, die Paris
1569 1303 2653 1358 bei einem Bruchtheile der Bevölkerung, noch vorhanden,
445 1321 1550 1383 neuen Reiz. Man sollte ihm unsagbar dankbar sein, und
2668 1340 3271 1401 die materiell gar nicht interessirten
1557 1353 2656 1398 der Streit der Meinungen ist lebhaft, auch die Wiener
460 1354 1545 1420 er begegnet so vielen Gehässigkeiten und Feindseligkeiten.
2671 1385 3283 1440 Pariser waren damit sehr unzufr
1571 1390 2657 1455 bieten noch manches Tüchtige und Beachtenswerthe. Wien
453 1408 1553 1467 daß ein Anderer als dieser hartköpfige Thatenmensch des
2657 1431 3275 1490 bedeutet bekanntlich den Schlu
1563 1451 2644 1500 macht in seinem Kunstleben jetzt offenbar eine Uebergangs¬
445 1445 1553 1501 bösen Spiels längst überdrüssig geworden wäre. Hoffentlich
2657 1472 3275 1531 verlangte die Verlängerung diese
1570 1485 2649 1539 epoche durch, die vielleicht zu neuen großen Hervorbrin¬
453 1491 1551 1556 hält er aus, und dessen wollen wir uns dann freuen. Er
2670 1515 3275 1571 dieser Festperiode von Paris, un
1561 1521 2654 1576 gungen führt. Wer weiß — vielleicht wird eben ein neuer
457 1532 1553 1597 hatte bisher so viel zu reformiren, daß er der musikalischen
2667 1558 3253 1636 Nachgiebigkeit das allgemeine
1568 1570 2644 1638 Makart von unserer Kunstakademie als untanglich ab¬
461 1585 1561 1658 Produktion nicht jene Beachtung zuwenden konnte, die
456 1627 1092 1697 wünschenswerth gewesen wäre.
2056 1630 2536 1709 AENAAA
777 1675 952 1728 auch nach
462 1710 1084 1779 Richtung hin manches gewirkt, und
462 1761 1080 1809 es ist beispielsweise zu rühmen,
2160 1782 2225 1849 *
455 1800 1089 1858 daß er sich namentlich des einzigen
1905 1817 2101 1892 4
460 1850 1092 1894 bedeutenden Komponisten, den
2110 1827 2595 1928 nAe
453 1889 1081 1953 die Wiener noch besitzen, Gold¬
459 1931 1089 1992 marks, besonders annimmt. Viele
2384 1943 2503 2010 4
458 1973 1092 2046 Jahre brauchte er, bis hier eine
452 2024 1097 2081 Aufführung der „Königin von
469 2063 1089 2128 Saba“ durchgesetzt wurde; und
468 2120 1103 2163 eine würdige Ausstattung wurde
459 2154 1089 2215 dem berühmten Werke erst jüngst,
465 2196 1143 2258 anläßlich des Theatre pare zu #
470 2251 1096 2296 Ehren des deutschen Kronprinzen,
469 2288 1101 2359 zu Theil. Welche Hochachtung aber
463 2329 1096 2393 gewisse Kreise vor der Kunst em¬
466 2376 1106 2438 pfinden, mag der Umstand erhellen,
470 2426 1096 2473 daß dem Schöpfer des Werkes zur
2494 2421 2562 2499 10
469 2462 1082 2519 Festvorstellung ein Sitz auf der —
2051 2514 2113 2562 #
466 2514 1105 2557 dritten Galerie eingeräumt wurde.
476 2550 1096 2613 Mit solchen Ehren überhäuft man
467 2594 1103 2649 in Wien die Männer, die ihr Genie
467 2646 1103 2689 in den Dienst des Ruhmes dieser
1680 2649 1896 2749 +
469 2684 1100 2740 Stadt stellen. Ja, wenn Gold¬
2944 2690 3093 2759 S
472 2722 1097 2784 mark ein tschechischer Komponist ge¬
2761 2732 3149 2827 W S
468 2765 1101 2834 wesen wäre! Dann hätte er sogar
477 2815 1111 2880 einen Sitz im — österreichischen
476 2853 889 2921 Herrenhause erhalten.
546 2895 1111 2963 Auch das Wiener Theaterwesen
481 2943 1111 3010 hat wieder eine zielbewußte Leitung
485 2996 1105 3049 gewonnen, seitdem in unser vor¬
480 3020 1109 3097 nehmstes Schauspielhaus, das
1375 3058 1482 3100 N #
1139 3071 1448 3130 Snef a
477 3075 1113 3140 Wiener Burgtheater, Dr. Paul
1119 3098 1440 3164 Pr
474 3122 1102 3184 Schlenther eingezogen ist, der
487 3151 1752 3228 das Spiel auf der Bühne zur Auf dem Sattelplatz in Auteuil.
482 3205 1101 3270 Wahrheit und Natürlichkeit zurück¬
476 3233 1771 3310 zuführen sucht. Seine bedeutendsten Stützen sind dabei zwei berühmte
2513 3237 2743 3362 #
484 3285 1774 3349 Schauspieler, der alte Baumeister und der junge Kainz. Schleuther läßt
484 3338 1778 3390 auch den jungen Dramatikern Wiens manche Förderung zu Theil wer¬
488 3382 1776 3437 den, obwohl er nach dieser Richtung hin noch mehr thun könnte.
2799 3370 2947 3467 1#4
476 3437 1768 3485 Vielleicht zeigt er als Dramaturg mehr Initiative, wenn erst die noth¬
490 3463 1772 3516 wendigste Bühnenreform durchgeführt ist. Immerhin hat er zwei be¬
2186 3451 2258 3546 0
486 3502 1776 3564 deutende dichterische Talente, Hugo von Hofmannsthal und Arthur
485 3548 1777 3605 Schnitzler, in den Vordergrund gestellt. Freilich hat er den Letzteren
484 3603 1787 3662 in allzugroßer Nachgiebigkeit gegenüber den hösischen Kreisen, die
1847 3578 1909 3657 —
2141 3601 2283 3676 O
491 3638 1791 3701 ihren Groll gegen den Dichter des „Grünen Kakadu“ bethätigen
491 3695 1779 3753 wollten, wieder preisgegeben. Aber man wird ja einmal Schnitzler
494 3722 1777 3791 feiern und als „seinsinnigen Poeten“ für Wien neklamiren, ob sich
484 3775 1777 3831 im Augenblicke auch keine Wiener Buhne findet, die seinen „Schleier
492 3804 1791 3872 der Beatrice“ aufführen mochte. Man stoßt hier gar leicht die Dichter
495 3859 1789 3914 ab und liebt es, ihnen Geringschätzung zu bezeugen, als wären sie so
2849 3890 2905 3948 500
2038 3894 2174 3973 15
500 3879 2035 3973 zahlreich, wie die Hofrathe. Leider sind sie nicht so zahlreich, und sollte  „
2343 3937 3242 3998 Bilder von den Pariser Rennen. (Siebe den Arnkel.)
502 3939 1800 4023 man noch einige namhaftere Bühnendichter nennen, so käme man bald
