3344 4384
1093 556 1341 656 S
1859 761 1906 793 #
2416 1348 2715 1443 Aidukiewicz.
1746 1364 2029 1436 Robert Russ.
1070 1362 1334 1448 Rudolf Hlt.
1540 1418 2229 1497 Zu dem Artikel „Wiener Kunstleben“.
1820 1473 2910 1544 gewiesen und zieht bettelnd von hier fort, vielleicht seufzt
873 1478 1810 1555 in Verlegenheit. Jedenfalls möchte ich Karlweiß
1827 1539 2923 1589 ein neuer Grillparzer in irgend einem k. k. Archivamte nach
875 1544 1816 1594 hervorheben, der sich nach manchem mühevollen
1823 1572 2919 1633 Avancement und freier Regung seiner Schwingen, vielleicht
871 1583 1804 1652 Ringen zum Erfolge emporgearbeitet hat. Er ist
1823 1614 2916 1668 wird eben einem zweiten Schubert wieder eine Vizekapellmeister¬
867 1627 1810 1680 ein witziger Spötter, der den Wienern manchmal einen
1826 1669 2926 1727 stelle bei einer Hofkapelle verweigert. Und dann machen sie
865 1670 1809 1726 Spiegel zeigt, über den sie eigentlich nicht besonders
1826 1709 2930 1775 wieder einmal den künstlerischen Ruhm Wiens aus. Es ist
866 1719 1816 1771 erbaut sein sollten. Aber Karlweiß meint es gut,
1827 1758 2936 1821 abzuwarten, ob sie Alle die liebevolle Förderung überstehen....
871 1761 1815 1811 und überdies weiß er zu unterhalten, den amüsanten
874 1812 1817 1858 Leuten aber verzeiht man manches, worüber man
870 1860 1657 1916 mit den Anderen streng ins Gericht ginge.
2098 1846 2660 1945 Dariser Rennen.
927 1884 1808 1954 Wiener Malerei und Bildnerei leben zur Zeit
2209 1911 2536 1975 (Dazu drei Bilder.)
858 1929 1810 2002 keine große Epoche, eine Richtung geben sie nicht
1935 1952 2920 2023 ie Pariser nennen die Woche zwischen dem Grand=Prix
861 1977 1805 2030 mehr. Von den alten Künstlern wirken noch Zumbusch,
1829 1991 2925 2089 0 d'Auteuil und dem Grand=Prix — dem wirklichen,
864 2024 1819 2079 Hellmer, Rudolf Alt, Robert Ruß, unter den
1819 2056 2914 2148 (c echten, eigentlichen — von Longchamps die „große
871 2062 1804 2131 Jüngeren hat sich Ajdukiewicz eine achtung¬
1967 2096 2900 2157 Woche“. Genau genommen dauert die „große Woche“
861 2106 1815 2164 gebietende Stellung errungen, und der Lärm der
90 2127 403 2209 Amund Hellmer.
1818 2139 2922 2213 vierzehn Tage, denn sie beginnt schon mit dem großen Derhy
865 2162 1817 2212 Sezession hat Gustav Klimt emporgetragen, ein
1831 2185 2920 2252 von Chantilly, dessen Preis auch 120000 Fran3 beträgt,
713 2190 1818 2256 großes Talent, das leider in letzter Zeit manchen Ver¬
99 2187 712 2268 geschildert werden kann. Er ging
1824 2230 2926 2292 also auch als ein „Grand=Prix“ gelten darf. Diesmal hat
718 2240 1808 2296 irrungen anheimgefallen ist. Es geht unseren Ausstellungen
88 2254 703 2310 Schablone in der Interpretation der
1826 2275 2928 2328 man die Woche vom 9. bis zum 16. Juni zur „großen
725 2292 1823 2344 mit den Malern und Plastikern, wie unseren Theatern mit
79 2293 703 2356 Perke rücksichtslos zu Leibe, er re¬
1825 2317 2925 2381 Woche“ gemacht, — man läßt den Grand=Prix von Long¬
716 2339 1812 2391 den Dichtern und Komponisten. Die Ausländer beschicken
78 2332 713 2411 kelplan, er fesselle eine ganze Reihe
1828 2352 2926 2417 champs später zur Entscheidung kommen, als in den letzten
716 2371 1801 2427 sie am meisten, und ihre neuen Schöpfungen sind es, die
82 2384 704 2443 n, er machte unsere verwahrloste
1828 2401 2927 2465 Jahren. In diesen letzten Jahren fand das große Rennen
726 2426 1809 2479 das stärkste Interesse erregen. Aber die künstlerische Theil¬
89 2432 714 2497 er ersten Kunstinstitute in Europa,
1829 2449 2919 2506 schon in den ersten Junitagen statt, und die Pariser Hotel¬
732 2455 1817 2522 nahme für alles Schöne und Bedeutende ist, wenigstens
107 2469 707 2537 unserer Philharmoniker wieder
1830 2492 2921 2555 und Restaurantbesitzer, die Pariser Geschäftsleute und auch
722 2509 1822 2569 bei einem Bruchtheile der Bevölkerung, noch vorhanden,
96 2513 709 2572 hm unsagbar dankbar sein, und
1836 2534 2921 2598 die materiell gar nicht interessirten, aber vergnügungslustigen
729 2547 1819 2606 der Streit der Meinungen ist lebhaft, auch die Wiener
93 2571 715 2628 hässigkeiten und Feindseligkeiten,
1832 2592 2921 2642 Pariser waren damit sehr unzufrieden, denn der Grand=Prix
732 2598 1817 2657 bieten noch manches Tüchtige und Beachtenswerthe. Wien
98 2605 713 2673 ser hartköpfige Thatenmensch des
1824 2632 2931 2679 bedeutet bekanntlich den Schluß der Saison. Alle Welt
726 2644 1817 2703 macht in seinem Kunstleben jetzt offenbar eine Uebergangs¬
83 2656 709 2711 issig geworden wäre. Hoffentlich
1826 2674 2933 2728 verlangte die Verlängerung dieser Saison, dieser Erntezeit,
724 2684 1822 2737 epoche durch, die vielleicht zu neuen großen Hervorbrin¬
95 2695 719 2760 vollen wir uns dann freuen. Er
1828 2717 2926 2776 dieser Festperiode von Paris, und man hat in vernünftiger
728 2732 1825 2783 gungen führt. Wer weiß — vielleicht wird eben ein neuer
106 2729 724 2804 ormiren, daß er der musikalischen
1832 2755 2930 2825 Nachgiebigkeit das allgemeine und berechtigte Verlangen
90 2783 1825 2854 eachtung zuwenden konnte, die Makart von unserer Kunstakademie als untauglich ab¬
2291 2804 2932 2854 erfüllt. Niemand brauchte es zu
124 2834 240 2881 wäre.
2528 2838 2938 2896 das Wetter warherr
2297 2843 2474 2897 —bereiten,
119 2876 233 2928 dieser
2297 2888 2928 2944 lich, warm, aber doch nicht erdrückend
110 2912 247 2973 kt, und
2311 2926 2925 2982 warm, die Hotels waren überfüllt,
2314 2968 2931 3025 die Amerikaner, die viel verdient
1007 2844 1178 3038 500
2313 3009 2926 3073 haben und viel ausgeben können,
2311 3065 2930 3124 waren in diesem Jahre ungleich zahl¬
142 3098 180 3140 o
2308 3104 2929 3168 reicher gekommen, als in den letzten
2309 3147 2933 3210 drei oder vier Jahren, in den
2309 3190 2929 3247 besseren Restaurants fand man
2304 3230 2935 3285 kaum einen Platz, in den Alleen
2304 3276 2932 3325 des Bois de Boulogne war an
150 3311 237 3369 urde
2303 3313 2938 3372 jedem Spätnachmittage der Korso
109 3355 221 3418 jüngst,
2308 3362 2926 3414 der eleganten Equipagen unüber¬
115 3401 237 3455 iré zu
2314 3402 2923 3468 sehbar, im „Pavillon d'Arménon¬
128 3439 252 3500 inzen,
2312 3442 2934 3509 ville“ im „Royal“ im „Chäteau
110 3486 252 3545 ng aber
2308 3474 2937 3550 de Madrid“ und in den anderen
143 3533 235 3583 tem¬
2315 3541 2933 3609 theuren Gartenlokalen des Bois
121 3575 252 3630 hellen,
2508 3578 2875 3633 Gribagedosf-Paris phot.
109 3619 265 3681 kes zur
125 3662 251 3716 der —
123 3703 267 3763 wurde.
111 3753 266 3805 ft man
119 3789 268 3851 Genie
130 3837 263 3888 dieser
101 3927 261 3984 bnist ge¬
2131 3943 2209 4030 400
102 3969 258 4026 r sogar
2040 3953 2145 4024 MA
1022 3986 1109 4032 W- 1
91 4008 262 4082 ichischen
264 4067 397 4159 95
99 4085 273 4158 erwesen
304 4117 435 4183 Seer
104 4146 269 4206 Leitung
274 4151 448 4210 F#r
