3344 4384
1371 231 1856 333 box 36/1
179 230 1359 353 PanphletsOfferints
2283 864 2883 962 Donnerstag, 20. Juni
60 903 235 1001 9190
1120 914 1401 1007 N Sn
701 1117 814 1222 4
1036 1296 1335 1398 A
2170 1305 2245 1382 1
1953 1307 2098 1400 4
1143 1346 2530 1593 des Gerliner Tageblatte 6939
79 1461 1076 1599 strirte Halbwochen: Chronik
1206 1572 1384 1637 Sen
688 1648 1310 1736 vor etwa fünfundzwanzig Jahren
69 1683 317 1776 cturno.
697 1718 1308 1782 in Paris ereignete. Ich war schon
68 1751 534 1816 Beorges Maurevert.
703 1764 1308 1823 damals, was der gute satte Bürger
66 1799 576 1875 ung von Wilhelm Thal.
699 1797 1305 1868 einen „tollen Kerl“ nennt, und
707 1832 1308 1901 brachte, wie der schöne Ausdruck
58 1849 691 1924 ren, bin der Meinung, daß die
700 1895 1300 1962 lautet, meine Familie zur Ver¬
76 1899 692 1977 #e aller menschlichen Gefühle ist,
706 1934 1301 1996 zweiflung. Anstatt die diploma¬
68 1949 693 2007 itze machen soll. Die Spartaner,
704 1968 1310 2050 tische Karriere einzuschlagen, wie
68 2004 700 2063 krte hindurch im Rufe des Muthes
708 2021 1313 2080 es mein braver Vater wünschte,
162 2038 694 2110 hatten ihr in Lacedämon
76 2046 166 2095 den,
713 2069 1313 2136 schwärmte ich schon in meinem
79 2073 709 2142 Michel Ney, der „Tapfere der
705 2114 1319 2181 zwanzigsten Jahre für Freiheit
64 2116 707 2194 n Dummkopf, der behauptete, nie
1600 2063 1916 2270 1
700 2157 1300 2209 und wandte mich der Malerei zu.
119 2160 711 2224 Dabei sprach der berühmte
710 2203 1313 2274 Ich will Ihnen gleich sagen, daß
85 2213 710 2273 jener instinktiven Empörung des
1766 2214 2021 2327 2
707 2245 1307 2298 ich nicht „berufen“ war, aber
69 2255 705 2318 kingesichts einer physischen Gefahr,
701 2288 1306 2354 mit zwanzig Jahren bildet man
70 2307 691 2367 karliche Panik, die sich des Indi¬
707 2332 1247 2398 sich ja bekanntlich alles ein
84 2348 703 2423 Heist bemächtigt, wenn es sich dem
777 2373 1311 2433 Eines schönen Tages verließ
1566 2358 1859 2520 Se
709 2411 1320 2483 ich zum Entsetzen meiner Fannlie
61 2409 699 2494 Fen, möchte ich noch bemerken, daß
716 2456 1316 2529 die Place Vendome, um mich in
2157 2463 2209 2533 35
60 2481 679 2543 icht für einen Feigling gelte, es
1597 2422 2035 2598 AL
703 2504 1319 2580 Montmartre auf der Place du
65 2521 698 2589 teuer nicht mehr wage, zu nächt¬
710 2551 1321 2613 Tertre niederzulassen. Ach, meine
106 2561 703 2645 Hohlweg zu gehen oder einen
720 2599 1307 2658 Freunde, diese bescheidene Woh¬
713 2642 1321 2715 nung auf der Place du Tertre,
70 2635 702 2710 Fommerabende saß ich mit mehreren
718 2688 1324 2751 von der ich Abends Paris in
78 2697 702 2761 sse des Automobilklubs. Es war
715 2726 1318 2792 voller Beleuchtung überschauen
70 2743 714 2807 ind voll Träumen“, wie der Dichter
716 2781 1322 2831 kon#ite, verkörperte meine ganze
95 2790 705 2854 1 in unseren Schaukelstühlen und
724 2820 1318 2877 Jugend, meine arme und doch so
69 2824 713 2902 etränke. Wir wandten uns nach
714 2860 1322 2921 herrliche Jugend! Dort habe ich
74 2874 339 2945 # gesprochen.
716 2904 1333 2965 die Freude kennen gelernt, mich
56 2902 713 2983 Rich nicht für einen Feigling gelten,
717 2950 1326 3012 nach meinem Belieben zu kleiden,
62 2962 711 3025 Emit seinen zweiundzwanzig Duellen
725 3000 1325 3050 nach meiner Phantasie herumzu¬
71 3003 725 3069 nVorliebe für die Gefahr, die ihn
1514 3005 1866 3086 K
728 3036 1328 3104 schweifen und meiner selbst willen
85 3045 721 3112 , an dem griechisch=türkischen Kriege
727 3073 1335 3141 geliebt zu werden — denn ich
108 3097 713 3158 er aus Transvaal zurück, wohin
728 3117 1342 3183 brauche Ihnen wohl nicht erst zu
106 3138 720 3193 gezogen war; im Kampfe bei
727 3172 1347 3227 sagen, daß man mie die Ledens¬
67 3183 725 3235 Oberstlemnant geblieben, hatte er¬
732 3210 1329 3270 miitel abgeschmtten hatte, und
81 3221 714 3278 eiommen, wal gesangen gesiomnten
729 3248 1336 3318 daß ich ohne meine liebe, alte
105 3257 724 3330 gebracht worden. Dann hatte
724 3299 1327 3351 Großmutter aus dem Quercy,
79 3298 722 3375 wörtliche Verpflichtung, nicht mehr
736 3339 1339 3401 die mir eine kleine monatliche
80 3344 724 3415 en, freigelassen. „Aber schließlich
731 3372 1334 3443 Pension von zehn Louisdors
82 3392 728 3471 fansvaal in der Welt, nicht wahr,
734 3414 1339 3495 aussetzte, einfach Hungers ge¬
732 3471 1021 3544 storben wäre.
75 3456 713 3546 isten stand ## mit seinem vierund¬
2686 3476 2904 3578 Sur
808 3496 1334 3576 Ich hatte einen Freund, der
73 3525 722 3593 en Automobil, das neunzig Kilo¬
2601 3528 2718 3608 4
2734 3540 2915 3608 anselr
733 3553 1328 3608 ebenso wie ich Maler war, einen
74 3565 726 3646 rücklegte, im Rufe wahnsinniger
734 3589 1342 3672 gewissen Clande Lantinois, einen
1769 3597 2486 3667 Das renovirte Patrizierhaus in Celle.
84 3626 154 3671 it.
733 3649 1333 3707 guten Kerl, der ein bischen auf¬
1334 3631 2923 3708 Tas prächtige niedersächsische Patrizierhaus in Celle, das im Jahre 1532 erbaut und mit seiner stattlichen
66 3645 650 3728 ichter machten, fahr er fort: „
734 3671 2932 3749 schnitt und gernrenommnrtezerhat L. amentirung ein einzigartiges Schmuckstück bildet, ist nunmehr auf Kosten der Stadt mit einer stilvollen
63 3699 726 3777 ine die Furcht seit einem gewissen
728 3705 2934 3798 ein paar recht gute Bilder gemalt. Bemalung versetzen worden, die die Schönheiten des Banwerks um so wirkungsvoller heivortreten läßt.
73 3751 729 3826 r Zeuge ich gewesen, und das sich
1897 3754 2932 3836 Wir hatten den stolzen Plan gefaßt, zusammen für den
1822 3804 2936 3884 nächsten Salon ein Bild zu schaffen, „Ewige Frauer“. Eine
1835 3856 2934 3930 junge Frau, die auf dem Grabe ihres Geliebten weint ...
1843 3904 2931 3969 Du lieber Gott, die Sache war weder in der Idee noch in
1838 3942 2932 4027 der Komposition besonders verzwickt ... aber damals lagen die
1846 3991 2938 4067 „Rosenkreuzer“, die „Symbolisten“ die „Impressionisten“, die
1858 4020 2935 4118 „ Sezessionisten“ und die andern „Isten“ noch in den Windeln.
1903 4077 2936 4154 Wir kamen überein, er sollte die Ausführung der Perion
1844 4112 2942 4184 übernehmen, und ich sollte mich auf die Landschaft beschranken.
