3344 4384
2005 575 2151 657 an
2581 1370 2877 1463 Robert Russ.
1908 1371 2193 1468 Rudolf Alt.
2380 1418 3058 1518 Zu dem Artikel „Wiener Kunstleben“.
2646 1499 3332 1579 gewiesen und zieht bettelnd von hi#
1711 1494 2663 1561 in Verlegenheit. Jedenfalls möchte ich Karlweiß
2659 1554 3326 1607 ein neuer Grillparzer in irgend ein
2658 1583 3333 1645 Avancement und freier Regung sein
1707 1599 2667 1656 Ringen zum Erfolge emporgearbeitet hat. Er ist
2655 1635 3337 1696 wird eben einem zweiten Schubert wie
1710 1643 2655 1700 ein witziger Spötter, der den Wienern manchmal einen
2652 1680 3341 1749 stelle bei einer Hofkapelle verweiger#
1707 1689 2653 1747 Spiegel zeigt, über den sie eigentlich nicht besonders
2665 1721 3339 1784 wieder einmal den künstlerischen Ru#
1710 1734 2666 1786 erbaut sein sollten. Aber Karlweiß meint es gut,
2653 1766 3331 1850 abzuwarten, ob sie Alle die liebevolle
1706 1774 2665 1827 und überdies weiß er zu unterhalten, den amüsanten
1702 1815 2651 1883 Leuten aber verzeiht man manches, worüber man
1692 1843 2513 1932 mit den Anderen streng ins Gericht ginge.
2925 1865 3332 1962 Dariser Rer
1767 1894 2648 1958 Wiener Malerei und Bildnerei leben zur Zeit
908 1905 999 1975 1
3042 1930 3331 2003 (Dazu drei Bilde
1694 1937 2661 2016 keine große Epoche, eine Richtung geben sie nicht
1698 1991 2658 2052 mehr. Von den alten Künstlern wirken noch Zumbusch,
2781 1970 3338 2052 Die Pariser nennen die Woche
2649 1995 3342 2103 6) dAuteutl und dem Grand¬
1708 2036 2650 2094 Hellmer, Rudolf Alt, Robert Ruß, unter den
2811 2078 3315 2144 echten, eigentlichen — von
1704 2063 2653 2143 Jüngeren hat sich Ajdukiewicz eine achtung¬
2651 2072 2798 2170 88
2770 2101 3337 2184 Woche“. Genau genommen !
1691 2117 2658 2184 gebietende Stellung errungen, und der Lärm der
885 2137 1264 2219 Edmund Hellmer.
2659 2157 3345 2229 vierzehn Tage, denn sic beginnt scho
1693 2169 2667 2226 Sezession hat Gustav Klimt emporgetragen, ein
2662 2213 3323 2274 von Chantilly, dessen Preis auch 1
1559 2199 2665 2272 großes Talent, das leider in letzter Zeit manchen Ver¬
439 2197 1553 2279 Weise belebt, wie es kaum geschildert werden kann. Er ging
2655 2241 3340 2320 also auch als ein „Grand=Prix“ gel
1555 2247 2654 2314 rrungen anheimgefallen ist. Es geht unseren Ausstellungen
447 2252 1557 2319 dem Schlendrian und der Schablone in der Interpretation der
2653 2304 3331 2363 man die Woche vom 9. bis zum
1556 2302 2656 2363 mit den Malern und Plastikern, wie unseren Theatern mit
436 2293 1560 2360 bedeutenden musikalischen Werke rücksichtslos zu Leibe, er re¬
2660 2342 3328 2410 Woche“ gemacht, — man läßt den
1544 2330 2665 2393 den Dichtern und Komponisten. Die Ausländer beschicken
441 2350 1558 2407 formirte gründlich den Spielplan, er fesselte eine anze Reihe
2659 2380 3341 2452 champs später zur Entscheidung kom#
1551 2389 2665 2453 sie am meisten, und ihre neuen Schöpfungen sind es, die
434 2385 1562 2453 bedeutender Kräfte an Wien, er machte unsere verwahrloste
2648 2430 3316 2492 Jahren. In diesen letzten Jahren
1559 2436 2658 2495 das stärkste Interesse erregen. Aber die künstlerische Theil¬
443 2448 1560 2506 Hofoper wieder zu einem der ersten Kunstinstitute in Europa,
2653 2459 3321 2525 schon in den ersten Junitagen statt,
1552 2474 2659 2529 nahme für alles Schöne und Bedeutende ist, wenigstens
446 2486 1556 2546 er verlieh den Konzerten unserer Philharmoniker wieder
2653 2504 3324 2566 und Restaurantbesitzer, die Poriser
1553 2514 2667 2590 bei einem Bruchtheile der Bevölkerung, noch vorhanden,
445 2528 1558 2582 neuen Reiz. Man sollte ihm unsagbar dankbar sein, und
2661 2562 3339 2612 die materiell gar nicht interessirten, a
1550 2567 2670 2617 der Streit der Meinungen ist lebhaft, auch die Wiener
446 2565 1555 2634 er begegnet so vielen Gehässigkeiten und Feindseligkeiten,
2657 2604 3339 2661 Pariser waren damit sehr unzufriede
1559 2608 2662 2672 bieten noch manches Tüchtige und Beachtenswerthe. Wien
445 2611 1562 2673 daß ein Anderer als diesee hartköpfige Thatenmensch des
2661 2651 3339 2704 bedeutet bekanntlich den Schluß d
1554 2647 2665 2716 macht in seinem Kunstleben jetzt offenbar eine Uebergangs¬
449 2655 1556 2719 bösen Spiels längst überdrüssig geworden wäre. Hoffentlich
2652 2692 3361 2753 verlangte die Verlängerung dieser
1558 2692 2664 2754 epoche durch, die vielleicht zu neuen großen Hervorbrin¬
439 2690 1549 2758 hält er aus, und dessen wollen wir uns dann freuen. Er
2659 2732 3345 2799 dieser Festperiode von Paris, und i#
1551 2734 2665 2799 gungen führt. Wer weiß — vielleicht wird eben ein neuer
438 2735 1566 2814 hatte bisher so viel zu reformiren, daß er der musikalischen
445 2779 3335 2854 Produktion nicht jene Beachtung zuwenden konnte, die Makart von unserer Kunstakademie als untauglich ab= Nachgiebigkeit das allgemeine und
3120 2826 3205 2877 erft
3193 2815 3261 2875 üllt.
448 2837 1098 2914 wünschenswerth gewesen wäre.
450 2877 1089 2934 Immerhin hal er auch nach dieser
1675 2835 1955 2981 Wesheshe
449 2914 1092 2987 Richtung hin manches gewirkt, und
450 2966 1086 3030 es ist beispielsweise zu rühmen,
446 3003 1100 3064 daß er sich namentlich des einzigen
448 3057 1094 3118 bedeutenden Komponisten, den
446 3089 1088 3155 die Wiener noch besitzen, Gold¬
440 3121 1097 3199 marks, besonders annimmt. Viele
444 3175 1098 3255 Jahre brauchte er, bis hier eine
440 3229 1093 3290 Aufführung der „Königin von
448 3271 1097 3339 Saba“ durchgesetzt wurde; und
447 3313 1101 3370 eine würdige Ausstattung wurde
449 3355 1098 3412 dem berühmten We#e erst jüngst,
442 3406 1106 3462 anläßlich des Theätre paré zu
455 3449 1101 3506 Ehren des deutschen Kronn#nzen,
445 3485 1102 3563 zu Theil. Welche Hochachtung aber
451 3523 1098 3587 gewisse Kreise vor der Kunst em¬
446 3577 1096 3633 pfinden, mag der Umstand erhellen,
453 3627 1103 3686 daß dem Schöpfer des Werkes zur
447 3669 1086 3730 Festvorstellung ein Sitz auf der —
451 3710 1093 3760 dritten Galerie eingeräumt wurde.
454 3755 1093 3812 Mit solchen Ehren überhäuft man
455 3794 1108 3851 in Wien die Männer, die ihr Genie
453 3840 1110 3901 in den Dienst des Ruhmes dieser
1657 3836 1887 3939 1
457 3885 1096 3944 Stadt stellen. Ja, wenn Gold¬
2975 3914 3085 3980 N-e
460 3924 1103 3988 mark ein tschechischer Komponist ge¬
460 3975 1099 4032 wesen wäre! Dann hätte er sogar
2792 3961 3131 4065 rneren
459 4012 1098 4086 einen Sitz im — österreichischen
456 4045 884 4120 Herrenhause erhalten.
532 4094 1100 4161 Auch das Wiener Theaterwesen
454 4132 1096 4202 hat wieder eine zielbewußte Leitung
