1533 2125
635 41 1098 125 den 17. Aprilis.
1285 41 1381 123 56.
7 47 186 115 Num.
1223 56 1292 123 17
407 37 618 123 Samsta
177 56 262 125 31.
22 407 1381 483 Gedruckt in der Kaiserl. Königl. privilegirten Zeitungs=buch=
81 461 1317 525 druckerey im neuen Michaeler=haus mit von Ghelischen Schriften.
193 606 491 669 Aus Spanien.
160 657 530 708 Madrid 8. Mart.
118 696 674 748 Eine Maj. der König haben das Gou=
130 746 676 787 vernement des Schlosses St. Christo=
41 745 676 819 Se) phel zu Badajoz / dem Don Antonio
35 809 676 866 de la Riva Agnero, Obrist wachtmeister des
35 849 676 898 Regiments von Estremadura conferiret. Am
42 885 674 931 Sonntag ist alhier der Marquis von Cla=
32 927 682 985 ramonte, Vicomte v Mendinueta, Rit=
27 968 677 1010 ter vom Groß=kreutz des Maltheser=ordens,
27 1001 681 1050 vor diesem Bottschafter dieses Ordens am
27 1035 677 1084 hiesigen Königl. Hof honoraire General=leu=
27 1072 686 1123 tenant deren Königl. Armeen rc. in einem
27 1106 686 1174 Alter von 69. Jahren mit Tod abgegangen.
211 1160 478 1228 Aus Jtalien.
144 1209 566 1277 Venedig 13. Martii.
56 1253 682 1316 Durch unseren alhier angelandeten Schif=
29 1294 682 1353 capitan Adorno, vernimmet man, daß
30 1339 687 1386 den 13. vorigen Monats in der Nacht ein
37 1373 677 1420 starkes Erd=beben auf der Jnsul Corfu
35 1408 684 1459 verspühret worden, welches etliche Minu=
39 1446 682 1500 ten gedauret, doch aber keinen besonderen
47 1481 686 1542 Schaden verursachet; es ist auch auf unse=
41 1520 686 1579 ren festen Land, sonderlich in der Stadt
44 1554 682 1620 Feltre, und dasiger Gegend, und den 25.
47 1596 686 1660 vörigen Monats zu Bassano ein dergleichen
41 1635 684 1694 starker Erd=stoß erfolget, daß sich die Jnn=
37 1667 686 1731 wohner mehresten Theils auf das Feld ge=
39 1702 154 1756 flüchter.
152 1739 551 1812 Neapel 16. Martii.
68 1790 684 1851 Unsere 6. bewafnete Bebequen seynd
34 1827 686 1893 von hier unter Segel gegangen, wider die
29 1856 682 1934 barbarische Ste=räuber zu kreutzen. Unter
35 1907 687 1972 anderen vielen seltsamen alten Sachen, wel=
39 1939 686 2020 che mehrmalen zu Excolano gefunden wor=
503 137 868 243 Geesse
307 285 1116 365 DIARIUM.
1111 299 1187 363 S
706 596 1388 652 den, befindet sich auch eine silberne Son=
706 643 1383 691 nen=uhr von unvergleichlicher arbeit. Ver=
711 681 1386 726 schiedene dieser Tagen alhier angekommene
714 726 1390 772 Fahrzeuge berichten, daß auch zu Maltha
721 763 1383 804 2. Erd=beben verspühret worden, welche je=
714 794 1228 851 doch keinen Schaden verursachet.
865 834 1226 885 Rom 20. Martii.
753 870 1388 925 Se. Päbstl. Heil. haben von Trient die
711 915 1388 969 Nachricht erhalten, daß der Dommherr Al=
713 961 1388 998 berti durch die mehrere Stimmen zum neu=
713 993 1386 1042 en Coadjutor des dasigen Bistums erwäh=
714 1032 1383 1074 let worden. Nachdeme das Bistum von
711 1072 1381 1111 Belluno in dem Venetianischen Staat durch
714 1108 1390 1155 den Todes=fall des Monsig. Giacomo Costa
714 1148 1388 1187 in Erledigung gekommen, so ist selbes dem
714 1177 1388 1223 dermaligen Bischof von Capo d'Jstria Mon=
716 1218 1386 1268 sig. Giovanni Baptist Sandi von Sr. Päbst=
714 1255 1236 1309 lichen Heiligkeit ertheilet worden.
839 1290 1260 1348 Venedig 20. Martii.
755 1334 1388 1390 Man hat Nachricht, daß den 2 dieses
719 1378 1388 1420 auch in der Gegend des Lago di Garda
714 1410 1390 1461 2. Erd=beben mit besonderen Umständen von
719 1456 1386 1508 denen man aber nichts gewisses erfahren,
714 1481 1012 1547 verspühret worden.
855 1523 1261 1576 Genua 20. Martii.
763 1571 1390 1628 Montag kame ein hier ländisches Fahrzeug
719 1609 1385 1660 mit verschiedenen Waaren von Porto Ec=
721 1655 1390 1701 cola hier an, dessen Patron berichtet, daß
721 1690 1395 1731 den 10. dieses 6. Neapolitanische Sciabec=
719 1723 1388 1773 quen zu Longone eingeloffen, welche wider
719 1761 1388 1810 die Seeeräuber herum zu kreutzen Befehl ha=
721 1802 1386 1851 ben. Vorgestern kame eine Maonische Tax=
719 1842 1393 1883 tana von Tunis durch welche mann ver=
721 1875 1398 1925 nommen, daß in dasigen Hafen keine Raub=
719 1915 1393 1971 schif ausgerüstet, wol aber ein Lager für
1310 1956 1370 2011 die
