3392 4320
443 216 1463 284 Kassian gelten muß. Immerhin eine geistvolle
1310 256 1476 306 — wenn“
435 270 1303 314 Spielerei auch dieses „Große Würstel“ und —
439 294 1484 360 wir nicht irren, zum erstenmal außerhalb Oester¬
428 344 1475 421 (reichs, jedenfalls zum erstenmal seit langen Jahren
444 387 1490 427 auf die Bretter gebracht. Und eine Blüte von sehr
437 419 1474 467 wienerischem Duft an die Elbe gebracht. Daß sie
415 457 1484 541 nicht gepreßt war und nichr eingettoaknel, vielmehr
426 534 1470 608 ziemlich in ihren Säften erhalten, war beinahe über¬
411 579 626 637 raschend.
476 608 1467 674 Man entsinnt sich vielleicht vom Buche her des
427 663 1459 705 Spieles. Der Wiener Würstelprater mit den Hans¬
425 705 1458 756 wursten (jenen, „die sich prügeln und dann beide vom
425 745 865 798 Teufel geholt werden“
879 746 1463 807 — ach, wer seufzte dabei nicht
432 788 1462 836 heutzutag und hätte seinen Gedanken, so wie wenn
429 829 1459 873 zwei Augure lächeln. Und dazu das heite; anzie¬
432 866 1467 908 hende Sonntagsleben des Wien von Anno Dammal.
435 910 1458 969 Vor 1914. Eh der Tapfere Kassian kam und der
439 950 1458 996 Großmutter den Großvater und den Enkel nahm.
429 991 1469 1034 In dieser Welt — sie litt immer an dem allgemeinen
437 1018 1474 1082 Weltschmerz, dem Tod — aber es ging diesmal dem
432 1072 1471 1117 Arzt Artur Schnitzler nicht zu tief — unter diesen
436 1098 1462 1164 Siebensachen hat der Dichter ein wirkliches Mario¬
430 1156 1461 1210 nettentheater aufgerichtet (kein wirkliches natürlich
426 1196 1463 1234 auf der realen Buhne) also ein romantisches Doppel¬
431 1235 1467 1285 spiel wie seit Tieck als Bühnenscherz üblich. Zum
434 1274 1460 1324 Schluß aber bringt der Autor noch einige seiner
425 1317 1472 1362 Schauspieler in dem wirklichen Zuschauerraum unter,
430 1344 1463 1399 von wo sie den gewaltsamen Schluß des Ganzen her¬
424 1396 1460 1458 beiführen. Der „Wohlwollende“ der Bissige“ der
426 1441 1466 1490 „Naive“, der Bürger mit seinen beiden Töchtern
416 1478 1467 1528 und eine ganze Flora von wohlgesinnten oder skan¬
427 1515 1470 1572 dalsüchtigen Zuschauern (die in Dresden nur sehr
432 1563 1464 1606 wenig verschnitten war), begleitet den Großen
435 1604 1478 1645 Würstel“ die Marionettenkomodie vom Leben mit
431 1644 1462 1696 seinen amüsanten Spiegelungen, bis sehr bald und
427 1685 1473 1729 mitten in die Szene, ehe die sich aufgeklärt hat, zuerst
424 1727 1471 1780 der Große Würstel, keine Aktualität, bitte, auch kein
430 1767 1471 1814 Symbol etwa des Volkes gab, sondern der leibhaftige
420 1810 1468 1860 Tod den Marionetten allen und danach der „Mann
414 1847 1462 1909 im blauen Mantel“, nochmals der Tod, auch all den
418 1897 1459 1940 Zuschauern auf der Bühne ein unerwartetes Ende
418 1925 1470 1968 bereitet. Man kann nicht sagen, daß all diese Mario¬
422 1971 1471 2026 netten: der Held farblos, der grotesk=frivole Herzog
421 2011 1464 2060 (von Lawine), die Herzogin (eine vornehme Prosti¬
415 2051 1470 2097 tuierte), die Liesel (ein Mädchen, „deren Natur es
421 2088 1461 2142 ist“), auch nur inhaltlich, ihr Marionettendasein er¬
416 2131 1462 2185 schöpfen, da es ihnen ja zeitlich von dem „Großen
407 2182 1472 2230 Würstel“ nicht verstattet wird. Sie führen einige
406 2215 1466 2259 zumeist reizvolle und anmutige oder scharfe Reden,
417 2252 1457 2300 bemühen sich aber geradezu darum, keinesfalls über
409 2300 1456 2348 die bloße Skizze den bloßen galanten Schnitt ihres
420 2338 1460 2383 Charakterkostüms hinauszugehn. Am besten war
406 2382 1457 2442 der sozusagen hispanische, aber seinen Ernst nicht
415 2423 1455 2465 selbst ernstnehmende Herzog, wenigstens in Alexander
410 2465 1459 2529 Wierths Darstellung (von einer Verkörperung
416 2514 1453 2553 kann in dieser Rolle weniger die Rede sein als viel
410 2547 1457 2584 eher von einer Art Vergeistigung). Der seinen man¬
409 2585 1464 2640 gelnden Ernst ernstnehmende „Held“ aber bot seinem
408 2625 1464 2681 Darsteller Herrn Iltz lange nicht solche Vorteile.
415 2664 1455 2722 Frau Bleibtren, eine der besten Kräfte
414 2722 1457 2761 Dresdens, war trotzdem keine „dämonische“ Herzogin,
418 2761 1457 2803 sie konnte nach der ganzen Art ihrer Begabung nur
415 2792 1465 2841 eine bewußte Karikatur dort vortragen, wo nur das
417 2829 1464 2877 Unbewußte das Böse und also die Tragik birgt.
413 2872 1457 2915 Hier wie wohl auch noch anderswo war zu viel
411 2909 1462 2960 bloßer Witz für den doch im Grunde melancho¬
411 2955 1462 3006 lischen Dichter. Die Figuren im Zuschauerraum
413 3011 1459 3053 aber waren im allgemeinen trefflich besetzt: „Der
402 3050 1465 3091 Direktor“, ein spielerischer Schößling des Direktors
405 3088 1453 3142 im Faustprolog, durch Herrn Meyer der auf dem
405 3122 1452 3172 Kothurn einiger Verse köstlich großspurig einher¬
403 3171 1467 3213 steltzte. Den aufgeregten „Dichter“ des Marionetten¬
409 3203 1452 3260 stücks gab Mehnert natürlich in der Maske des
405 3250 1461 3296 Orignaldichters Artur Schnitzler. Unter den „Bür¬
412 3295 1462 3340 gern“ war der Bissige“ Erich Pontos, besonders
410 3323 1453 3372 vorzüglich; wohlgelungen aber auch seine Gegen¬
414 3367 1455 3423 spieler, der „Wohlwollende“ und der „Naive“ (die
410 3410 1454 3451 Herren Dettmer und Balder). Dem „Unbe¬
406 3462 1453 3498 kannten im blauen Mantel“ verlieh Lindner ein
408 3487 1447 3540 solches Maß von Feierlichkeit, wie es der Dichter
413 3533 1456 3576 beabsichtigt. Der Graf von Charolais, die herein¬
410 3576 1456 3624 brechende Figur aus einem fremden (Beer=Hoffmann¬
417 3614 1449 3660 schen) Stücke war in Dresden weggeblieben. Aber
411 3655 1450 3703 der „Zuschauer“ Schnitzlers wirkte, der (aus dem
411 3692 1451 3751 reellen Zuschauerraum gegen den frechen Schluß des
415 3733 1459 3777 Ganzen „protestierte, daß dem Dichter nichts mehr
415 3777 1457 3825 eingefallen sei“. Und das Publikum begleitete diesen
406 3820 1449 3868 romantischen Purzelbaum mit Beifall — nahm ihn
404 3856 1451 3914 als wirklichen Einfall des Dichters hin — und ging
406 3909 1439 3951 also erheitert nach Hause. Ein reeller Protest hatte
414 3952 1454 3991 auch nicht nur dem Autor — der ja so viel anderes
751 3989 1453 4044 — Unrecht getan, sondern auch der
414 3983 719 4040 geschrieben hat
410 4025 1457 4077 gesamten wirklich anmutigen und sogar einigermaßen
409 4065 1477 4121 wienerisch vorgetragenen Aufführung unter der ge¬
405 4107 1213 4168 schickten Spielleitung Hanns Fischers.
1141 4135 1439 4218 Paul Adler,)
2044 1375 2714 1466 Frankfurter Nachrichten
1705 1465 2689 1555 0.— E. 1218 und Intell½geue Blatt
2164 1515 2616 1611 Frannfurt a. M.
1849 1645 2763 1704 Dresdner Theater. Die letzte Sonntagmittag¬
2161 1689 2766 1747 Kgl. Schauspielhauses
1779 1673 2069 1764 Vorstellung
2594 1725 2766 1780 Arthur
1814 1725 2423 1790 brachte die Erstaufführung
1966 1769 2776 1838 Wrpurlestem Einakter „Zum
1802 1785 2765 1867 ##n wurstel“, jenes heiter=nachdent¬
1802 1840 2776 1901 liche Spiel, in leichten Ironien gankelnd zwi¬
1804 1887 2773 1932 schen dem Puppentheater und dem Theater des
1811 1923 2780 1979 Lebens, mit skeptischem Lächeln und bedeu¬
1807 1968 2772 2030 tungsvollen Scherzen zwei, brei Komödien
1792 2011 2780 2058 durcheinanderwirbelnd. Schnitzler hat diese
1805 2038 2768 2098 Hanswurstiade des Lebens, in der selbst der
1805 2081 2774 2136 Tod sich als Kasperle entpuppt, mit einer Gra¬
1832 2127 2769 2180 zie und Selbstironie gemacht, die entzückt:
1802 2168 2784 2220 Eine Marionettenbühne im Wiener Wurstel¬
2396 2209 2775 2264 n Fäden agieren
1809 2212 2324 2271 prater. Die Puppen an
1815 2248 2778 2297 eins der sentimentalen Liebesstücke mit den
1807 2279 2791 2342 typischen Figuren des jungen Herrn, des süßen
1823 2334 2727 2379 Mädels, des unwiderstehlichen Herzogs, de
2609 2348 2775 2421 Selbst¬
1816 2381 2405 2433 sensationsgierigen Herzogin
1815 2402 2769 2463 verfiflage des „Liebelei“=Dichters. Unten sitzen
1816 2448 2787 2499 Bürger beim Bier, kommentieren und kritisie¬
2433 2492 2783 2541 Theaterdirektor
1814 2491 2324 2548 ren das Spiel, Dichter
1800 2522 2789 2595 streiten sich. Noch der Zuschauerraum des
1845 2613 2734 2696 wirklichen Theaters wird ins Spiel
1842 2666 2739 2722 zogen, ein Herr im Parkett springt a
1848 2714 2806 2764 und will den „Schwindel“ da oben entlarven.
1839 2739 2811 2807 Da erscheint der symbolische „Unbekannte“, sein
1854 2768 2823 2860 Schwert durchschneidet die sichtbaren Fäden der
1856 2793 2826 2892 Marionetten, die unsichtbaren der Menschen
1847 2858 2802 2927 auf der Bühne, es bedroht sogar noch das
1854 2897 2826 2975 Publikum des Parketts, Für einen Augenblick!
1851 2943 2818 3017 tut sich die Doppelbödigkeit des Daseins auf.
1853 2978 2805 3051 Anatolweisheiten: „Wir spielen immer. Wer es
1854 2990 2826 3085 weiß, ist klug. Dann braust wieder der Jahr¬
1857 3054 2821 3138 marktslärm des Praters auf. Das Spiel ist
2162 3105 2831 3158 Meisterstück der Regie Hanns!
1852 3124 1968 3171 aus.
1858 3138 2812 3197 Fischers war diese Burleske. Sehr glücklich
1864 3179 2826 3250 traf man den Stil des Marionettengesprächs,
1863 3219 2810 3288 die Figuren hingen wirklich an Fäden, hatten
2521 3243 2826 3318 parodistischem
2446 3267 2504 3316 in
1873 3272 2441 3330 die eckige Gestik, sprachen
1867 3300 2831 3361 Pathos. Unnachahmlich: Wierth, Iltz, Fischer.
1863 3345 2813 3415 Mehmert machte in Schnitzlers Maske den ge¬
1863 3377 2826 3452 peinigten Dichter, Meyer war der Ausrufer¬
1867 3415 2842 3478 und Direktor. Ponto machte, köstlich wie immer,
1866 3451 2835 3521 den bissigen Zuschauer, der schließlich ins Par¬
1868 3490 2841 3571 kett hinuntersteigt. Ein schöner künstlerischer
2736 3537 2786 3598 7
1875 3555 2047 3631 Erfolg.
