3484 4320
1744 231 2196 331 box 22/9
281 239 1590 339 17.3. Zun grossen Würste1
900 1252 2380 1368 aufgang: 5 Uhr 47 Min Sonnenuntergang: 6 Uhr 24 Min. — Mutmäßliche
898 1320 2181 1404 Witterung nach dem hundertjährigen Kalender: Trüb und ziemlich kühl.
907 1406 2401 1509 auf der Höhe der Dichtung. Nur Herr Höfer stellte als Marionettentheater¬
1714 1453 2145 1527 — aber die anderen!
921 1486 1722 1564 direktor eine köstliche Type auf die Bühne
1028 1500 2393 1602 Das Raimund=Theater wird tendenziös. Nach „Messenyauser“ kam diese
920 1533 2394 1650 Woche das Märchenspiel „Der Reformator“ als Neuheit an die Reihe. Der
921 1593 2397 1720 Autor, Otto Conradi ist sein bisnun unbekannt gewesener Name, ist aber vor¬
926 1637 2388 1751 sichtigerweise nicht zu Telmann, sondern zu Dr. Wittenbauer in die Lehre ge¬
925 1703 2396 1805 gangen. Dort die Bevorzugung unfähiger Lehrkräfte, hier die Protektionswirt¬
938 1723 2403 1849 schaft in Beamtenkreisen. Eine bureaukratische „Arme Leut"=Komödie, die zu
936 1783 2404 1897 Ferdinand Raimunds Märchenwelt emporflattern will. Die böse Fee Protektion
946 1835 2396 1947 erscheint in höchsteigener Person und treibt zum Schaden aller Frommen ein ge¬
934 1885 2407 1997 fährliches Unwesen. Der ahnengesegnete Baron v. Szipanski wird von Rang¬
943 1929 2409 2033 klasse zu Rangklasse emporgeschleudert, indes der arme bürgerliche Praktikant
941 1971 2414 2086 alle Bitternisse der kleinen Beamtenexistenz durchkosten muß. Die soziale Not
938 2020 2416 2143 schreit zu den Galerien des Raimund=Theaters. Doch in der Stunde der höchsten
942 2064 2423 2204 Gefahr erscheint der Beamtenheiland in Gestalt des selbstherrlichen Landesfürsten
946 2116 2416 2249 in der Bureaustube, jagt die korrupte Bureaukratie in die Verbannung der
946 2160 2422 2284 Pension und ernennt den armen hilf= und subsistenzlosen Praktikanten zum
955 2208 2419 2334 Finanzrat. Heil und Sieg! Das Stück ist gut gemeint, ja es steckt sogar eine
944 2266 2423 2373 erhebliche Dosis von Empfineung in einzelnen Szenen, aber die rührende
950 2303 2424 2418 Naivetät des Autors hat sein Werk entwer. An Beifall hat es bei der
955 2353 2426 2471 Première trotzdem nicht gefehlt, und so oft ein Schlagwort über Bureaukratie
960 2397 2422 2518 von der Bühne in den Zuschauerraum geflogen kam, gab es sogar demonstra¬
955 2453 2430 2572 tiven Applaus, der den Dialog minutenlang unterbrach. Die Novität war in
960 2491 2441 2629 den Hauptrollen mit den Herren Charlé, Eckhardt, Popp und Hiller sowie den
956 2547 2435 2664 Damen Reingruber und Hetsey trefflich besetzt und fand eine überaus freund¬
961 2585 2434 2716 liche Aufnahme; um so urfreundlicher dürfte der Verfasser, der im profanen
969 2655 2444 2752 Leben als bescheidener Zollbeamter wirkt, von seinen Vorgesetzten begrüßt werden,
961 2683 2443 2811 denn Gedanken, die von Beamten auf die Bähne geschmuggelt werden, sind
1858 2771 2418 2875 Venjamin Schier jun.
966 2786 1379 2874 nicht immer zollfrei!
2410 1546 3386 1663 dem Bestande 6261 Schülerinnen ausgebildet. Mit Beo
2422 1616 3374 1710 scheiden des Zentralausschußmitgliedes Feau v. Pfeiffer
2418 1651 3384 1770 der Vereinsleitung das Absolutorium erteilt und die L#
2825 1774 3396 1888 Graphologischer Brieftd
2426 1856 3362 1953 Geleitet von Dolphine Poppée, beeidete Sachverständige,
2428 1911 3322 2007 gasse 11, 1. Stiege, 3. Stock, Sprechstunde von 3—5
2890 1940 3390 2008 und Donnerstag von 5—6 Uh
2467 1993 3384 2078 uschriften und Honorarsendungen direkt an Obgenannte; Honora
2437 2028 3385 2115 Schriftbeurteilungen, die in der „Wiener Hausfrauen=Zeiti
2486 2050 3379 2143 Skizze, K 3·— bis K 4·— für ausführliche Schilderungen; für N
2547 2093 3380 2185 P. R. Ein blendender, sprühender Geist, voll 2
2436 2144 3381 2239 er auch nicht will Und merkwürdigerweise, er will d
2440 2181 3374 2281 stark. Er vergißt, daß die Mädchen und die Tugenden
2443 2219 3384 2312 nichts davon wissen. „Non é la mia colpa“ wird er sic
2447 2265 3379 2356 eben gar so sehr gehätschelt von lieben, kleinen, zarten
2442 2297 3391 2385 der Gewichtslehre Hohn sprechend, sollen gerade die klei
2451 2333 3391 2423 darin sein. Er spricht gut und animiert und er hört sil
2443 2371 3382 2474 gut, weit, breit, dehnbar wie ein — ja womit soll
2450 2413 3339 2509 dem Paragraph 14 vielleicht? Er ist elegant, sehr
2449 2458 3382 2538 sympathisch, man kann ihm eine gewisse „Herzensbreche
2451 2493 3385 2592 Wert des Geldes weiß er wohl zu würdigen, gibt si
2453 2536 3387 2631 etwas vom Grandseigneur steckt in ihm. Ob er auch
2457 2564 3376 2660 wissen? Ich würde es eher verneinen, das stete Leben
2450 2602 3395 2694 Fremden, wo er nie sein wahres Herz zeigen kani
2457 2644 3382 2725 Familiensinn. bei manchen erstickt es ihn. Hoffen wir
2462 2678 3388 2774 auch, ein keuscher Josef, der Frau Potiphar in kein
2464 2721 3390 2818 der den Mantel der Monna Vanna dem seinigen vor
