3436 4320
1718 250 2195 352 box 22/9
249 262 1648 372 17.3. Zum grossen Würste1
1505 1353 3024 1454 hat Direktor Jarn###i deren Einquartierung im Lustspieltheater Sorge getragen.
1514 1407 3025 1495 Dort wird dem Publikum gegenwärtig ein Einakter von Erich Korn zugemutet,
1521 1463 3004 1549 der an Unflätigkeit des Dialoges nichts zu wünschen übrig läßt. Der Autor
1515 1511 2996 1598 hat diese Geschmacklosigkeit seiner Feder „Mamzell Courasche“ genannt und
1507 1557 3001 1637 dazu den erläuternden Untertitel „Ein Bild aus dem Dreißigjährigen Kriege“
1511 1591 3013 1689 gewählt. Die Heldin ist eine Soldatendirne, ein ebenso heldenmütiges wie ver¬
1516 1655 3011 1746 derbtes Ding, das eine bewegte Vergangenheit auf den Feldern der Ehre und
1522 1700 3003 1797 Unehre hinter sich hat. Der Fechtmeister Spertini ist tapfer genug, dieses Wesen
177 1718 1513 1823 Die jüngste Neuheit der Josefstädter Bühne nennt sich „Philipp der Gute“,
1515 1752 3013 1844 trotz seiner bewegten Vorlebensgeschichte in den Hafen einer soliden Ehe geleiten
193 1787 1526 1869 Paul Gavault und Georges Berr verfaßt und von Benno Jacobsen
1526 1790 3017 1891 zu wollen, und Mamzell Courasche ist ihm dafür grenzenlos dankbar — mit
196 1835 1522 1894 und verdorben worden. Der deutsche Translator hat das französische
1514 1845 3006 1931 einem Worte — die Ehe hat alle Aussicht auf ein sittsches Ende. Doch das
203 1883 1522 1964 il in die Länge gezogen und durch zahlreiche Berliner Kalauer verunstaltet.
1522 1893 3012 1981 häusliche Unglück schreitet schnell. Am Hochzeitsabend oettet der junge Gatte¬
180 1927 1522 2003 bel der Franzosen ist nicht übel: Der Rechtsanwalt Philippe Ardelot, von
1523 1943 3021 2029 mit einigen betrunkenen Regimentskonteraden, daß er sein Wib vor ihnen
184 1980 1516 2049 Mitwelt „der Gute“ genannt, gewährt einer ihm völlig unbekannten
1534 1995 3015 2080 schlagen werde. Gesagt, getan. Aber der Fechtmeister hatte die Rechnung ohne
186 2021 1528 2109 die bei einem großen Straßenaufzug ohnmächtig wurde, in seine) Wohnung
1529 2059 3009 2135 sein; bessere Hälfte gemacht, die läß sich nicht ohneweiters angesichts iheer
186 2082 1532 2159 gen Unterstand. Das Mitleid ist überhaupt die hervorstechendste Eigen¬
1535 2095 3023 2174 uniformierten Freunde prügeln, sondern sticht dem jungen Gatten zur Strafe
185 2119 1525 2198 keines untadeligen Charakters, er besitzt ein ausnehmend weiches Herz, das
1530 2136 3028 2216 für den unlauteren Wettbewerb den soitzen Degen in die Brust und endigt
186 2176 1529 2244 konderer Wärme für unglückliche Frauen und Mädchen empfindet. Aber
1536 2185 3017 2272 damit den peinlichen Zwischenfall, der überdies durch einen Schwarm der
187 2214 1529 2293 ferkt: alles in Ehren — es ist wirklich nur Mitleid, so unwahrscheinlich
1526 2237 3021 2301 üppigsten Derbheiten verunziert wird. Das beklagenswerte Fräulein Helm, dem
177 2261 1538 2343 Friebfeder bei einem auf den Jarnoschen Bühnen aufgeführten Franzosen¬
1527 2283 3012 2374 die Titelrolle aufgehalst wurde, entledigte sich dieser undankbaren Aufgabe mit
183 2307 1530 2374 ke auch scheinen möge. Durch diese ungewöhnliche Menschenfreundlichkeit
1525 2322 3026 2415 Temperament und Intelligenz, dessenungeachtet vermochte sie das sichtliche.
188 2360 1534 2442 Monsieur Ardelot in allerlei peinliche Fatalitäten, ganz besonders bei seiner
1523 2377 3018 2453 Mißbehagen des Publikums nicht zu bannen Erfreulicher als dieses Mittelding
197 2408 1528 2484 denn Philipp der Gute ist trotz seiner humanen Prinzipien verheiratet,
1534 2431 3011 2499 waren der Beginn und der Schluß des vorwöchentlichen Premièrenabends der
193 2433 1531 2533 häuslichen Zwiste lassen sogar eine förmliche Scheidung von Tisch und
1526 2471 3014 2575 Praterbühne. Die von Paul Lindau bearbeitete Satire „Fahrt über den Styx“.
180 2510 1533 2594 efürchten, die aber schließlich dank der Vorsehung nicht zu stande kommt,
1542 2526 3030 2611 von Lucian, dem geistreichsten Causeur der römischen Kaiserzeit, fand trotz ihrer
186 2536 1540 2629 er Vorhang fällt über ein versöhntes Ehepaar. Die Josefstädter Bühne
1539 2562 3030 2658 offenbaren Bühnenuntauglichkeit eine freundliche Aufnahme: ungleich lebhafter
187 2605 1540 2681 le kurzweiligere Pariser Schwänke gesehen wie jenen der Herren Gavault
1533 2618 3027 2701 aber wurde der witzsprühenden Komödie „Zum großen Wurstl“ von Artur
186 2643 1536 2724 err, aber immerhin verlohnt es sich der Mühe, den guten Philipp Marans
1515 2664 3024 2771 Schnitzler applaudiert. Die liebenswürdige literarische Satire auf das Theater
188 2699 1527 2784 ngesicht zu Angesicht zu sehen, denn die Rolle des zartfühlenden Advokaten
1536 2713 3032 2795 und seine Leute, auf Publikum, Schauspieler und Autoren, die als willenlose
188 2749 1531 2830 u den besten Leistungen dieses köstlichen Schauspielers, der diesmal bewies,
1530 2761 3025 2856 Puppen über die Bühne stolpern, übte starke Wirkung; freilich blieb mancher
186 2793 1536 2883 n Humor auch ohne die gewohnten und gewöhnlichen Zweidentigkeiten zu
1536 2814 3031 2894 sarkastische Witz über die Bühnenwelt nur den Eingeweihten verständlich, indessen.
189 2847 1536 2912 I vermag. Der neue Schwank ist nicht sittenrein, aber weit züchtiger ver¬
1528 2858 3030 2937 hat Schnitzler auch für den Laien, der nie hinter die Kulisse guckt, eine statt¬
199 2890 1532 2964 wie die meisten seiner Vorgänger. Um die Zote für die Zeit ihrer Aus¬
183 2914 3045 3042 g aus dem achten Wiener. Gemeindebezirke nicht unterstandslos zu lassen, liche Schar geistreicher Gedanken vorrätig. Leider stand die Darstellung nicht
382 3014 965 3219 AO K
