3392 4320
739 263 1043 337 grosse
1148 270 1244 332 WI
232 261 1548 356 17.3. Zunstel
1033 623 1396 725 Telephon 12801.
515 700 1207 846 „OBSERVER‘
326 821 1434 911 I. österr. behördl. konz. Unternehmen für Zeitungs-Ausschnitte
517 884 1251 963 Wien, I., Concordiaplatz 4.
742 955 1047 1017 Vertretungen
336 987 1435 1051 in Berlin, Budapest, Chicago, Christiania, Genf, Kopenhagen.
343 1040 1435 1087 London, Madrid, Mailand, Minneapolis, New-York, Paris, Rom.
501 1077 1268 1149 San Francisco, Stockholm, St. Petersburg.
681 1122 1091 1184 (Quellenangabe ohne Gewähr.)
786 1166 1073 1250 18. J. 1906
340 1191 762 1292 Ausschnitt aus:
582 1225 1442 1330 Wiener Allgemeine Zeitung, Wien
354 1321 497 1386 vom:
409 1319 1462 1404 (Lustspieltheater.) Zum erstenmal: „Die
310 1383 1457 1471 Fahrt über den Styx“ von Lucian (bearbeitet von
315 1453 1455 1501 Lindau). Eine weise Farce, voll philosophischen Witzes und
321 1500 1453 1550 witziger Philosophie. — Dann: „Mamzell Courasche“
323 1550 1455 1608 von Erich Korn. „Theater“. Von der gewissen Kräftigkeit.
323 1588 1452 1650 Ein Stückm Müsieln — die Zuhörer werden natürlich be¬
313 1634 1457 1709 zwungen. 1— Zum Schluß: „Zum großen Wurstel",
321 1691 1464 1753 Burleske in einem Akt von Arthur Schnitzler. Sehr bunt,
309 1743 1454 1789 wienerisch, witzig. Ueberlegen selbst über ehl der Ueber¬
311 1785 1446 1826 legenheit, das auch noch ins Burleske gezogen wird. Ein
318 1831 1452 1905 Atelierspaß mit wehmütigen Hintergründen. — Ueber die drei
305 1884 1455 1942 vortrefflich inszenierten und gespielten Stücke am Montag mehr.
1150 2298 1525 2392 Telephon 12801.
1208 2388 1376 2470 51.
614 2415 1308 2516 „UBSERVER
441 2502 1519 2561 I. österr. behördl konz. Unternehmen für Zeitungs-Aussohnitte
634 2549 1370 2638 Wien, I., Concordiaplatz 4.
846 2630 1163 2688 Vertretungen
453 2663 1535 2746 in Berlin, Budapest, Chicago, Christiania, Genf, Kopenhagen,
450 2713 1532 2765 London, Madrid, Mailand, Minneapolis. New-York. Paris, Rom,
601 2750 1382 2808 San Francisco, Stockholm, St. Petersburg.
790 2798 1209 2857 (Quellenangabe ohne Gewähr.)
443 2857 860 2931 Ausschnitt aus:
602 2893 1523 3000 76 3. 19cMiener Mittags-Zeitung
449 2962 596 3019 vom:
471 3047 1531 3137 (Lustspieltheater.) Ein literarischer Abend, aus Vorzeit,
372 3118 1517 3182 Zeit und Ueberzeit gemengt. Der alte Lukian mit seinen
374 3161 1518 3224 breitgetretenen Dialogen am Styx wurde durch allen szenischen
375 3213 1528 3269 Hokuspokus nicht genießbarer. Schnitzlers Puppenscherz
371 3247 1503 3309 „Zum großen Wurstel“ ist eine ällzi gesstreiche Persi¬
372 3309 1512 3370 flage, ein Marionettenspiel, das einem Theaterpublikum nicht
375 3352 1519 3428 warm machen kann. Nur die Figur des Praterausrufers wirkte,
374 3401 1526 3443 von Herrn Hofer vorzüglich gespielt, die übrigen Schemen
370 3453 1519 3502 verpufften im leeren Raum. Wirklichen Erfolg hatte nur der
374 3496 1519 3569 Einakter „Mamzell Courasche“, ein Bild aus dem
363 3541 1519 3606 dreißigjährigen Krieg, von Exich K### mit einem reizenden
369 3591 1522 3657 musikalischen Motiv von Oskar Strauß. Ein feines, lebens¬
373 3646 1523 3707 und kraftvolles Dramolet, im malerischenGGewande eines alten
381 3684 1515 3768 Feldlagers und mit aller lustigen, lüsternen Derbheit Jener
370 3735 1511 3804 Zeit. In allen drei Stücken bewährte sich wieder die tüchtige
354 3811 1490 3888 schauspielerische Schulung des Jarnoschen Ensembles. Als
351 3881 1499 3930 Mamzell Courasche führte sich Fräulein Angela Holm mit
359 3916 1500 3979 Erfolg ein, ergreifend in den Tönen weiblicher Innigkeit und
350 3965 1491 4033 packend in ihrer tragischen Wucht, ein vielversprechendes Talent.
363 4011 1493 4068 Herr Bulß stilvoll und sicher wie immer, die Herren
364 4060 1509 4139 Nexs, Dumont, Valberg, prächtige, humorvolle Typen
346 4108 747 4193 aus dem Feldlager.
1645 259 2156 339 box 22/9
2544 1098 2914 1188 Telephon 12801.
2006 1197 2708 1326 „OBSERVER‘
1831 1298 2934 1381 I. österr. behördl konz. Unternehmen für Zeitungs-Aussohnitte
2019 1354 2762 1443 Wien, I., Concordiaplatz 4.
2240 1428 2557 1485 Vertretungen
1846 1455 2920 1532 in Berlin, Budapest. Chicago, Christiania, Genf, Kopenhagen,
1854 1519 2934 1572 London, Madrid, Mailand, Minneapolis, New-York, Paris, Rom,
2007 1567 2783 1613 San Francisco, Stockholm, St. Petersburg.
2194 1599 2606 1656 (Quellenangabe ohne Gewähr.)
1846 1664 2269 1750 Ausschnitt aus:
1982 1691 2893 1806 17. 3. 19CFATERLAND, WIEN
1863 1756 2973 1850 7=Mustspiertheater.) Zum Besten eines Kinder¬
1853 1815 2984 1892 Krankeninstitutes fand heute ein Premierenabend statt. Gegeben
1864 1882 2988 1937 wurden drei Einakter. Der erste, eine Satire nach Lucian,
1871 1929 2992 1982 bearbeitet von Paul Lindau, betitelt sich =Die Fahrt
1859 1962 2980 2029 über den Styxe, und soll uns in antikem Gewande die
1866 2011 2991 2067 alte Wahrheit vor Augen führen, daß vor dem Tode alle
1862 2048 2987 2125 gleich sind, oder, daß die Armen leichter sterben, als die
1861 2103 2987 2171 Reichen, welche sich nur schwer von ihren Schätzen trennen.
1874 2136 2989 2197 Die beiden Gegensätze wurden von einem armen Schuster
1880 2193 2991 2246 (Herr Emil Guttmanu) und von einem Tyrann im
1861 2237 2996 2292 purpurenen Königsmantel (Herr Robert Valberg) dar¬
1861 2265 2995 2341 gestellt. Die Szeue endet mit einer groben Zote, gegen###
1875 2314 2992 2376 welche am Schlusse in dem Applausrummel auch die Zischer
1875 2352 2985 2412 laut wurden. — Das zweite Stückchen führt uns eine sehr
1875 2391 2989 2457 derbe Landsknechtsszeue aus dem Dreißigjährigen Krieges
1870 2454 2982 2516 vor. Ein italienischer Fechtmeister (Herr Bulß) heiratet
1876 2477 2995 2543 eine Soldatendirne, =Mamzell Courasche= ge¬
1863 2528 2992 2587 nannt (Fräulein Angela Helm), die tapfer alle Kriegs¬
1870 2573 2992 2642 fahrten des Regimentes mitgemacht, aber auch mit allen
1863 2620 2993 2692 Offizieren des Regimentes geliebelt hat. Am Hochzeitsabend
1862 2662 3020 2742 wird der junge Ehemann von den betrunkenen Offizieren
1869 2705 2995 2763 verspottet; er gerät deswegen in Streit mit seiner
1879 2744 2993 2820 Frau, will sie, um seinen Mut als Ehemann zu zeigen, vor
1867 2794 3004 2852 den versammelten Offizieren schlagen, wird aber von
1877 2836 3005 2905 =Mamzell Courasche= mit seinem eigenen Säbel nieder¬
1865 2901 2981 2955 gestochen. Auch dieses ziemlich roh gearbeitete Stückchen —
2616 2923 2998 2989 wurde nicht ohne
1870 2930 2615 2994 der Verfasser heißt Erich Korn —
2467 2970 2994 3032 Den Schluß des Abends
1878 2985 2383 3041 Widerspruch hingenommen.
1877 3019 3014 3077 bildete eine Burleske von dem bekannten übergeistreichen
1878 3061 2997 3124 jüdischen Literaten Arthur Schuitler: Zum großen
1881 3108 3002 3161 Wurstle. In einen Märionettentheaker im Wurstelprater
1883 3149 3001 3204 persifliert der Verfasser in der bekannten Weise Theater¬
1885 3192 2999 3247 direktoren, Theaterdichter, Schauspieler und Publikum. Wer
1878 3236 3003 3293 einzelne Masken gekannt und gewisse Anspielungen ver¬
1875 3277 3009 3337 standen, hat sich bei dieser Persiflage vielleicht recht gut
1882 3323 3010 3381 unterhalten: für das große Publikum bleiben aber derlei
1886 3368 3015 3423 bissige Gelegenheitsscherze, wenn sie noch so gut gemacht
1889 3415 3004 3472 sind, immer unverständlich. Gespielt wurde in allen drei
1885 3451 3009 3515 Stücken sehr flott. Das elegante Publikum, welches heute
1880 3500 3024 3573 das Theater füllte, hätte aber doch bessere Stücke verdient!
