3436 4320
230 272 506 358 17.3
1154 274 1268 336 Wu
1707 264 2143 349 box 22/9
515 285 1534 355 ZIIn Progsel S
1320 937 2148 1123 S
1721 1154 2376 1243 Umgebung des Theaters erweckte.
1036 1181 1693 1260 Man darf nicht unbescheiden sein.
1717 1218 2379 1284 Auch die lange Verwandlung bei
1043 1234 1711 1306 Der Gesamterfolg war ein überaus
1723 1256 2391 1324 offener Szene trug keinesfalls zur
1474 1279 1699 1350 Otto Born.
1054 1289 1271 1348 erfreulicher.
1724 1298 2376 1360 Sammlung und Erhöhung der
1722 1336 2387 1400 Wirkung bei. — Aus der Reihe der
1101 1334 1576 1413 Lustspiel=Theater.
1724 1370 2383 1436 Mitwirkenden, von denen Emil
1098 1387 1700 1456 „Die Fahrt über den Styx“
1730 1412 2388 1469 Guttmann (Mycillus), Eugen
1049 1415 1695 1490 Satire des Lucian, für die deut¬
1736 1458 2393 1510 Dumoul (Kyniskus) und Robert
1048 1464 1703 1535 sche Bühne bearbeitet von Paul
1731 1500 2381 1559 Valberg (Megapenthes) sich mit
1321 1513 1708 1574 „Mamzell Cou¬
1040 1520 1256 1578 Lindau.
1732 1544 2302 1601 Erfolg um die Aufführung
1047 1550 1709 1612 rasche“. Ein Bild aus dem dreißig¬
1721 1567 2390 1641 mühten, ragte Josefine Joseffy
1047 1591 1702 1653 jährigen Krieg von Erich, Korn.
1738 1613 2393 1664 in Sprache, Ton und Geste, be¬
1052 1629 1707 1687 Musik von Oskar Straußt= „Zum
1724 1644 2399 1714 sonders neben Gustav Tellheim
1043 1674 1710 1729 großen Wurstel“, Burleské von Ar¬
1734 1690 2392 1746 (Charon), dem zum Charakterspieler
1044 1712 1707 1774 thur Schnitzler. Lucian, der
1729 1731 2392 1808 noch viel zu lernen bleibt, hoch her¬
1058 1743 1706 1816 geistreichste der späteren griechischen
1723 1767 2396 1833 vor. — Wirkte „Die Fahrt über
1052 1784 1714 1849 Schriftsteller voll unerschöpflicher
1736 1809 2384 1862 den Styx“ sehr wenig erfreulich, so
1059 1824 1705 1891 Laune und feinem Witz im Lustspiel¬
1730 1844 2375 1900 bedeutete „Mamzell Courasche“
1062 1863 1716 1923 Theater! Es war gewiß ein ver¬
1736 1892 2403 1958 neben einem literarischen Gewinn
1059 1910 1715 1970 dienstliches Unternehmen, das einen
1741 1926 2392 1983 einen wahren Bühnentriumph und
1053 1941 1721 2012 sicheren literarischen Genuß ver¬
1734 1954 2401 2026 bot durch das meisterlich abgerundete
1053 1984 1710 2039 sprach, diesen hervorragenden Sa¬
1742 2002 2405 2068 Zusammenspiel einen vollen künst¬
1056 2022 1718 2088 tyriker auf die moderne Bühne zu
1744 2045 2405 2100 lerischen Genuß. Erich Korn, der
1052 2062 1719 2131 bringen. „Statt dessen gab es eine
1741 2088 2402 2133 Autor des Einakters, der sich bereits
1061 2100 1724 2169 vollkommine Enttäuschung. Die
1742 2122 2386 2185 mit seinen Stücken „Colombine“
1065 2140 1728 2208 Schuld an dem Mißlingen liegt
1737 2162 2400 2228 und „Nachtmar“ nicht unangenehm
1064 2186 1712 2244 aber gewiß nicht im Thema, denn
1805 2194 2406 2254 Wien einführte, besitzt ent¬
1744 2218 1801 2259 in
1057 2225 1718 2285 „Die Fahrt über den Styx“ be¬
1744 2238 2396 2301 schiedenes Talent und läßt die Er¬
1065 2257 1731 2312 handelt die ewige Wahrheit, daß
1756 2277 2405 2340 füllung berechtigter Hoffnung für
1063 2298 1722 2352 der Tod alle Unterschiede ausgleicht,
1748 2316 2413 2376 die Zukunft erwarten. „Mamzell
1069 2335 1727 2393 in einer Weise, die heute noch ge¬
1751 2355 2403 2411 Courasche“ bringt in einer Lager¬
1069 2375 1732 2436 radeso wie damals den Mächtigen
1750 2395 2416 2464 szene aus dem dreißigjährigen Krieg
1064 2426 1727 2489 und Uebermütigen als Warnungs¬
1786 2437 2412 2494 in interessantes psychologisches
1073 2453 1728 2519 ruf ertönt und den Bedrückten wie
1753 2476 2421 2530 Moment. Ein am Soldatenleben
1074 2493 1736 2553 ein versöhnendes Trostwort klingt.
1748 2508 2402 2571 Gefallen findendes Dirnlein, das
1066 2531 1740 2593 Für die Bearbeitung des Lucian'schen
1759 2550 2414 2612 ein mannhaftes Herz im Busen
1069 2570 1735 2627 Dialoges aber, die mir nicht bekannt
1762 2589 2420 2657 trägt, läuft als Troßmädel mit einem
1077 2611 1738 2668 ist, bürgt wohl die anerkannte Tüch¬
1758 2636 2422 2691 Fähnlein. Infolge seiner anläßlich
1071 2653 1739 2707 #tigkeit des langjährigen Intendanten
1759 2670 2416 2724 eines Gefechtes bewährten Tapfer¬
1073 2691 1744 2745 am Meininger Hoftheater. So trägt
1759 2712 2413 2777 keit geben die Soldaten dem Mäd¬
1070 2726 1740 2793 denn die Regie die alleinige Ver¬
1759 2751 2415 2808 chen zum Zeichen der Anerkennung
1084 2767 1739 2832 antwortung fur das Mißlingen eines
1754 2791 2424 2853 für seinen Heldenmut den Namen
1073 2808 1736 2873 Stückes, das sich in Berlin eines
1768 2827 2422 2898 „Courasche“. Durch ihre kühne Tat
1085 2844 1744 2905 entschiedenen Erfolges erfreute; sie
1764 2858 2424 2925 hat sich „Courasche“ die Bewun¬
1079 2880 1743 2947 hat sich durch eine mangelhafte In¬
1770 2900 2421 2965 derung der Soldaten, durch ihr
1080 2922 1738 2992 szenierung und eine billige, selbst
1756 2948 2424 3007 hübsches Gesicht die Gunst der Of¬
1079 2960 1754 3021 bescheidene Ansprüche unterbietende
1766 2979 2434 3050 fiziere im Sturm erobert. Vom
1089 3003 1751 3064 Ausstattung selbst ein Zeugnis der
1773 3023 2431 3080 alten General abwärts, bis zum
1092 3038 1747 3104 Unfähigkeit ausgestellt. Wirkte doch,
1762 3059 2427 3136 Feldwaibel, sind alle in sie verliebt,
1084 3081 1751 3147 abgesehen von anderen Einzelheiten
1766 3101 2432 3155 aber geliebt wird sie von keinem.
1093 3129 1745 3188 (wie die kostümliche Darstellung der
1769 3139 2440 3207 So wurde aus dem, allen Soldaten
1087 3159 1744 3220 Verstorbenen) das Verschwinden der
1764 3180 2439 3240 gefallenden Dirnlein eine allen ge¬
1086 3199 1747 3262 in fast unglaublicher Menge das
1768 3213 2436 3283 fällige Soldatendirne, die von einer
1089 3238 1753 3294 kleine, noch dazu halbe Segelbot
1772 3255 2439 3325 Hand zur andern ging. Trotz dieses
1083 3277 1755 3339 Charons (dieser führte doch laut
1778 3300 2435 3354 an ihr haftenden Makels entschließt
1091 3318 1748 3377 Ueberlieferung einen Nachen!) be¬
1770 3334 2428 3390 sich der Fechtmeister Spertini, viel¬
1082 3355 1753 3426 lastenden Abgeschiedenen, die man
1777 3372 2437 3446 leicht der einzige, der sie noch nicht
1090 3395 1756 3447 alle den Styx durchwaten sah,
1770 3415 2433 3481 besaß, Courasche zu ehelichen, da
1085 3435 1757 3498 lächerlich, während das zweite Bild
1779 3452 2430 3515 er zugleich der einzige ist, der sie
1091 3475 1758 3528 in seiner dürftigen Naivität unwill¬
1086 3492 2448 3560 kürlich Reminiszenzen an die engere wirklich liebt. Darum hängt auch
