3436 4320
1702 226 2138 309 box 22/9
228 259 1544 347 17.3. Zum Krossen Würstel
953 578 2131 687 Courasche, obwohl sie der heiligen Jungfrau gelobt hat,
946 656 2143 728 von nun an eine brave, ehr- und gehorsame Ehefrau zu
953 702 2142 785 sein, nicht dulden. Sie sticht ihren Gatten, der ihr die Wette
942 755 2146 848 selbst anvertraut und auf deren Austragung besteht, nieder.
1033 796 2144 866 Mit dem letzten der drei Schnitzlerschen Marionetten¬
944 856 2148 929 spiele — sie sind vor einigen Tagen bei S. Fischer in
957 900 2142 986 Berlin erschienen; „Der Puppenspieler“ ist schon voriges
956 949 2143 1029 Jahr hier von Jarno, der „Tapfere Cassian“ in Berlin ge¬
954 1004 2139 1069 spielt worden — der Burleske „Zum großen Wurstel“
960 1050 2147 1136 schloß der Einakterabend. Dieses in dämmeriges Zwielicht
964 1100 2145 1181 getauchte Stücklein ist ein Niederschlag aus vielen litera¬
960 1143 2142 1213 rischen Ereignissen und Stimmungen der letzten Jahre. Es
953 1188 2150 1266 spielt am Abend im Wurstelprater, in dem sich gerade eine
963 1239 2153 1324 neue Bude aufgetan hat: „Zum großen Wurstel“. In dieser
955 1302 2141 1369 Bude wird ein seltsames Marionettenspiel gespielt. Unten
967 1341 2141 1419 vor dem Wursteltheater schalten der Wohlwollende, der Bis¬
973 1416 2152 1477 sige, der Naive, der erste Skandalmacher, der zweite Skan¬
961 1441 2148 1514 dalmacher, ein Bürgersmann mit seinen Töchtern, der Di¬
960 1499 2140 1567 rektor des Theaters und der Dichter des aufgeführten Stückes
969 1543 2146 1622 mit ihren Zwischenrufen. Zuletzt entsteht ein regelrechter
959 1592 2145 1675 Theaterikandal bei dem Publikum auf der Bühne. In diesen
963 1640 2160 1714 Skandat hat sich nun ein Herr aus dem wirklichen Parkett
959 1705 2146 1786 zu mischen, so daß die Verwirrung noch größer wird. Dann
966 1734 2155 1820 erscheint der Unbekannte. Mit dem langen, bloßen Schwert
978 1780 2168 1871 in der Hand. Er trennt mit einem Hieb alle Drähte der
976 1839 1708 1944 Marionetten, die zusammenstürzen.
1116 1898 1889 1985 „Dies Schwert aber macht es offenbar,
1107 1963 2000 2041 Wer eine Puppe, wer ein Mensch nur war,
1108 1985 2023 2083 Auch unsichtbaren Draht trennt diese Schneide
1105 2053 1972 2145 Zu manchen stolzen Puppenspielers Leide!“
1069 2129 2160 2204 Der Unbekannte fährt mit dim Schwert über die Bühne,
989 2163 2165 2246 und alle Menschen außer ihm selbst, sogar Direktor und
977 2220 2156 2311 Dichter, sinken zusammen. Hierauf wendet er sich an uns,
994 2277 1666 2366 ans Parkett, und ruft hinunter:
1059 2338 1747 2429 „Mir graut vor meiner Macht!
1070 2372 2003 2475 Ist's Wahrheit, die ich bringe, oder Nacht?
1063 2420 2033 2529 Folg' ich der Himmlischen ... der Hölle Ruf?
1074 2484 1999 2568 Ist es Gesetz — ist's Willkür, die mich schuf?
1067 2528 2132 2612 Bin ich ein Gott? ... ein Narr?.. Vin euresgleichen?
1066 2596 1955 2661 Vin ich ich selber — oder nur ein Zeichen?
1078 2633 2086 2724 Ja, wenn mein Schwert in loserm Arme hinge,
1075 2683 2054 2755 Weiß ich, wie's manchen, die in Leid und Lüsten
1077 2746 1954 2822 Höchst fragevoller Wirklichkeit sich brüsten,
1073 2779 1997 2886 Wie's zum Exempel euch da unten ginge?“
1070 2831 2175 2934 Mit einem stolzen Blick geht er ab. Er ist wohl Schnitz¬
995 2903 2174 2979 ker, ist wohl der nachdenkliche Dichter selber. Der Dichter,
995 2950 2166 3025 der verdammt und beseligt ist, alle die Drähte zu sehen,
995 2992 2172 3072 an denen die viel zu vielen Menschen hängen; der Dichter,
1005 3044 2173 3142 der sehen muß, daß zahllose Menschen immer nur Rollen
994 3082 2183 3182 spilen, die sie sich entweder antosugg-rieren oder von andern
1001 3139 2178 3230 aufdisputieren lassen; der Dichter, der weiß, wie wenige
998 3197 2050 3280 ein eigenes Leben leben, der Dichter: poeta vates
1081 3217 2182 3326 Die Darstellung der Burleske mit ihren 30 Personen
998 3280 2191 3374 im Lustspieltheater (ganz besonders des begabten Episoden¬
1000 3315 2192 3423 spielers Straßni als „düsterer Kanzlist“) war einfach glän¬
1006 3371 2190 3493 zend. Aber der leise Humor Schnitzlers, der hier zug eich
1012 3442 2188 3519 feiner und vornehmer anstritt als in der „Literatur“ war
999 3468 2185 3574 zu verborgen und sinnvoll, als daß er das große Publikum
1007 3539 1887 3638 ganz gepackt hätte. Kurz, ein Pyrrhussieg.
1090 3581 2188 3672 Im Raimundtheater hat Mademoiselle Margnerite
1010 3643 2190 3738 Moreno von der Comédie Française an zwei Abenden
1010 3675 2197 3791 gastiert. Ihr Name hat in Paris einen guten Klang; zu
1015 3741 2189 3828 uns wird sie wohl kein zweites Mal kommen. Sie ist ein
1011 3773 2200 3882 schwacher Abklatsch des Typus Sarah Bernhardt: eine
1007 3836 2200 3942 ältere Dame, sehr schlank, fast mager, mit spitzer, großer
1012 3880 2196 3975 Naie und tadelloser, einem spröden Organ abgerungener
1012 3946 2189 4026 Sprache. Ihr Percinet (Hosenrolle) in Rostands „Les Ro¬
1010 3981 2199 4096 manesques“ — der Theaterzettel behauptete, sie hätte die
1018 4037 2198 4110 Rolle in der Comédie Française kreiert, mein Vuch dagegen
1015 4072 2209 4166 nennt den auch in Wien bestens bekannten und beliebten
1576 4129 2138 4204 15 Schönfer des Preinet
