<?xml version="1.0" encoding="UTF-8" standalone="yes"?>
<PcGts xmlns="http://schema.primaresearch.org/PAGE/gts/pagecontent/2013-07-15" xmlns:xsi="http://www.w3.org/2001/XMLSchema-instance" xsi:schemaLocation="http://schema.primaresearch.org/PAGE/gts/pagecontent/2013-07-15 http://schema.primaresearch.org/PAGE/gts/pagecontent/2013-07-15/pagecontent.xsd">
    <Metadata>
        <Creator>prov=University of Rostock/Institute of Mathematics/CITlab/Gundram Leifert/gundram.leifert@uni-rostock.de:name=ONB_Newseye_GT_M1+(htr_id=10810)::::v=2.4.2
prov=University of Rostock/Institute of Mathematics/CITlab/Tobias Gruening/tobias.gruening@uni-rostock.de:name=de.uros.citlab.module.baseline2polygon.B2PSeamMultiOriented:v=2.4.2
prov=University of Rostock/Institute of Mathematics/CITlab/Tobias Gruening/tobias.gruening@uni-rostock.de:name=/mnt/transkribus/LA/DEA/URO/LA_news_onb_att.pb:de.uros.citlab.segmentation.CITlab_LA_ML:v=2.4.2
Transkribus</Creator>
        <Created>2019-10-07T11:31:48.291+02:00</Created>
        <LastChange>2019-10-08T10:58:47.438+02:00</LastChange>
        <TranskribusMetadata docId="223972" pageId="9499111" pageNr="25" tsid="16533721" status="IN_PROGRESS" userId="40391" imgUrl="https://files.transkribus.eu/Get?id=PCIYUBLSXHHBVEXVPTFQKOUL&amp;fileType=view" xmlUrl="https://files.transkribus.eu/Get?id=HSDDHUZZAUBOHDRHTCFSLVAM" imageId="6189333"/>
    </Metadata>
    <Page imageFilename="223972_0025.jpeg" imageWidth="3436" imageHeight="4320">
        <ReadingOrder>
            <OrderedGroup id="ro_1711450317900" caption="Regions reading order">
                <RegionRefIndexed index="0" regionRef="r1"/>
            </OrderedGroup>
        </ReadingOrder>
        <TextRegion orientation="0.0" id="r1" custom="readingOrder {index:0;}">
            <Coords points="561,136 561,4044 2647,4044 2647,136"/>
            <TextLine id="r1l1" custom="readingOrder {index:0;}">
                <Coords points="1644,167 2612,170 2611,93 1644,146"/>
                <Baseline points="1657,163 1704,164 1751,165 1798,165 1845,165 1892,166 1939,165 1986,165 2033,165 2080,164 2127,164 2174,163 2221,162 2268,161 2315,161 2362,159 2409,159 2456,158 2503,157 2550,156 2598,156"/>
                <TextEquiv>
                    <Unicode>Sehmieler Jhat in dr enn  n e eengen</Unicode>
                </TextEquiv>
            </TextLine>
            <TextLine id="r1l2" custom="readingOrder {index:1;}">
                <Coords points="556,179 1480,186 1608,180 1608,131 556,148"/>
                <Baseline points="568,169 619,169 670,169 722,169 773,169 824,169 876,168 927,168 978,167 1030,167 1081,166 1132,166 1184,165 1235,165 1286,164 1338,164 1389,163 1440,162 1492,162 1543,161 1595,161"/>
                <TextEquiv>
                    <Unicode>Praterbuhne, die bis vor kunzent noch hanffächlict;</Unicode>
                </TextEquiv>
            </TextLine>
            <TextLine id="r1l3" custom="readingOrder {index:2;}">
                <Coords points="558,214 2624,202 558,173"/>
                <Baseline points="570,212 672,211 774,210 876,209 978,208 1080,208 1182,207 1284,207 1386,207 1488,207 1591,206 1693,206 1795,206 1897,206 1999,205 2101,204 2203,203 2305,202 2407,200 2509,198 2612,196"/>
                <TextEquiv>
                    <Unicode>auf die rohen Instinkte der Massen spekulierte, wird packenden Einfall ausdrücken wollen, wie das ganze</Unicode>
                </TextEquiv>
            </TextLine>
            <TextLine id="r1l4" custom="readingOrder {index:3;}">
                <Coords points="561,247 2463,260 2621,205 560,211"/>
                <Baseline points="573,255 674,253 776,250 878,249 980,248 1082,247 1183,246 1285,246 1387,246 1489,246 1591,246 1692,246 1794,246 1896,246 1998,245 2100,245 2201,244 2303,243 2405,241 2507,239 2609,237"/>
                <TextEquiv>
                    <Unicode>ietzt gar oft wirklich dichterischen Gebilden Leben und Leben nur ein Komödienspiel ist, wie wir alle, Große</Unicode>
                </TextEquiv>
            </TextLine>
            <TextLine id="r1l5" custom="readingOrder {index:4;}">
                <Coords points="1587,304 2616,292 2615,244 2493,237 1586,248"/>
                <Baseline points="1600,290 1650,289 1700,289 1750,288 1800,287 1851,287 1901,287 1951,286 2001,286 2051,285 2102,285 2152,284 2202,284 2252,283 2302,282 2353,282 2403,281 2453,280 2503,279 2553,279 2604,278"/>
                <TextEquiv>
                    <Unicode>und Kleine, Dichter, Zuschauer, Darsteller, Erfolg¬</Unicode>
                </TextEquiv>
            </TextLine>
            <TextLine id="r1l6" custom="readingOrder {index:5;}">
                <Coords points="549,303 758,286 814,308 934,277 960,300 1448,299 1447,250 548,267"/>
                <Baseline points="561,290 604,290 648,291 691,291 735,291 779,291 822,291 866,291 910,290 953,290 997,290 1041,290 1084,289 1128,289 1172,288 1215,288 1259,287 1303,286 1346,286 1390,285 1434,284"/>
                <TextEquiv>
                    <Unicode>Ausdruck gegeben. Und welche Vielseitigkeit!</Unicode>
                </TextEquiv>
            </TextLine>
            <TextLine id="r1l7" custom="readingOrder {index:6;}">
                <Coords points="1595,339 2412,317 2632,345 2631,291 2562,282 1595,298"/>
                <Baseline points="1609,331 1659,330 1710,329 1760,328 1811,327 1861,326 1912,325 1962,325 2013,324 2063,323 2114,323 2164,323 2215,322 2265,322 2316,321 2366,321 2417,320 2467,320 2518,319 2568,319 2619,318"/>
                <TextEquiv>
                    <Unicode>gekrönte und Unglückliche, nur Marionetten sind in der</Unicode>
                </TextEquiv>
            </TextLine>
            <TextLine id="r1l8" custom="readingOrder {index:7;}">
                <Coords points="617,337 1593,340 1569,271 1490,305 1434,279 617,301"/>
                <Baseline points="629,329 676,329 724,330 771,330 819,330 866,331 914,331 961,330 1009,330 1056,330 1104,330 1152,329 1199,329 1247,328 1294,328 1342,328 1389,327 1437,327 1484,326 1532,326 1580,326"/>
                <TextEquiv>
                    <Unicode>Alt=Rom und Jung =Wien, dazwischen auch</Unicode>
                </TextEquiv>
            </TextLine>
            <TextLine id="r1l9" custom="readingOrder {index:8;}">
                <Coords points="1595,370 2514,384 2621,368 2621,327 1594,337"/>
                <Baseline points="1607,369 1657,369 1707,369 1757,368 1807,368 1857,368 1907,368 1957,367 2007,367 2057,366 2108,366 2158,365 2208,365 2258,364 2308,363 2358,363 2408,362 2458,362 2508,361 2558,360 2609,360"/>
                <TextEquiv>
                    <Unicode>Hand des Zufalls... Freilich kommt die Absicht trotz</Unicode>
                </TextEquiv>
            </TextLine>
            <TextLine id="r1l10" custom="readingOrder {index:9;}">
                <Coords points="558,374 1595,378 1595,334 1482,324 680,348 558,315"/>
                <Baseline points="571,370 621,371 672,371 722,371 773,371 823,371 874,371 924,371 975,371 1025,371 1076,371 1127,371 1177,371 1228,370 1278,370 1329,370 1379,369 1430,369 1480,368 1531,367 1582,367"/>
                <TextEquiv>
                    <Unicode>Jung =Berlin, ein merkwürdiges Dreigespann,</Unicode>
                </TextEquiv>
            </TextLine>
            <TextLine id="r1l11" custom="readingOrder {index:10;}">
                <Coords points="1598,422 2588,415 2619,369 1597,373"/>
                <Baseline points="1611,409 1660,409 1710,408 1760,408 1810,408 1859,407 1909,407 1959,407 2009,406 2058,406 2108,406 2158,405 2208,405 2257,404 2307,404 2357,403 2407,402 2456,402 2506,401 2556,400 2606,399"/>
                <TextEquiv>
                    <Unicode>der ausgezeichneten, farbenreichen Darstellung nicht</Unicode>
                </TextEquiv>
            </TextLine>
            <TextLine id="r1l12" custom="readingOrder {index:11;}">
                <Coords points="555,429 808,402 1592,415 1592,377 1553,372 555,373"/>
                <Baseline points="567,416 617,416 668,416 718,416 769,415 820,415 870,414 921,414 971,413 1022,413 1073,412 1123,412 1174,411 1224,411 1275,410 1326,410 1376,409 1427,409 1477,409 1528,409 1579,409"/>
                <TextEquiv>
                    <Unicode>werden an dem morgigen „literarischen Abend“ vor</Unicode>
                </TextEquiv>
            </TextLine>
            <TextLine id="r1l13" custom="readingOrder {index:12;}">
                <Coords points="1598,470 2627,450 2626,407 1597,417"/>
                <Baseline points="1611,455 1661,454 1711,453 1761,451 1811,451 1861,450 1911,449 1961,448 2011,448 2061,447 2112,447 2162,446 2212,446 2262,445 2312,445 2362,444 2412,443 2462,442 2512,441 2562,440 2613,438"/>
                <TextEquiv>
                    <Unicode>ganz zum Ausdruck, so pointiert auch die Worte des</Unicode>
                </TextEquiv>
            </TextLine>
            <TextLine id="r1l14" custom="readingOrder {index:13;}">
                <Coords points="557,461 1596,451 1595,415 1519,405 556,428"/>
                <Baseline points="569,457 619,456 670,456 721,455 771,455 822,454 873,454 923,453 974,453 1025,452 1076,452 1126,451 1177,451 1228,450 1278,449 1329,449 1380,448 1430,448 1481,447 1532,447 1583,446"/>
                <TextEquiv>
                    <Unicode>dem Thespiskarren des Lustspieltheaters erscheinen.</Unicode>
                </TextEquiv>
            </TextLine>
            <TextLine id="r1l15" custom="readingOrder {index:14;}">
                <Coords points="1606,505 2628,497 2627,451 2533,442 1606,461"/>
                <Baseline points="1619,495 1668,493 1718,492 1768,491 1818,490 1868,490 1917,489 1967,488 2017,487 2067,487 2117,486 2166,485 2216,485 2266,484 2316,483 2366,483 2415,482 2465,481 2515,480 2565,479 2615,478"/>
                <TextEquiv>
                    <Unicode>„Unbekannten“, welchen Direktor Jarno darstellt,</Unicode>
                </TextEquiv>
            </TextLine>
            <TextLine id="r1l16" custom="readingOrder {index:15;}">
                <Coords points="560,499 1595,499 1594,450 560,461"/>
                <Baseline points="573,497 623,497 673,496 724,496 774,495 825,495 875,494 925,494 976,494 1026,494 1077,493 1127,493 1177,493 1228,493 1278,492 1329,492 1379,491 1429,491 1480,490 1530,489 1581,488"/>
                <TextEquiv>
                    <Unicode>Die von Paul Lindau so glücklich, mit so viel</Unicode>
                </TextEquiv>
            </TextLine>
            <TextLine id="r1l17" custom="readingOrder {index:16;}">
                <Coords points="1597,539 2629,520 2503,485 1597,501"/>
                <Baseline points="1611,536 1661,535 1711,533 1761,532 1811,531 1862,530 1912,530 1962,529 2012,529 2062,529 2113,528 2163,528 2213,528 2263,528 2313,527 2364,527 2414,526 2464,525 2514,524 2564,522 2615,521"/>
                <TextEquiv>
                    <Unicode>gebracht werden. Den Direktor und den Dichter!</Unicode>
                </TextEquiv>
            </TextLine>
            <TextLine id="r1l18" custom="readingOrder {index:17;}">
                <Coords points="560,543 1592,539 1591,493 1517,486 560,497"/>
                <Baseline points="574,538 624,537 674,536 724,535 775,535 825,534 875,534 925,534 976,534 1026,534 1076,534 1126,534 1177,534 1227,533 1277,533 1327,533 1378,532 1428,532 1478,531 1528,530 1579,528"/>
                <TextEquiv>
                    <Unicode>feinem Verständnis und Geschmack dramatisierte</Unicode>
                </TextEquiv>
            </TextLine>
            <TextLine id="r1l19" custom="readingOrder {index:18;}">
                <Coords points="1602,587 1755,559 1893,590 2629,564 2628,529 2454,521 1602,536"/>
                <Baseline points="1615,575 1665,575 1715,575 1765,575 1815,575 1865,575 1915,574 1965,574 2015,573 2065,572 2116,571 2166,570 2216,569 2266,568 2316,567 2366,567 2416,566 2466,565 2516,563 2566,563 2617,562"/>
                <TextEquiv>
                    <Unicode>spielen die Herren Hofer und Sekler sehr</Unicode>
                </TextEquiv>
            </TextLine>
            <TextLine id="r1l20" custom="readingOrder {index:19;}">
                <Coords points="563,576 1459,584 1597,578 1597,534 563,543"/>
                <Baseline points="576,574 626,575 676,576 727,576 777,576 828,576 878,576 929,576 979,576 1030,576 1080,575 1130,575 1181,574 1231,574 1282,573 1332,573 1383,572 1433,571 1484,571 1534,570 1585,569"/>
                <TextEquiv>
                    <Unicode>Satire des Lucian „Die Fahrt über den</Unicode>
                </TextEquiv>
            </TextLine>
            <TextLine id="r1l21" custom="readingOrder {index:20;}">
                <Coords points="1604,620 2631,604 2630,568 2536,559 1604,582"/>
                <Baseline points="1617,614 1667,614 1717,615 1767,615 1817,615 1867,615 1917,615 1967,614 2017,614 2067,613 2118,612 2168,611 2218,610 2268,609 2318,608 2368,607 2418,606 2468,605 2518,605 2568,604 2619,603"/>
                <TextEquiv>
                    <Unicode>charakteristisch, und von den Mitwirkenden auf dem</Unicode>
                </TextEquiv>
            </TextLine>
            <TextLine id="r1l22" custom="readingOrder {index:21;}">
                <Coords points="1136,612 1182,630 1238,616 1397,628 1516,609 1601,619 1600,581 1514,579 1491,563 1463,582 1174,573 1136,584"/>
                <Baseline points="1149,614 1174,614 1200,615 1226,615 1252,614 1277,614 1303,614 1329,614 1355,613 1380,613 1406,612 1432,612 1458,612 1483,612 1509,612 1535,612 1561,612 1587,613"/>
                <TextEquiv>
                    <Unicode>Sie wissen ja aus der</Unicode>
                </TextEquiv>
            </TextLine>
            <TextLine id="r1l23" custom="readingOrder {index:22;}">
                <Coords points="550,614 1076,633 1122,623 1122,585 984,574 938,594 824,570 550,596"/>
                <Baseline points="564,613 591,614 618,615 645,616 673,616 700,617 727,617 755,617 782,618 809,618 837,618 864,618 891,618 918,618 946,618 973,618 1000,618 1028,618 1055,618 1082,618 1110,618"/>
                <TextEquiv>
                    <Unicode>Styx“ macht den Anfang.</Unicode>
                </TextEquiv>
            </TextLine>
            <TextLine id="r1l24" custom="readingOrder {index:23;}">
                <Coords points="1597,659 2629,647 2600,606 1597,616"/>
                <Baseline points="1609,654 1659,653 1709,653 1759,653 1810,653 1860,652 1910,652 1961,652 2011,652 2061,652 2112,651 2162,651 2212,651 2262,650 2313,649 2363,648 2413,648 2464,647 2514,645 2564,644 2615,642"/>
                <TextEquiv>
                    <Unicode>Marionettentheater sind die Damen Henrici und</Unicode>
                </TextEquiv>
            </TextLine>
            <TextLine id="r1l25" custom="readingOrder {index:24;}">
                <Coords points="550,654 1597,660 1597,617 1517,610 550,621"/>
                <Baseline points="563,660 614,660 665,659 716,659 767,659 818,659 869,658 920,658 971,658 1022,657 1074,657 1125,657 1176,656 1227,656 1278,655 1329,654 1380,654 1431,653 1482,652 1533,651 1585,650"/>
                <TextEquiv>
                    <Unicode>trefflichen Darbietung, welche das Werk unter Lindaus</Unicode>
                </TextEquiv>
            </TextLine>
            <TextLine id="r1l26" custom="readingOrder {index:25;}">
                <Coords points="1606,706 2436,687 2566,714 2630,693 2630,647 1606,660"/>
                <Baseline points="1618,694 1670,694 1723,693 1775,693 1828,693 1880,693 1933,693 1986,693 2038,692 2091,692 2143,692 2196,691 2248,691 2301,690 2354,689 2406,688 2459,686 2511,685 2564,684 2617,681"/>
                <TextEquiv>
                    <Unicode>Rona sowie die Herren Guttmann, Skoda</Unicode>
                </TextEquiv>
            </TextLine>
            <TextLine id="r1l27" custom="readingOrder {index:26;}">
                <Coords points="547,709 1449,716 1599,701 1599,658 547,670"/>
                <Baseline points="561,703 612,702 663,702 714,701 766,701 817,701 868,700 920,700 971,699 1022,699 1074,699 1125,698 1176,697 1227,697 1279,696 1330,695 1381,694 1433,693 1484,692 1535,691 1587,689"/>
                <TextEquiv>
                    <Unicode>Direktion und Regie im „Berliner Theater“ gefunden</Unicode>
                </TextEquiv>
            </TextLine>
            <TextLine id="r1l28" custom="readingOrder {index:27;}">
                <Coords points="1605,745 2338,759 2491,742 2527,701 1605,706"/>
                <Baseline points="1618,735 1662,734 1707,734 1752,734 1797,734 1841,734 1886,734 1931,733 1976,733 2020,733 2065,733 2110,733 2155,733 2199,732 2244,732 2289,731 2334,730 2378,729 2423,728 2468,726 2513,724"/>
                <TextEquiv>
                    <Unicode>und Straßni mit Anerkennung zu erwähnen.</Unicode>
                </TextEquiv>
            </TextLine>
            <TextLine id="r1l29" custom="readingOrder {index:28;}">
                <Coords points="558,757 1593,744 1592,706 1551,696 558,721"/>
                <Baseline points="571,742 621,742 671,743 722,743 772,743 823,743 873,743 923,742 974,742 1024,741 1075,740 1125,739 1175,739 1226,738 1276,737 1327,736 1377,735 1427,734 1478,733 1528,732 1579,731"/>
                <TextEquiv>
                    <Unicode>hat, welch' düstere Stimmung, welch' heilige Schauer</Unicode>
                </TextEquiv>
            </TextLine>
            <TextLine id="r1l30" custom="readingOrder {index:29;}">
                <Coords points="2419,766 2437,766 2462,779 2511,770 2544,776 2565,763 2583,764 2584,710 2561,710 2545,720 2514,724 2483,744 2471,731 2445,730 2435,740 2420,737"/>
                <Baseline points="2432,763 2459,764 2487,765 2514,766 2542,766 2570,765"/>
                <TextEquiv>
                    <Unicode>S. L.</Unicode>
                </TextEquiv>
            </TextLine>
            <TextLine id="r1l31" custom="readingOrder {index:30;}">
                <Coords points="563,783 1603,783 1602,737 563,760"/>
                <Baseline points="576,784 626,784 677,784 728,783 779,783 829,782 880,782 931,782 982,781 1032,780 1083,780 1134,779 1185,779 1235,778 1286,777 1337,777 1388,776 1438,775 1489,774 1540,773 1591,772"/>
                <TextEquiv>
                    <Unicode>und daneben wieder welch' wirksame parodistische</Unicode>
                </TextEquiv>
            </TextLine>
            <TextLine id="r1l32" custom="readingOrder {index:31;}">
                <Coords points="1641,814 2374,800 2640,833 2640,785 2591,757 2453,781 2302,744 2078,782 1993,752 1886,778 1843,748 1787,787 1641,775"/>
                <Baseline points="1655,810 1703,812 1752,814 1800,816 1849,816 1898,817 1946,817 1995,817 2043,816 2092,816 2141,815 2189,814 2238,813 2286,812 2335,811 2384,810 2432,809 2481,808 2529,808 2578,808 2627,808"/>
                <TextEquiv>
                    <Unicode>Ueber die Aufnahme welche die besprochenen</Unicode>
                </TextEquiv>
            </TextLine>
            <TextLine id="r1l33" custom="readingOrder {index:32;}">
                <Coords points="1168,842 1193,847 1239,823 1333,830 1349,814 1369,832 1466,812 1535,829 1607,825 1606,790 1580,777 1435,792 1368,775 1167,794"/>
                <Baseline points="1179,825 1204,823 1230,821 1256,819 1282,818 1308,818 1334,817 1360,817 1386,817 1411,817 1437,817 1463,817 1489,817 1515,817 1541,816 1567,816 1593,814"/>
                <TextEquiv>
                    <Unicode>gepaart sind. Auch</Unicode>
                </TextEquiv>
            </TextLine>
            <TextLine id="r1l34" custom="readingOrder {index:33;}">
                <Coords points="558,840 644,826 678,846 787,812 815,832 943,836 1017,809 1071,840 1135,834 1170,823 1170,777 557,786"/>
                <Baseline points="570,824 599,824 628,824 658,824 687,823 716,823 746,823 775,823 804,822 834,822 863,822 892,822 922,821 951,821 980,821 1010,820 1039,820 1068,819 1098,819 1127,819 1157,818"/>
                <TextEquiv>
                    <Unicode>Elemente in dieser Satire</Unicode>
                </TextEquiv>
            </TextLine>
            <TextLine id="r1l35" custom="readingOrder {index:34;}">
                <Coords points="1601,862 2638,842 2602,809 2106,800 1969,832 1601,798"/>
                <Baseline points="1614,856 1664,856 1715,857 1765,857 1816,857 1866,857 1917,857 1967,857 2018,857 2068,856 2119,856 2170,855 2220,855 2271,854 2321,853 2372,851 2422,850 2473,849 2523,847 2574,845 2625,843"/>
                <TextEquiv>
                    <Unicode>Werke bei ihrer gestrigen Erstaufführung im Lustspiel¬</Unicode>
                </TextEquiv>
            </TextLine>
            <TextLine id="r1l36" custom="readingOrder {index:35;}">
                <Coords points="1204,871 1278,865 1327,879 1378,858 1444,872 1503,858 1536,870 1564,854 1602,856 1602,820 1464,812 1382,837 1359,820 1203,828"/>
                <Baseline points="1216,862 1242,860 1269,860 1295,859 1322,859 1349,859 1375,859 1402,859 1429,858 1455,858 1482,857 1509,856 1535,855 1562,854 1589,852"/>
                <TextEquiv>
                    <Unicode>Direktor Jarno</Unicode>
                </TextEquiv>
            </TextLine>
            <TextLine id="r1l37" custom="readingOrder {index:36;}">
                <Coords points="563,880 663,859 936,879 1189,861 1188,805 1102,837 1007,820 816,832 790,814 754,833 563,837"/>
                <Baseline points="576,866 606,865 636,865 666,865 696,865 726,865 756,865 786,864 816,864 846,864 876,864 906,864 936,864 966,863 996,863 1026,862 1056,862 1086,861 1116,860 1146,859 1176,858"/>
                <TextEquiv>
                    <Unicode>auf der Praterbühne des</Unicode>
                </TextEquiv>
            </TextLine>
            <TextLine id="r1l38" custom="readingOrder {index:37;}">
                <Coords points="1599,911 2631,896 2612,845 1599,863"/>
                <Baseline points="1612,901 1662,900 1712,900 1762,900 1813,899 1863,899 1913,899 1964,899 2014,899 2064,898 2115,898 2165,898 2215,897 2265,896 2316,895 2366,894 2416,892 2467,890 2517,888 2567,885 2618,882"/>
                <TextEquiv>
                    <Unicode>theater fanden, berichtet uns eine Depesche unseres</Unicode>
                </TextEquiv>
            </TextLine>
            <TextLine id="r1l39" custom="readingOrder {index:38;}">
                <Coords points="1207,906 1243,916 1327,902 1603,904 1602,863 1569,856 1546,866 1207,865"/>
                <Baseline points="1221,902 1247,901 1273,901 1299,900 1326,899 1352,899 1378,899 1405,898 1431,898 1457,898 1483,898 1510,898 1536,897 1562,897 1589,896"/>
                <TextEquiv>
                    <Unicode>sehr eindrucksvoll.</Unicode>
                </TextEquiv>
            </TextLine>
            <TextLine id="r1l40" custom="readingOrder {index:39;}">
                <Coords points="559,911 690,919 728,891 764,918 843,902 884,920 950,901 1160,914 1205,903 1205,868 559,872"/>
                <Baseline points="572,906 603,906 634,907 665,907 696,906 727,906 758,906 789,906 820,905 851,905 882,904 913,904 944,903 975,903 1006,902 1037,902 1068,902 1099,901 1130,901 1161,901 1192,901"/>
                <TextEquiv>
                    <Unicode>erweist sich das Werk als</Unicode>
                </TextEquiv>
            </TextLine>
            <TextLine id="r1l41" custom="readingOrder {index:40;}">
                <Coords points="1596,957 2630,946 2630,889 1596,911"/>
                <Baseline points="1608,941 1658,941 1709,940 1759,939 1810,939 1860,939 1911,939 1961,939 2012,939 2062,938 2113,938 2163,938 2214,937 2264,937 2315,935 2365,934 2416,933 2466,931 2517,929 2567,926 2618,924"/>
                <TextEquiv>
                    <Unicode>Korrespondenten: In der „Fahrt über den</Unicode>
                </TextEquiv>
            </TextLine>
            <TextLine id="r1l42" custom="readingOrder {index:41;}">
                <Coords points="555,953 1553,951 1599,943 1599,905 554,901"/>
                <Baseline points="567,952 618,951 669,949 720,948 771,947 822,946 873,945 924,944 975,943 1026,943 1077,942 1128,942 1179,941 1230,940 1281,940 1332,940 1383,939 1434,938 1485,938 1536,937 1587,936"/>
                <TextEquiv>
                    <Unicode>Jarno hat ein kleines Meisterstück der Stimmungs¬</Unicode>
                </TextEquiv>
            </TextLine>
            <TextLine id="r1l43" custom="readingOrder {index:42;}">
                <Coords points="1601,975 2633,987 2633,928 1601,947"/>
                <Baseline points="1614,981 1664,980 1714,979 1764,979 1815,978 1865,978 1915,978 1966,977 2016,977 2066,977 2117,977 2167,976 2217,976 2267,975 2318,974 2368,973 2418,972 2469,970 2519,969 2569,966 2620,964"/>
                <TextEquiv>
                    <Unicode>Styx“ haben Frau Joseffy und die Herren</Unicode>
                </TextEquiv>
            </TextLine>
            <TextLine id="r1l44" custom="readingOrder {index:43;}">
                <Coords points="552,998 1548,992 1599,987 1599,943 552,959"/>
                <Baseline points="565,991 616,990 667,989 718,988 769,988 820,987 871,987 922,986 973,986 1024,986 1076,985 1127,985 1178,985 1229,984 1280,984 1331,983 1382,982 1433,981 1484,980 1535,979 1587,977"/>
                <TextEquiv>
                    <Unicode>malerei in seiner Inszenierung geboten. Es ist Ton</Unicode>
                </TextEquiv>
            </TextLine>
            <TextLine id="r1l45" custom="readingOrder {index:44;}">
                <Coords points="1606,1036 2558,1023 2632,983 1605,990"/>
                <Baseline points="1618,1022 1668,1022 1718,1022 1768,1022 1818,1021 1868,1021 1918,1021 1968,1020 2018,1020 2068,1019 2119,1018 2169,1017 2219,1016 2269,1015 2319,1014 2369,1013 2419,1012 2469,1010 2519,1009 2569,1007 2620,1005"/>
                <TextEquiv>
                    <Unicode>Guttmann, Valberg und Dumont außer¬</Unicode>
                </TextEquiv>
            </TextLine>
            <TextLine id="r1l46" custom="readingOrder {index:45;}">
                <Coords points="551,1034 1593,1030 1592,987 1503,975 550,994"/>
                <Baseline points="563,1030 613,1029 664,1029 715,1028 766,1028 817,1028 867,1027 918,1027 969,1027 1020,1026 1071,1026 1121,1026 1172,1025 1223,1025 1274,1024 1325,1024 1375,1023 1426,1022 1477,1022 1528,1020 1579,1019"/>
                <TextEquiv>
                    <Unicode>und Farbe in den Szenen am Styx, ein gedämpfter,</Unicode>
                </TextEquiv>
            </TextLine>
            <TextLine id="r1l47" custom="readingOrder {index:46;}">
                <Coords points="1603,1073 2640,1051 2624,1005 1602,1027"/>
                <Baseline points="1616,1063 1666,1063 1717,1063 1767,1063 1818,1063 1868,1062 1919,1061 1969,1060 2020,1059 2070,1058 2121,1057 2172,1056 2222,1055 2273,1054 2323,1053 2374,1052 2424,1052 2475,1051 2525,1051 2576,1050 2627,1050"/>
                <TextEquiv>
                    <Unicode>ordentlich gewirkt, doch hat das Stück auch Opposition</Unicode>
                </TextEquiv>
            </TextLine>
            <TextLine id="r1l48" custom="readingOrder {index:47;}">
                <Coords points="554,1075 1491,1079 1593,1071 1593,1030 554,1045"/>
                <Baseline points="566,1071 616,1070 667,1069 718,1068 769,1068 819,1068 870,1068 921,1068 972,1068 1022,1068 1073,1068 1124,1068 1175,1068 1225,1067 1276,1067 1327,1066 1378,1064 1428,1063 1479,1061 1530,1059 1581,1056"/>
                <TextEquiv>
                    <Unicode>niemals vorlauter Ton der Heiterkeit in den Vor¬</Unicode>
                </TextEquiv>
            </TextLine>
            <TextLine id="r1l49" custom="readingOrder {index:48;}">
                <Coords points="1611,1117 2346,1090 2648,1114 2647,1070 2575,1053 1610,1071"/>
                <Baseline points="1623,1103 1673,1104 1724,1104 1774,1104 1825,1104 1875,1103 1926,1103 1976,1102 2027,1100 2077,1099 2128,1098 2179,1097 2229,1095 2280,1094 2330,1093 2381,1093 2431,1092 2482,1092 2532,1092 2583,1093 2634,1094"/>
                <TextEquiv>
                    <Unicode>gefunden. „Mamzell Courasche“ verdankt viel</Unicode>
                </TextEquiv>
            </TextLine>
            <TextLine id="r1l50" custom="readingOrder {index:49;}">
                <Coords points="560,1114 1538,1115 1602,1109 1602,1063 560,1071"/>
                <Baseline points="573,1111 623,1110 674,1109 725,1108 776,1108 827,1108 877,1107 928,1107 979,1108 1030,1108 1081,1108 1131,1108 1182,1108 1233,1107 1284,1107 1335,1106 1385,1105 1436,1104 1487,1103 1538,1100 1589,1098"/>
                <TextEquiv>
                    <Unicode>gängen vor dem Richterstuhle des Rhadamant. Um</Unicode>
                </TextEquiv>
            </TextLine>
            <TextLine id="r1l51" custom="readingOrder {index:50;}">
                <Coords points="1600,1145 2635,1147 2634,1098 1600,1106"/>
                <Baseline points="1613,1145 1663,1145 1714,1145 1764,1144 1815,1144 1865,1143 1916,1143 1966,1142 2017,1142 2067,1141 2118,1140 2168,1140 2219,1139 2269,1138 2320,1137 2370,1137 2421,1136 2471,1135 2522,1135 2572,1134 2623,1133"/>
                <TextEquiv>
                    <Unicode>von ihrem unbestrittenen Erfolg der befriedigenden</Unicode>
                </TextEquiv>
            </TextLine>
            <TextLine id="r1l52" custom="readingOrder {index:51;}">
                <Coords points="559,1151 1586,1156 1601,1108 559,1115"/>
                <Baseline points="573,1151 623,1150 674,1150 725,1150 776,1150 827,1150 877,1150 928,1150 979,1150 1030,1151 1081,1151 1131,1151 1182,1151 1233,1150 1284,1150 1335,1149 1385,1148 1436,1146 1487,1144 1538,1141 1589,1139"/>
                <TextEquiv>
                    <Unicode>die sehr achtenswerte Darstellung hat sich besonders</Unicode>
                </TextEquiv>
            </TextLine>
            <TextLine id="r1l53" custom="readingOrder {index:52;}">
                <Coords points="1606,1195 2364,1197 2645,1183 2645,1149 1605,1149"/>
                <Baseline points="1618,1188 1668,1187 1719,1186 1770,1186 1820,1185 1871,1185 1922,1184 1972,1183 2023,1183 2074,1182 2125,1182 2175,1181 2226,1180 2277,1180 2327,1179 2378,1178 2429,1177 2479,1176 2530,1174 2581,1173 2632,1172"/>
                <TextEquiv>
                    <Unicode>guten Darstellung der Herren Bulß, Landa¬</Unicode>
                </TextEquiv>
            </TextLine>
            <TextLine id="r1l54" custom="readingOrder {index:53;}">
                <Coords points="556,1204 1593,1195 1593,1147 1554,1145 556,1145"/>
                <Baseline points="569,1196 619,1194 670,1192 720,1191 771,1190 822,1189 872,1189 923,1189 973,1189 1024,1189 1075,1189 1125,1189 1176,1190 1226,1190 1277,1189 1328,1189 1378,1188 1429,1187 1479,1185 1530,1183 1581,1180"/>
                <TextEquiv>
                    <Unicode>Frau Joseffn, welche die Parze, Herr Dumont,</Unicode>
                </TextEquiv>
            </TextLine>
            <TextLine id="r1l55" custom="readingOrder {index:54;}">
                <Coords points="1605,1231 2645,1228 2644,1184 2424,1172 1605,1193"/>
                <Baseline points="1618,1226 1668,1226 1719,1226 1770,1226 1821,1225 1871,1224 1922,1224 1973,1223 2024,1222 2074,1221 2125,1220 2176,1219 2227,1218 2277,1217 2328,1216 2379,1215 2430,1215 2480,1214 2531,1213 2582,1213 2633,1213"/>
                <TextEquiv>
                    <Unicode>[Landa und des Frl. Helm. Die Satire „Zum¬</Unicode>
                </TextEquiv>
            </TextLine>
            <TextLine id="r1l56" custom="readingOrder {index:55;}">
                <Coords points="562,1245 1563,1234 1593,1196 561,1194"/>
                <Baseline points="575,1231 625,1231 675,1231 725,1231 776,1231 826,1231 876,1231 926,1231 977,1231 1027,1231 1077,1231 1127,1231 1178,1231 1228,1230 1278,1230 1328,1229 1379,1228 1429,1227 1479,1226 1529,1225 1580,1222"/>
                <TextEquiv>
                    <Unicode>der den Philosophen mit scharf poitiertem Humor</Unicode>
                </TextEquiv>
            </TextLine>
            <TextLine id="r1l57" custom="readingOrder {index:56;}">
                <Coords points="1607,1281 2649,1251 2566,1217 1606,1233"/>
                <Baseline points="1621,1271 1671,1269 1722,1268 1773,1267 1824,1265 1874,1265 1925,1264 1976,1263 2027,1262 2077,1262 2128,1261 2179,1261 2230,1260 2280,1259 2331,1259 2382,1258 2433,1257 2483,1255 2534,1254 2585,1253 2636,1251"/>
                <TextEquiv>
                    <Unicode>großen Wurstel“ hat beim Publikum nicht das¬</Unicode>
                </TextEquiv>
            </TextLine>
            <TextLine id="r1l58" custom="readingOrder {index:57;}">
                <Coords points="552,1273 1553,1277 1602,1272 1602,1231 552,1243"/>
                <Baseline points="565,1274 616,1273 667,1272 718,1271 769,1271 821,1270 872,1270 923,1270 974,1270 1025,1270 1077,1270 1128,1270 1179,1270 1230,1270 1281,1269 1333,1269 1384,1268 1435,1267 1486,1267 1537,1265 1589,1263"/>
                <TextEquiv>
                    <Unicode>gab, Herr Guttmann als Schuster und, mit einigen</Unicode>
                </TextEquiv>
            </TextLine>
            <TextLine id="r1l59" custom="readingOrder {index:58;}">
                <Coords points="1602,1316 2573,1315 2659,1303 2659,1270 1602,1280"/>
                <Baseline points="1614,1311 1665,1310 1717,1309 1768,1308 1820,1308 1872,1307 1923,1306 1975,1306 2027,1305 2078,1305 2130,1304 2182,1303 2233,1303 2285,1302 2337,1301 2388,1300 2440,1300 2492,1299 2543,1297 2595,1296 2647,1294"/>
                <TextEquiv>
                    <Unicode>richtige Verständnis gefunden. Besonders gefiel darin</Unicode>
                </TextEquiv>
            </TextLine>
            <TextLine id="r1l60" custom="readingOrder {index:59;}">
                <Coords points="563,1309 1130,1338 1602,1312 1602,1271 1467,1265 563,1273"/>
                <Baseline points="576,1311 626,1311 677,1311 727,1311 778,1311 829,1311 879,1311 930,1311 981,1311 1031,1310 1082,1310 1133,1310 1183,1309 1234,1309 1285,1308 1335,1308 1386,1307 1437,1306 1487,1306 1538,1305 1589,1304"/>
                <TextEquiv>
                    <Unicode>Einschränkungen, auch Herr Valberg als Tyrann</Unicode>
                </TextEquiv>
            </TextLine>
            <TextLine id="r1l61" custom="readingOrder {index:60;}">
                <Coords points="1596,1356 1902,1378 2106,1339 2525,1365 2543,1303 1595,1326"/>
                <Baseline points="1608,1351 1654,1350 1700,1349 1746,1349 1792,1348 1838,1348 1884,1347 1931,1347 1977,1346 2023,1346 2069,1345 2115,1345 2161,1344 2207,1344 2254,1343 2300,1342 2346,1341 2392,1341 2438,1340 2484,1339 2531,1338"/>
                <TextEquiv>
                    <Unicode>von den Darstellern Herr Hofer als Direktor.</Unicode>
                </TextEquiv>
            </TextLine>
            <TextLine id="r1l62" custom="readingOrder {index:61;}">
                <Coords points="559,1358 582,1355 603,1370 664,1355 868,1365 914,1354 914,1321 884,1316 748,1327 728,1316 559,1319"/>
                <Baseline points="571,1351 596,1351 621,1351 647,1351 672,1351 698,1351 723,1351 749,1351 774,1351 800,1351 825,1351 851,1351 876,1350 902,1350"/>
                <TextEquiv>
                    <Unicode>verdient gemacht.</Unicode>
                </TextEquiv>
            </TextLine>
            <TextLine id="r1l63" custom="readingOrder {index:62;}">
                <Coords points="626,1392 1492,1403 1599,1390 1599,1336 626,1356"/>
                <Baseline points="640,1390 687,1391 734,1392 782,1393 829,1394 876,1394 924,1394 971,1394 1018,1393 1066,1393 1113,1393 1160,1392 1208,1391 1255,1390 1302,1390 1350,1389 1397,1388 1444,1387 1492,1387 1539,1386 1587,1385"/>
                <TextEquiv>
                    <Unicode>Die düsteren Gesänge der Erinnyen werden ab¬</Unicode>
                </TextEquiv>
            </TextLine>
            <TextLine id="r1l64" custom="readingOrder {index:63;}">
                <Coords points="558,1430 1457,1442 1492,1416 1607,1434 1607,1385 815,1417 557,1384"/>
                <Baseline points="571,1432 622,1433 673,1433 724,1434 775,1434 827,1435 878,1435 929,1435 980,1435 1031,1436 1083,1435 1134,1435 1185,1435 1236,1435 1287,1434 1339,1433 1390,1432 1441,1431 1492,1430 1543,1428 1595,1427"/>
                <TextEquiv>
                    <Unicode>gelöst von fröhlichen Soldatenliedern — von einer</Unicode>
                </TextEquiv>
            </TextLine>
            <TextLine id="r1l65" custom="readingOrder {index:64;}">
                <Coords points="560,1470 1610,1482 1610,1434 1497,1426 560,1442"/>
                <Baseline points="572,1471 623,1472 674,1473 725,1474 776,1475 828,1475 879,1476 930,1476 981,1477 1032,1477 1084,1477 1135,1477 1186,1477 1237,1476 1288,1476 1340,1475 1391,1474 1442,1472 1493,1471 1544,1469 1596,1467"/>
                <TextEquiv>
                    <Unicode>Episode aus dem dreißigjährigen Kriege von Erich</Unicode>
                </TextEquiv>
            </TextLine>
            <TextLine id="r1l66" custom="readingOrder {index:65;}">
                <Coords points="1504,1505 1519,1506 1529,1516 1557,1522 1572,1512 1593,1513 1603,1523 1621,1521 1622,1475 1602,1475 1591,1480 1573,1479 1563,1471 1530,1470 1520,1480 1504,1477"/>
                <Baseline points="1517,1506 1547,1505 1578,1506 1609,1508"/>
                <TextEquiv>
                    <Unicode>Ein</Unicode>
                </TextEquiv>
            </TextLine>
            <TextLine id="r1l67" custom="readingOrder {index:66;}">
                <Coords points="553,1525 900,1503 1087,1533 1409,1524 1503,1475 553,1492"/>
                <Baseline points="566,1519 612,1517 658,1516 704,1516 750,1516 797,1516 843,1516 889,1516 935,1516 981,1517 1028,1517 1074,1518 1120,1518 1166,1518 1212,1517 1259,1517 1305,1516 1351,1514 1397,1513 1443,1510 1490,1508"/>
                <TextEquiv>
                    <Unicode>Korn, betitel Mamzell Courasche“</Unicode>
                </TextEquiv>
            </TextLine>
            <TextLine id="r1l68" custom="readingOrder {index:67;}">
                <Coords points="556,1560 1624,1563 1593,1512 556,1537"/>
                <Baseline points="569,1563 621,1560 673,1558 725,1557 777,1556 829,1555 881,1555 933,1555 985,1555 1037,1555 1090,1556 1142,1556 1194,1557 1246,1557 1298,1557 1350,1557 1402,1556 1454,1555 1506,1554 1558,1552 1611,1549"/>
                <TextEquiv>
                    <Unicode>packendes, kleines Dramolet, kräftig konturiert, voll</Unicode>
                </TextEquiv>
            </TextLine>
            <TextLine id="r1l69" custom="readingOrder {index:68;}">
                <Coords points="567,1629 595,1618 620,1625 671,1601 720,1613 783,1601 819,1613 845,1605 844,1569 798,1560 762,1571 721,1559 675,1571 634,1561 624,1569 565,1565"/>
                <Baseline points="579,1600 604,1602 629,1602 654,1602 680,1601 705,1600 730,1599 756,1598 781,1597 806,1597 832,1598"/>
                <TextEquiv>
                    <Unicode>satter Farbe.</Unicode>
                </TextEquiv>
            </TextLine>
            <TextLine id="r1l70" custom="readingOrder {index:69;}">
                <Coords points="629,1640 912,1660 1270,1625 1385,1657 1587,1642 1617,1591 1139,1573 628,1615"/>
                <Baseline points="642,1640 690,1641 738,1641 786,1641 834,1642 882,1642 930,1641 979,1641 1027,1641 1075,1640 1123,1639 1171,1639 1219,1638 1267,1637 1316,1636 1364,1635 1412,1634 1460,1634 1508,1633 1556,1632 1605,1631"/>
                <TextEquiv>
                    <Unicode>Eine Marketenderin, die indes nicht allein dem</Unicode>
                </TextEquiv>
            </TextLine>
            <TextLine id="r1l71" custom="readingOrder {index:70;}">
                <Coords points="552,1684 1622,1676 1527,1635 552,1635"/>
                <Baseline points="565,1683 617,1683 669,1683 721,1683 774,1682 826,1682 878,1682 930,1682 983,1682 1035,1682 1087,1681 1139,1681 1192,1681 1244,1680 1296,1680 1348,1679 1401,1678 1453,1677 1505,1676 1557,1675 1610,1674"/>
                <TextEquiv>
                    <Unicode>Dürstenden und Hungernden, sondern auch dem</Unicode>
                </TextEquiv>
            </TextLine>
            <TextLine id="r1l72" custom="readingOrder {index:71;}">
                <Coords points="563,1735 1342,1712 1608,1739 1623,1675 563,1689"/>
                <Baseline points="577,1723 628,1723 680,1723 732,1723 783,1723 835,1723 887,1723 938,1723 990,1723 1042,1723 1094,1722 1145,1722 1197,1722 1249,1721 1300,1721 1352,1720 1404,1719 1455,1718 1507,1717 1559,1717 1611,1715"/>
                <TextEquiv>
                    <Unicode>Liebesdurstigen ihre Dienste lieh, wegen ihrer Tapfer¬</Unicode>
                </TextEquiv>
            </TextLine>
            <TextLine id="r1l73" custom="readingOrder {index:72;}">
                <Coords points="558,1764 1628,1761 1580,1721 1342,1712 558,1721"/>
                <Baseline points="571,1762 623,1762 675,1761 727,1761 780,1761 832,1761 884,1761 936,1760 989,1760 1041,1760 1093,1759 1145,1759 1198,1759 1250,1758 1302,1758 1354,1758 1407,1758 1459,1757 1511,1757 1563,1757 1616,1757"/>
                <TextEquiv>
                    <Unicode>keit und Schneidigkeit „Mamzell Courasche“ genannt,</Unicode>
                </TextEquiv>
            </TextLine>
            <TextLine id="r1l74" custom="readingOrder {index:73;}">
                <Coords points="1348,1798 1371,1795 1407,1812 1422,1801 1491,1807 1526,1793 1567,1795 1598,1812 1634,1801 1633,1747 1595,1761 1546,1757 1536,1768 1477,1759 1464,1767 1454,1757 1416,1766 1405,1756 1347,1767"/>
                <Baseline points="1360,1801 1386,1800 1412,1799 1438,1799 1464,1798 1490,1797 1516,1796 1542,1796 1568,1795 1594,1795 1621,1795"/>
                <TextEquiv>
                    <Unicode> soeben die</Unicode>
                </TextEquiv>
            </TextLine>
            <TextLine id="r1l75" custom="readingOrder {index:74;}">
                <Coords points="565,1813 836,1812 877,1794 1234,1811 1234,1767 1206,1765 565,1767"/>
                <Baseline points="577,1803 609,1803 641,1803 673,1802 705,1802 738,1802 770,1802 802,1802 834,1802 866,1802 899,1802 931,1802 963,1801 995,1801 1027,1801 1060,1800 1092,1799 1124,1798 1156,1797 1188,1796 1221,1794"/>
                <TextEquiv>
                    <Unicode>ein wirklicher nom de guerre,</Unicode>
                </TextEquiv>
            </TextLine>
            <TextLine id="r1l76" custom="readingOrder {index:75;}">
                <Coords points="568,1851 1189,1859 1332,1823 1388,1856 1587,1847 1623,1806 568,1812"/>
                <Baseline points="580,1845 631,1844 683,1843 734,1843 786,1842 837,1842 889,1841 940,1841 992,1840 1043,1840 1095,1840 1146,1839 1198,1839 1249,1839 1301,1839 1352,1839 1404,1839 1455,1838 1507,1838 1558,1838 1610,1838"/>
                <TextEquiv>
                    <Unicode>Gattin des Fechtmeisters Spertini eines heiß¬</Unicode>
                </TextEquiv>
            </TextLine>
            <TextLine id="r1l77" custom="readingOrder {index:76;}">
                <Coords points="1165,1886 1355,1896 1393,1880 1462,1891 1502,1878 1554,1890 1617,1878 1617,1840 1497,1834 1387,1854 1323,1822 1287,1853 1211,1842 1165,1853"/>
                <Baseline points="1179,1881 1204,1881 1229,1881 1254,1881 1279,1881 1304,1881 1329,1880 1354,1880 1379,1880 1404,1879 1429,1879 1454,1878 1479,1878 1504,1877 1529,1877 1554,1875 1579,1875 1605,1874"/>
                <TextEquiv>
                    <Unicode>Das Zelt, in welchem</Unicode>
                </TextEquiv>
            </TextLine>
            <TextLine id="r1l78" custom="readingOrder {index:77;}">
                <Coords points="568,1888 707,1902 747,1881 783,1899 1051,1885 1077,1903 1179,1879 1178,1856 1140,1841 969,1858 764,1838 698,1859 568,1850"/>
                <Baseline points="580,1886 609,1886 638,1886 667,1885 697,1885 726,1885 755,1884 784,1884 814,1884 843,1883 872,1883 901,1882 931,1882 960,1882 989,1881 1018,1881 1048,1881 1077,1881 1106,1880 1135,1880 1165,1880"/>
                <TextEquiv>
                    <Unicode>blütigen Italieners, geworden.</Unicode>
                </TextEquiv>
            </TextLine>
            <TextLine id="r1l79" custom="readingOrder {index:78;}">
                <Coords points="559,1945 1624,1911 1623,1873 559,1889"/>
                <Baseline points="571,1928 623,1928 675,1927 727,1927 779,1926 831,1926 883,1925 935,1925 987,1925 1039,1924 1091,1924 1143,1924 1195,1923 1247,1923 1299,1922 1351,1921 1403,1920 1455,1920 1507,1918 1559,1917 1612,1916"/>
                <TextEquiv>
                    <Unicode>sie die Brautnacht feiern soll, ist mit allem Luxus</Unicode>
                </TextEquiv>
            </TextLine>
            <TextLine id="r1l80" custom="readingOrder {index:79;}">
                <Coords points="557,1971 1635,1952 1606,1906 1343,1940 557,1935"/>
                <Baseline points="570,1970 622,1969 675,1969 727,1968 780,1968 832,1968 885,1967 937,1967 990,1967 1042,1966 1095,1966 1148,1965 1200,1965 1253,1964 1305,1964 1358,1963 1410,1962 1463,1961 1515,1960 1568,1958 1621,1957"/>
                <TextEquiv>
                    <Unicode>eingerichtet. Des feurigen Weines voll, hänseln zwei</Unicode>
                </TextEquiv>
            </TextLine>
            <TextLine id="r1l81" custom="readingOrder {index:80;}">
                <Coords points="560,2022 1620,2021 1619,1967 1510,1958 560,1981"/>
                <Baseline points="572,2009 623,2009 675,2008 727,2008 779,2008 831,2007 882,2007 934,2007 986,2007 1038,2006 1090,2006 1141,2006 1193,2005 1245,2004 1297,2004 1349,2003 1400,2002 1452,2001 1504,1999 1556,1998 1608,1996"/>
                <TextEquiv>
                    <Unicode>Offiziere den jungen Ehegatten, diesen dunkeln Ehren¬</Unicode>
                </TextEquiv>
            </TextLine>
            <TextLine id="r1l82" custom="readingOrder {index:81;}">
                <Coords points="553,2051 1629,2053 1628,2007 1546,2003 553,2033"/>
                <Baseline points="567,2053 619,2052 671,2050 724,2049 776,2048 829,2048 881,2048 933,2047 986,2047 1038,2047 1091,2047 1143,2047 1195,2047 1248,2047 1300,2046 1353,2046 1405,2044 1457,2043 1510,2042 1562,2040 1615,2037"/>
                <TextEquiv>
                    <Unicode>mann, der, obwohl er weiß, was seine Frau gewesen,</Unicode>
                </TextEquiv>
            </TextLine>
            <TextLine id="r1l83" custom="readingOrder {index:82;}">
                <Coords points="559,2096 1550,2097 1624,2081 1624,2048 559,2050"/>
                <Baseline points="573,2091 627,2091 682,2090 737,2090 791,2089 846,2089 901,2088 955,2088 1010,2088 1065,2087 1119,2087 1174,2087 1229,2086 1283,2086 1338,2085 1393,2084 1447,2083 1502,2082 1557,2081 1612,2080"/>
                <TextEquiv>
                    <Unicode>sie zum Altar führt. Die Stichelreden locken ihn</Unicode>
                </TextEquiv>
            </TextLine>
            <TextLine id="r1l84" custom="readingOrder {index:83;}">
                <Coords points="560,2142 1587,2138 1615,2084 560,2096"/>
                <Baseline points="574,2134 625,2133 676,2131 728,2130 779,2129 831,2128 882,2128 933,2128 985,2127 1036,2127 1088,2127 1139,2127 1190,2127 1242,2127 1293,2127 1345,2126 1396,2126 1447,2126 1499,2126 1550,2125 1602,2125"/>
                <TextEquiv>
                    <Unicode>endlich den Säbel aus der Scheide, doch wirft sich Mam¬</Unicode>
                </TextEquiv>
            </TextLine>
            <TextLine id="r1l85" custom="readingOrder {index:84;}">
                <Coords points="568,2186 1564,2176 1612,2163 1612,2127 567,2132"/>
                <Baseline points="580,2178 631,2176 682,2174 733,2172 784,2171 835,2170 886,2169 937,2169 988,2168 1039,2168 1090,2168 1141,2168 1192,2168 1243,2168 1294,2168 1345,2167 1396,2167 1447,2166 1498,2166 1549,2164 1600,2163"/>
                <TextEquiv>
                    <Unicode>zell, d. h. Madame Courasche zwischen die Kämpfenden</Unicode>
                </TextEquiv>
            </TextLine>
            <TextLine id="r1l86" custom="readingOrder {index:85;}">
                <Coords points="565,2221 1525,2224 1627,2212 1627,2169 564,2183"/>
                <Baseline points="577,2217 628,2216 680,2215 732,2214 784,2213 836,2213 888,2212 940,2212 992,2212 1044,2211 1096,2211 1147,2210 1199,2210 1251,2209 1303,2209 1355,2208 1407,2208 1459,2207 1511,2206 1563,2205 1615,2204"/>
                <TextEquiv>
                    <Unicode>und sie reichen sich die Hände. Als sich die Beherzte</Unicode>
                </TextEquiv>
            </TextLine>
            <TextLine id="r1l87" custom="readingOrder {index:86;}">
                <Coords points="573,2259 1623,2251 1604,2208 573,2215"/>
                <Baseline points="587,2257 638,2257 689,2256 740,2256 791,2255 843,2255 894,2254 945,2254 996,2253 1047,2252 1099,2252 1150,2251 1201,2250 1252,2250 1303,2249 1355,2248 1406,2248 1457,2247 1508,2247 1559,2246 1611,2246"/>
                <TextEquiv>
                    <Unicode>wieder zurückgezogen, beginnt die Stichelei aufs neue, und</Unicode>
                </TextEquiv>
            </TextLine>
            <TextLine id="r1l88" custom="readingOrder {index:87;}">
                <Coords points="574,2303 1619,2300 1618,2249 1529,2245 574,2257"/>
                <Baseline points="588,2296 638,2297 689,2297 740,2297 791,2297 842,2297 893,2296 944,2296 995,2295 1046,2294 1097,2294 1147,2293 1198,2292 1249,2291 1300,2291 1351,2290 1402,2290 1453,2290 1504,2289 1555,2289 1606,2290"/>
                <TextEquiv>
                    <Unicode>die Offiziere reizen des Fechtmeisters Herrengefühl</Unicode>
                </TextEquiv>
            </TextLine>
            <TextLine id="r1l89" custom="readingOrder {index:88;}">
                <Coords points="577,2338 1578,2338 1631,2327 1631,2296 576,2303"/>
                <Baseline points="590,2339 641,2338 692,2338 744,2337 795,2337 847,2336 898,2336 949,2335 1001,2335 1052,2335 1104,2334 1155,2334 1206,2334 1258,2333 1309,2332 1361,2332 1412,2331 1463,2330 1515,2329 1566,2327 1618,2326"/>
                <TextEquiv>
                    <Unicode>indem sie ihm eine Wette proponieren: er würde es</Unicode>
                </TextEquiv>
            </TextLine>
            <TextLine id="r1l90" custom="readingOrder {index:89;}">
                <Coords points="577,2384 1489,2390 1624,2373 1624,2325 868,2333 835,2359 577,2338"/>
                <Baseline points="590,2380 641,2380 692,2379 743,2379 794,2379 845,2378 896,2378 947,2378 998,2378 1049,2378 1100,2378 1151,2378 1202,2377 1253,2377 1304,2376 1355,2376 1406,2375 1457,2374 1508,2373 1559,2372 1611,2370"/>
                <TextEquiv>
                    <Unicode>nicht wagen, seine Frau zu schlagen. Spertini</Unicode>
                </TextEquiv>
            </TextLine>
            <TextLine id="r1l91" custom="readingOrder {index:90;}">
                <Coords points="572,2441 1632,2408 1519,2371 572,2375"/>
                <Baseline points="586,2422 637,2421 689,2420 740,2420 792,2419 844,2419 895,2419 947,2419 999,2419 1050,2419 1102,2419 1154,2419 1205,2419 1257,2418 1309,2417 1360,2416 1412,2415 1464,2414 1515,2412 1567,2410 1619,2407"/>
                <TextEquiv>
                    <Unicode>macht sich, herausgefordert, anheischig, seine Frau</Unicode>
                </TextEquiv>
            </TextLine>
            <TextLine id="r1l92" custom="readingOrder {index:91;}">
                <Coords points="576,2471 1592,2460 1620,2422 576,2425"/>
                <Baseline points="588,2462 639,2460 690,2459 741,2458 792,2458 843,2457 894,2457 945,2457 996,2457 1047,2458 1098,2458 1149,2458 1200,2458 1251,2458 1302,2458 1353,2457 1404,2456 1455,2455 1506,2454 1557,2452 1608,2450"/>
                <TextEquiv>
                    <Unicode>noch in der Brautnacht, in Gegenwart der Offiziere</Unicode>
                </TextEquiv>
            </TextLine>
            <TextLine id="r1l93" custom="readingOrder {index:92;}">
                <Coords points="570,2522 1624,2506 1624,2455 569,2476"/>
                <Baseline points="583,2504 634,2503 685,2501 737,2500 788,2500 840,2499 891,2499 942,2498 994,2498 1045,2498 1097,2498 1148,2498 1199,2498 1251,2498 1302,2497 1354,2497 1405,2497 1456,2496 1508,2495 1559,2494 1611,2493"/>
                <TextEquiv>
                    <Unicode>zu züchtigen. Und nun zieht er sich in das bräutliche</Unicode>
                </TextEquiv>
            </TextLine>
            <TextLine id="r1l94" custom="readingOrder {index:93;}">
                <Coords points="574,2555 1624,2549 1595,2498 574,2522"/>
                <Baseline points="587,2547 638,2546 689,2545 740,2543 791,2543 842,2542 893,2541 945,2540 996,2540 1047,2539 1098,2539 1149,2539 1200,2538 1251,2538 1303,2538 1354,2537 1405,2537 1456,2536 1507,2536 1558,2535 1610,2534"/>
                <TextEquiv>
                    <Unicode>Zelt zuruck und erzählt der Beklagenswerten, was</Unicode>
                </TextEquiv>
            </TextLine>
            <TextLine id="r1l95" custom="readingOrder {index:94;}">
                <Coords points="576,2588 1628,2594 1627,2523 575,2555"/>
                <Baseline points="589,2587 640,2586 691,2585 742,2584 794,2583 845,2582 896,2582 948,2581 999,2580 1050,2579 1102,2579 1153,2578 1204,2578 1255,2577 1307,2577 1358,2576 1409,2576 1461,2576 1512,2576 1563,2576 1615,2575"/>
                <TextEquiv>
                    <Unicode>sich zugetragen. Der Rest ihres Schamgefühls bäumt</Unicode>
                </TextEquiv>
            </TextLine>
            <TextLine id="r1l96" custom="readingOrder {index:95;}">
                <Coords points="575,2628 1324,2643 1630,2615 1630,2587 575,2590"/>
                <Baseline points="589,2626 640,2625 691,2625 743,2624 794,2624 845,2624 897,2623 948,2623 999,2623 1051,2623 1102,2622 1153,2622 1205,2622 1256,2621 1307,2621 1359,2620 1410,2620 1461,2619 1513,2618 1564,2617 1616,2616"/>
                <TextEquiv>
                    <Unicode>sich wild in ihr auf wider seinen Zynismus und</Unicode>
                </TextEquiv>
            </TextLine>
            <TextLine id="r1l97" custom="readingOrder {index:96;}">
                <Coords points="577,2674 1598,2671 1626,2614 576,2631"/>
                <Baseline points="590,2669 641,2667 692,2666 743,2665 794,2664 846,2663 897,2663 948,2662 999,2662 1050,2662 1102,2662 1153,2662 1204,2661 1255,2661 1306,2661 1358,2661 1409,2660 1460,2659 1511,2659 1562,2658 1614,2656"/>
                <TextEquiv>
                    <Unicode>wider die Brutalität, die er teils aus Eitelkeit, teils</Unicode>
                </TextEquiv>
            </TextLine>
            <TextLine id="r1l98" custom="readingOrder {index:97;}">
                <Coords points="570,2703 1632,2696 1632,2670 1315,2655 1196,2684 570,2670"/>
                <Baseline points="582,2709 633,2708 685,2706 737,2705 789,2705 841,2704 893,2704 944,2704 996,2703 1048,2703 1100,2703 1152,2703 1204,2703 1256,2703 1307,2702 1359,2702 1411,2702 1463,2701 1515,2700 1567,2700 1619,2699"/>
                <TextEquiv>
                    <Unicode>aus Gewinnsucht verüben will. All ihre Bitten, von</Unicode>
                </TextEquiv>
            </TextLine>
            <TextLine id="r1l99" custom="readingOrder {index:98;}">
                <Coords points="576,2761 1552,2755 1623,2746 1623,2703 821,2728 575,2702"/>
                <Baseline points="588,2748 639,2748 690,2748 741,2747 792,2747 843,2747 894,2747 946,2747 997,2746 1048,2746 1099,2745 1150,2745 1201,2745 1252,2744 1304,2744 1355,2743 1406,2742 1457,2741 1508,2740 1559,2740 1611,2738"/>
                <TextEquiv>
                    <Unicode>der Wette abzulassen, sind vergebens; da nahen</Unicode>
                </TextEquiv>
            </TextLine>
            <TextLine id="r1l100" custom="readingOrder {index:99;}">
                <Coords points="578,2792 1623,2783 1622,2747 1479,2735 578,2758"/>
                <Baseline points="592,2791 645,2790 699,2790 752,2789 806,2789 860,2788 913,2788 967,2787 1021,2786 1074,2786 1128,2785 1181,2785 1235,2784 1289,2784 1342,2784 1396,2783 1450,2783 1503,2783 1557,2783 1611,2783"/>
                <TextEquiv>
                    <Unicode>bereits die Offiziere, und schon will er die Peitsche auf</Unicode>
                </TextEquiv>
            </TextLine>
            <TextLine id="r1l101" custom="readingOrder {index:100;}">
                <Coords points="573,2841 1531,2836 1625,2820 1625,2779 573,2797"/>
                <Baseline points="586,2833 637,2831 688,2830 740,2829 791,2828 842,2828 894,2828 945,2828 996,2828 1048,2828 1099,2828 1150,2828 1202,2828 1253,2828 1304,2828 1356,2827 1407,2826 1458,2825 1510,2823 1561,2821 1613,2819"/>
                <TextEquiv>
                    <Unicode>den entblößten Oberkörper seiner jungen Gattin</Unicode>
                </TextEquiv>
            </TextLine>
            <TextLine id="r1l102" custom="readingOrder {index:101;}">
                <Coords points="564,2860 1174,2865 1210,2891 1626,2869 1626,2821 564,2835"/>
                <Baseline points="577,2874 628,2873 680,2872 732,2872 784,2871 836,2870 887,2870 939,2870 991,2869 1043,2869 1095,2868 1146,2868 1198,2868 1250,2867 1302,2867 1354,2867 1405,2866 1457,2866 1509,2865 1561,2864 1613,2863"/>
                <TextEquiv>
                    <Unicode>niedersausen lassen, da ergreift sie seinen Degen und</Unicode>
                </TextEquiv>
            </TextLine>
            <TextLine id="r1l103" custom="readingOrder {index:102;}">
                <Coords points="570,2920 1629,2918 1629,2862 569,2889"/>
                <Baseline points="582,2913 633,2913 685,2912 737,2912 788,2911 840,2911 892,2911 943,2910 995,2910 1047,2910 1099,2909 1150,2909 1202,2909 1254,2909 1305,2908 1357,2908 1409,2907 1460,2907 1512,2906 1564,2906 1616,2905"/>
                <TextEquiv>
                    <Unicode>durchsticht ihm damit die Brust. Eine Bluthochzeit.</Unicode>
                </TextEquiv>
            </TextLine>
            <TextLine id="r1l104" custom="readingOrder {index:103;}">
                <Coords points="639,2965 1545,2941 1632,2966 1631,2902 638,2921"/>
                <Baseline points="652,2952 700,2952 748,2951 797,2951 845,2951 893,2951 942,2951 990,2950 1038,2950 1087,2950 1135,2950 1183,2949 1232,2949 1280,2948 1328,2948 1377,2947 1425,2947 1473,2946 1522,2945 1570,2943 1619,2942"/>
                <TextEquiv>
                    <Unicode>Bei aller Brutalität und bei allem Realismus der</Unicode>
                </TextEquiv>
            </TextLine>
            <TextLine id="r1l105" custom="readingOrder {index:104;}">
                <Coords points="567,3011 1627,2985 1606,2945 1203,2972 567,2944"/>
                <Baseline points="580,2995 631,2995 683,2995 734,2995 786,2995 838,2995 889,2995 941,2994 993,2994 1044,2993 1096,2993 1148,2992 1199,2991 1251,2991 1303,2990 1354,2990 1406,2989 1458,2988 1509,2987 1561,2987 1613,2986"/>
                <TextEquiv>
                    <Unicode>Vorgänge steckt doch eine Art wilde Kraft in dem</Unicode>
                </TextEquiv>
            </TextLine>
            <TextLine id="r1l106" custom="readingOrder {index:105;}">
                <Coords points="573,3048 1628,3032 1627,2984 573,3003"/>
                <Baseline points="586,3042 637,3040 688,3039 740,3037 791,3036 843,3036 894,3035 946,3035 997,3035 1049,3034 1100,3034 1151,3034 1203,3034 1254,3034 1306,3033 1357,3032 1409,3032 1460,3031 1512,3030 1563,3028 1615,3026"/>
                <TextEquiv>
                    <Unicode>Dramolet, in dem es grell aufzuckt wie ein Blitz am</Unicode>
                </TextEquiv>
            </TextLine>
            <TextLine id="r1l107" custom="readingOrder {index:106;}">
                <Coords points="584,3083 1189,3068 1314,3095 1424,3064 1623,3093 1638,3024 583,3047"/>
                <Baseline points="595,3081 646,3079 698,3078 749,3077 801,3076 852,3076 904,3075 955,3074 1007,3074 1058,3073 1110,3073 1161,3073 1213,3072 1264,3072 1316,3072 1367,3072 1419,3072 1470,3072 1522,3072 1573,3071 1625,3071"/>
                <TextEquiv>
                    <Unicode>nächtlichen Himmel. Oskar Straus hat zwei</Unicode>
                </TextEquiv>
            </TextLine>
            <TextLine id="r1l108" custom="readingOrder {index:107;}">
                <Coords points="582,3124 1639,3110 1639,3085 1422,3063 1315,3095 1189,3068 582,3083"/>
                <Baseline points="594,3124 645,3122 697,3120 748,3119 800,3118 852,3117 903,3117 955,3117 1007,3116 1058,3117 1110,3117 1162,3117 1213,3117 1265,3117 1317,3117 1368,3116 1420,3116 1472,3114 1523,3113 1575,3111 1627,3109"/>
                <TextEquiv>
                    <Unicode>sehr charakteristische, im Stil der Zeit gehaltene</Unicode>
                </TextEquiv>
            </TextLine>
            <TextLine id="r1l109" custom="readingOrder {index:108;}">
                <Coords points="584,3163 1639,3163 1639,3127 1565,3115 584,3125"/>
                <Baseline points="596,3164 647,3162 698,3161 750,3159 801,3158 853,3158 904,3157 956,3157 1007,3157 1059,3157 1110,3157 1161,3157 1213,3157 1264,3157 1316,3157 1367,3157 1419,3157 1470,3156 1522,3156 1573,3155 1625,3153"/>
                <TextEquiv>
                    <Unicode>Musikstücke beigesteuert. Frau Angela Helm, eine</Unicode>
                </TextEquiv>
            </TextLine>
            <TextLine id="r1l110" custom="readingOrder {index:109;}">
                <Coords points="575,3194 1415,3209 1632,3195 1632,3164 574,3166"/>
                <Baseline points="587,3201 638,3200 690,3199 741,3199 793,3198 845,3198 896,3198 948,3198 999,3198 1051,3198 1103,3198 1154,3198 1206,3197 1257,3197 1309,3197 1361,3196 1412,3196 1464,3195 1515,3194 1567,3192 1619,3191"/>
                <TextEquiv>
                    <Unicode>der Entdeckungen Jarnos, spielt das beherzte Sol¬</Unicode>
                </TextEquiv>
            </TextLine>
            <TextLine id="r1l111" custom="readingOrder {index:110;}">
                <Coords points="576,3242 1639,3241 1638,3200 1516,3191 576,3196"/>
                <Baseline points="588,3244 642,3242 697,3242 752,3241 806,3240 861,3240 916,3239 970,3239 1025,3239 1080,3239 1134,3238 1189,3238 1244,3238 1298,3237 1353,3237 1408,3237 1462,3236 1517,3235 1572,3235 1627,3233"/>
                <TextEquiv>
                    <Unicode>datenweib mit starker Leidenschaft sehr packend, den</Unicode>
                </TextEquiv>
            </TextLine>
            <TextLine id="r1l112" custom="readingOrder {index:111;}">
                <Coords points="580,3284 1637,3308 1637,3239 1540,3230 580,3251"/>
                <Baseline points="592,3287 643,3285 695,3283 746,3282 798,3281 850,3280 901,3279 953,3279 1005,3279 1056,3279 1108,3279 1160,3279 1211,3279 1263,3279 1315,3279 1366,3280 1418,3280 1470,3280 1521,3280 1573,3279 1625,3279"/>
                <TextEquiv>
                    <Unicode>Fechtmeister gibt Herr Bulß interessant, wenngleich</Unicode>
                </TextEquiv>
            </TextLine>
            <TextLine id="r1l113" custom="readingOrder {index:112;}">
                <Coords points="573,3348 599,3353 647,3332 709,3334 726,3324 744,3339 770,3341 793,3328 816,3336 882,3330 882,3299 859,3302 841,3287 667,3296 573,3284"/>
                <Baseline points="585,3324 610,3325 636,3326 662,3326 688,3326 714,3326 739,3326 765,3325 791,3324 817,3324 843,3323 869,3323"/>
                <TextEquiv>
                    <Unicode>etwas geziert.</Unicode>
                </TextEquiv>
            </TextLine>
            <TextLine id="r1l114" custom="readingOrder {index:113;}">
                <Coords points="636,3359 1221,3378 1506,3346 1624,3373 1624,3319 916,3298 865,3332 635,3334"/>
                <Baseline points="648,3366 696,3365 744,3365 792,3364 840,3364 888,3364 936,3364 985,3363 1033,3363 1081,3363 1129,3363 1177,3363 1225,3363 1273,3363 1322,3362 1370,3362 1418,3361 1466,3361 1514,3359 1562,3358 1611,3356"/>
                <TextEquiv>
                    <Unicode>Und nun wird die Szene zum Tribunal. Das</Unicode>
                </TextEquiv>
            </TextLine>
            <TextLine id="r1l115" custom="readingOrder {index:114;}">
                <Coords points="585,3394 1002,3428 1604,3411 1635,3357 585,3376"/>
                <Baseline points="599,3404 650,3404 701,3404 752,3404 803,3404 855,3404 906,3405 957,3405 1008,3405 1059,3406 1111,3406 1162,3406 1213,3406 1264,3406 1315,3405 1367,3404 1418,3403 1469,3402 1520,3400 1571,3399 1623,3396"/>
                <TextEquiv>
                    <Unicode>Wursteltheater“, nach welchem jener Teil des Wiener</Unicode>
                </TextEquiv>
            </TextLine>
            <TextLine id="r1l116" custom="readingOrder {index:115;}">
                <Coords points="585,3453 1630,3450 1630,3401 999,3427 585,3399"/>
                <Baseline points="599,3446 649,3445 700,3445 751,3444 802,3444 853,3445 904,3445 955,3445 1006,3446 1057,3446 1108,3446 1158,3447 1209,3447 1260,3447 1311,3447 1362,3447 1413,3446 1464,3446 1515,3444 1566,3443 1617,3440"/>
                <TextEquiv>
                    <Unicode>Praters, in welchem auch das Lustspiel=Theater steht,</Unicode>
                </TextEquiv>
            </TextLine>
            <TextLine id="r1l117" custom="readingOrder {index:116;}">
                <Coords points="590,3496 1627,3485 1626,3442 590,3455"/>
                <Baseline points="603,3491 653,3489 704,3487 754,3487 805,3486 856,3486 906,3486 957,3486 1007,3486 1058,3487 1109,3487 1159,3488 1210,3488 1260,3488 1311,3488 1362,3487 1412,3486 1463,3485 1513,3483 1564,3480 1615,3477"/>
                <TextEquiv>
                    <Unicode>„Wurstelprater“, genannt wird, siedelt einmal auf die</Unicode>
                </TextEquiv>
            </TextLine>
            <TextLine id="r1l118" custom="readingOrder {index:117;}">
                <Coords points="577,3538 1611,3532 1631,3483 576,3499"/>
                <Baseline points="590,3532 641,3531 692,3530 744,3529 795,3528 847,3527 898,3527 949,3527 1001,3527 1052,3526 1104,3526 1155,3526 1206,3526 1258,3526 1309,3526 1361,3525 1412,3525 1463,3524 1515,3523 1566,3522 1618,3520"/>
                <TextEquiv>
                    <Unicode>weltbedeutenden Bretter über, und kein Geringerer als</Unicode>
                </TextEquiv>
            </TextLine>
            <TextLine id="r1l119" custom="readingOrder {index:118;}">
                <Coords points="1140,3554 1174,3551 1230,3579 1258,3558 1327,3580 1347,3562 1411,3579 1460,3566 1626,3572 1625,3533 1541,3521 1140,3531"/>
                <Baseline points="1153,3566 1178,3566 1204,3567 1229,3567 1255,3567 1281,3566 1306,3566 1332,3566 1357,3565 1383,3565 1409,3564 1434,3564 1460,3563 1485,3563 1511,3563 1537,3562 1562,3562 1588,3563 1614,3563"/>
                <TextEquiv>
                    <Unicode>t es, der die Burleske</Unicode>
                </TextEquiv>
            </TextLine>
            <TextLine id="r1l120" custom="readingOrder {index:119;}">
                <Coords points="585,3571 621,3581 649,3570 690,3586 828,3570 892,3587 912,3569 1009,3587 1009,3536 991,3533 840,3531 815,3547 585,3535"/>
                <Baseline points="599,3570 625,3572 651,3573 678,3573 704,3573 731,3573 757,3572 784,3571 810,3570 837,3570 863,3569 890,3569 916,3569 943,3571 969,3573 996,3576"/>
                <TextEquiv>
                    <Unicode>Arthur Schnitz</Unicode>
                </TextEquiv>
            </TextLine>
            <TextLine id="r1l121" custom="readingOrder {index:120;}">
                <Coords points="587,3632 1644,3602 1643,3569 1541,3565 586,3574"/>
                <Baseline points="600,3625 651,3620 703,3614 754,3611 806,3608 857,3606 909,3605 960,3603 1012,3603 1063,3603 1115,3603 1167,3604 1218,3604 1270,3605 1321,3605 1373,3605 1424,3605 1476,3605 1527,3604 1579,3603 1631,3601"/>
                <TextEquiv>
                    <Unicode>„Zum großen Würstl“ verfaßt hat. Es steckt</Unicode>
                </TextEquiv>
            </TextLine>
            <TextLine id="r1l122" custom="readingOrder {index:121;}">
                <Coords points="588,3654 1591,3658 1632,3652 1632,3617 587,3621"/>
                <Baseline points="601,3656 651,3655 702,3654 753,3654 804,3653 855,3652 906,3651 957,3651 1008,3650 1059,3649 1110,3649 1160,3648 1211,3648 1262,3647 1313,3647 1364,3647 1415,3647 1466,3647 1517,3647 1568,3647 1619,3648"/>
                <TextEquiv>
                    <Unicode>ein tiefer Sinn in diesem kleinen grotesken Spiel, ja</Unicode>
                </TextEquiv>
            </TextLine>
            <TextLine id="r1l123" custom="readingOrder {index:122;}">
                <Coords points="589,3700 1649,3706 1617,3652 588,3659"/>
                <Baseline points="602,3698 653,3697 705,3696 757,3696 808,3695 860,3694 912,3693 963,3693 1015,3692 1067,3692 1119,3691 1170,3691 1222,3690 1274,3690 1325,3690 1377,3689 1429,3689 1480,3689 1532,3689 1584,3688 1636,3688"/>
                <TextEquiv>
                    <Unicode>dieser Sinn ist fast zu tief, um so ohne weiteres von</Unicode>
                </TextEquiv>
            </TextLine>
            <TextLine id="r1l124" custom="readingOrder {index:123;}">
                <Coords points="588,3758 682,3736 1413,3733 1412,3705 1136,3683 587,3699"/>
                <Baseline points="600,3741 642,3739 684,3738 726,3737 768,3736 810,3735 852,3734 894,3733 936,3733 978,3732 1020,3732 1062,3732 1104,3732 1146,3731 1188,3731 1230,3731 1272,3731 1314,3731 1356,3731 1399,3731"/>
                <TextEquiv>
                    <Unicode>der ganzen Hörerschaft erfaßt zu werden.</Unicode>
                </TextEquiv>
            </TextLine>
            <TextLine id="r1l125" custom="readingOrder {index:124;}">
                <Coords points="648,3792 753,3768 1596,3780 1639,3731 648,3743"/>
                <Baseline points="661,3777 709,3777 757,3777 805,3777 854,3776 902,3776 950,3776 999,3775 1047,3775 1095,3775 1144,3774 1192,3774 1240,3774 1288,3773 1337,3773 1385,3772 1433,3771 1482,3770 1530,3770 1578,3768 1627,3768"/>
                <TextEquiv>
                    <Unicode>Die Szene stellt ein Gartenrestaurant im Prater</Unicode>
                </TextEquiv>
            </TextLine>
            <TextLine id="r1l126" custom="readingOrder {index:125;}">
                <Coords points="583,3829 1596,3822 1642,3806 1642,3757 582,3786"/>
                <Baseline points="594,3821 645,3820 697,3819 749,3818 801,3817 853,3817 904,3816 956,3816 1008,3815 1060,3815 1112,3814 1163,3814 1215,3813 1267,3813 1319,3812 1371,3812 1422,3811 1474,3810 1526,3809 1578,3807 1630,3806"/>
                <TextEquiv>
                    <Unicode>vor, welches zugleich den Zuschauerraum des Mario¬</Unicode>
                </TextEquiv>
            </TextLine>
            <TextLine id="r1l127" custom="readingOrder {index:126;}">
                <Coords points="582,3874 1547,3851 1645,3881 1629,3804 582,3823"/>
                <Baseline points="594,3864 645,3862 697,3860 749,3859 801,3858 853,3857 905,3857 956,3857 1008,3857 1060,3857 1112,3857 1164,3857 1216,3857 1268,3857 1319,3856 1371,3856 1423,3855 1475,3854 1527,3853 1579,3851 1631,3848"/>
                <TextEquiv>
                    <Unicode>nettentheaters bildet. Der Direktor hält eine Art</Unicode>
                </TextEquiv>
            </TextLine>
            <TextLine id="r1l128" custom="readingOrder {index:127;}">
                <Coords points="581,3926 935,3891 1630,3905 1629,3856 1548,3850 580,3875"/>
                <Baseline points="593,3905 644,3904 695,3903 746,3902 797,3901 849,3900 900,3899 951,3898 1002,3898 1053,3897 1105,3897 1156,3896 1207,3896 1258,3895 1309,3895 1361,3894 1412,3894 1463,3893 1514,3892 1565,3892 1617,3891"/>
                <TextEquiv>
                    <Unicode>Prologas. Nun hebt sich der Vorhang, und sämtliche</Unicode>
                </TextEquiv>
            </TextLine>
            <TextLine id="r1l129" custom="readingOrder {index:128;}">
                <Coords points="594,3946 1607,3947 1646,3916 593,3913"/>
                <Baseline points="607,3940 658,3940 709,3940 760,3940 812,3940 863,3939 914,3939 965,3939 1017,3938 1068,3938 1119,3937 1170,3937 1222,3936 1273,3936 1324,3935 1375,3935 1427,3935 1478,3934 1529,3934 1580,3934 1632,3934"/>
                <TextEquiv>
                    <Unicode>handelnd Personen erscheinen an Schnüren, um</Unicode>
                </TextEquiv>
            </TextLine>
            <TextLine id="r1l130" custom="readingOrder {index:129;}">
                <Coords points="586,4006 693,3977 1572,3991 1643,3978 1643,3945 586,3950"/>
                <Baseline points="599,3985 650,3984 702,3984 753,3984 805,3983 857,3983 908,3982 960,3982 1011,3981 1063,3981 1115,3980 1166,3979 1218,3979 1269,3978 1321,3978 1373,3977 1424,3977 1476,3976 1527,3976 1579,3976 1631,3975"/>
                <TextEquiv>
                    <Unicode>sich dem p. t. Publikum in Wort und Sang vorzu¬</Unicode>
                </TextEquiv>
            </TextLine>
            <TextLine id="r1l131" custom="readingOrder {index:130;}">
                <Coords points="582,4058 1651,4033 1651,3974 581,4007"/>
                <Baseline points="595,4034 647,4033 699,4031 751,4030 803,4029 856,4028 908,4027 960,4026 1012,4025 1064,4024 1117,4024 1169,4023 1221,4022 1273,4022 1325,4021 1378,4021 1430,4020 1482,4020 1534,4020 1586,4020 1639,4020"/>
                <TextEquiv>
                    <Unicode>stellen. Es hebt eine kleine Komödie au, die von</Unicode>
                </TextEquiv>
            </TextLine>
            <TextEquiv>
                <Unicode>Sehmieler Jhat in dr enn  n e eengen
Praterbuhne, die bis vor kunzent noch hanffächlict;
auf die rohen Instinkte der Massen spekulierte, wird packenden Einfall ausdrücken wollen, wie das ganze
ietzt gar oft wirklich dichterischen Gebilden Leben und Leben nur ein Komödienspiel ist, wie wir alle, Große
und Kleine, Dichter, Zuschauer, Darsteller, Erfolg¬
Ausdruck gegeben. Und welche Vielseitigkeit!
gekrönte und Unglückliche, nur Marionetten sind in der
Alt=Rom und Jung =Wien, dazwischen auch
Hand des Zufalls... Freilich kommt die Absicht trotz
Jung =Berlin, ein merkwürdiges Dreigespann,
der ausgezeichneten, farbenreichen Darstellung nicht
werden an dem morgigen „literarischen Abend“ vor
ganz zum Ausdruck, so pointiert auch die Worte des
dem Thespiskarren des Lustspieltheaters erscheinen.
„Unbekannten“, welchen Direktor Jarno darstellt,
Die von Paul Lindau so glücklich, mit so viel
gebracht werden. Den Direktor und den Dichter!
feinem Verständnis und Geschmack dramatisierte
spielen die Herren Hofer und Sekler sehr
Satire des Lucian „Die Fahrt über den
charakteristisch, und von den Mitwirkenden auf dem
Sie wissen ja aus der
Styx“ macht den Anfang.
Marionettentheater sind die Damen Henrici und
trefflichen Darbietung, welche das Werk unter Lindaus
Rona sowie die Herren Guttmann, Skoda
Direktion und Regie im „Berliner Theater“ gefunden
und Straßni mit Anerkennung zu erwähnen.
hat, welch' düstere Stimmung, welch' heilige Schauer
S. L.
und daneben wieder welch' wirksame parodistische
Ueber die Aufnahme welche die besprochenen
gepaart sind. Auch
Elemente in dieser Satire
Werke bei ihrer gestrigen Erstaufführung im Lustspiel¬
Direktor Jarno
auf der Praterbühne des
theater fanden, berichtet uns eine Depesche unseres
sehr eindrucksvoll.
erweist sich das Werk als
Korrespondenten: In der „Fahrt über den
Jarno hat ein kleines Meisterstück der Stimmungs¬
Styx“ haben Frau Joseffy und die Herren
malerei in seiner Inszenierung geboten. Es ist Ton
Guttmann, Valberg und Dumont außer¬
und Farbe in den Szenen am Styx, ein gedämpfter,
ordentlich gewirkt, doch hat das Stück auch Opposition
niemals vorlauter Ton der Heiterkeit in den Vor¬
gefunden. „Mamzell Courasche“ verdankt viel
gängen vor dem Richterstuhle des Rhadamant. Um
von ihrem unbestrittenen Erfolg der befriedigenden
die sehr achtenswerte Darstellung hat sich besonders
guten Darstellung der Herren Bulß, Landa¬
Frau Joseffn, welche die Parze, Herr Dumont,
[Landa und des Frl. Helm. Die Satire „Zum¬
der den Philosophen mit scharf poitiertem Humor
großen Wurstel“ hat beim Publikum nicht das¬
gab, Herr Guttmann als Schuster und, mit einigen
richtige Verständnis gefunden. Besonders gefiel darin
Einschränkungen, auch Herr Valberg als Tyrann
von den Darstellern Herr Hofer als Direktor.
verdient gemacht.
Die düsteren Gesänge der Erinnyen werden ab¬
gelöst von fröhlichen Soldatenliedern — von einer
Episode aus dem dreißigjährigen Kriege von Erich
Ein
Korn, betitel Mamzell Courasche“
packendes, kleines Dramolet, kräftig konturiert, voll
satter Farbe.
Eine Marketenderin, die indes nicht allein dem
Dürstenden und Hungernden, sondern auch dem
Liebesdurstigen ihre Dienste lieh, wegen ihrer Tapfer¬
keit und Schneidigkeit „Mamzell Courasche“ genannt,
 soeben die
ein wirklicher nom de guerre,
Gattin des Fechtmeisters Spertini eines heiß¬
Das Zelt, in welchem
blütigen Italieners, geworden.
sie die Brautnacht feiern soll, ist mit allem Luxus
eingerichtet. Des feurigen Weines voll, hänseln zwei
Offiziere den jungen Ehegatten, diesen dunkeln Ehren¬
mann, der, obwohl er weiß, was seine Frau gewesen,
sie zum Altar führt. Die Stichelreden locken ihn
endlich den Säbel aus der Scheide, doch wirft sich Mam¬
zell, d. h. Madame Courasche zwischen die Kämpfenden
und sie reichen sich die Hände. Als sich die Beherzte
wieder zurückgezogen, beginnt die Stichelei aufs neue, und
die Offiziere reizen des Fechtmeisters Herrengefühl
indem sie ihm eine Wette proponieren: er würde es
nicht wagen, seine Frau zu schlagen. Spertini
macht sich, herausgefordert, anheischig, seine Frau
noch in der Brautnacht, in Gegenwart der Offiziere
zu züchtigen. Und nun zieht er sich in das bräutliche
Zelt zuruck und erzählt der Beklagenswerten, was
sich zugetragen. Der Rest ihres Schamgefühls bäumt
sich wild in ihr auf wider seinen Zynismus und
wider die Brutalität, die er teils aus Eitelkeit, teils
aus Gewinnsucht verüben will. All ihre Bitten, von
der Wette abzulassen, sind vergebens; da nahen
bereits die Offiziere, und schon will er die Peitsche auf
den entblößten Oberkörper seiner jungen Gattin
niedersausen lassen, da ergreift sie seinen Degen und
durchsticht ihm damit die Brust. Eine Bluthochzeit.
Bei aller Brutalität und bei allem Realismus der
Vorgänge steckt doch eine Art wilde Kraft in dem
Dramolet, in dem es grell aufzuckt wie ein Blitz am
nächtlichen Himmel. Oskar Straus hat zwei
sehr charakteristische, im Stil der Zeit gehaltene
Musikstücke beigesteuert. Frau Angela Helm, eine
der Entdeckungen Jarnos, spielt das beherzte Sol¬
datenweib mit starker Leidenschaft sehr packend, den
Fechtmeister gibt Herr Bulß interessant, wenngleich
etwas geziert.
Und nun wird die Szene zum Tribunal. Das
Wursteltheater“, nach welchem jener Teil des Wiener
Praters, in welchem auch das Lustspiel=Theater steht,
„Wurstelprater“, genannt wird, siedelt einmal auf die
weltbedeutenden Bretter über, und kein Geringerer als
t es, der die Burleske
Arthur Schnitz
„Zum großen Würstl“ verfaßt hat. Es steckt
ein tiefer Sinn in diesem kleinen grotesken Spiel, ja
dieser Sinn ist fast zu tief, um so ohne weiteres von
der ganzen Hörerschaft erfaßt zu werden.
Die Szene stellt ein Gartenrestaurant im Prater
vor, welches zugleich den Zuschauerraum des Mario¬
nettentheaters bildet. Der Direktor hält eine Art
Prologas. Nun hebt sich der Vorhang, und sämtliche
handelnd Personen erscheinen an Schnüren, um
sich dem p. t. Publikum in Wort und Sang vorzu¬
stellen. Es hebt eine kleine Komödie au, die von</Unicode>
            </TextEquiv>
        </TextRegion>
    </Page>
</PcGts>
