<?xml version="1.0" encoding="UTF-8" standalone="yes"?>
<PcGts xmlns="http://schema.primaresearch.org/PAGE/gts/pagecontent/2013-07-15" xmlns:xsi="http://www.w3.org/2001/XMLSchema-instance" xsi:schemaLocation="http://schema.primaresearch.org/PAGE/gts/pagecontent/2013-07-15 http://schema.primaresearch.org/PAGE/gts/pagecontent/2013-07-15/pagecontent.xsd">
    <Metadata>
        <Creator>prov=University of Rostock/Institute of Mathematics/CITlab/Gundram Leifert/gundram.leifert@uni-rostock.de:name=ONB_Newseye_GT_M1+(htr_id=10810)::::v=2.4.2
prov=University of Rostock/Institute of Mathematics/CITlab/Tobias Gruening/tobias.gruening@uni-rostock.de:name=de.uros.citlab.module.baseline2polygon.B2PSeamMultiOriented:v=2.4.2
prov=University of Rostock/Institute of Mathematics/CITlab/Tobias Gruening/tobias.gruening@uni-rostock.de:name=/mnt/transkribus/LA/DEA/URO/LA_news_onb_att.pb:de.uros.citlab.segmentation.CITlab_LA_ML:v=2.4.2
Transkribus</Creator>
        <Created>2019-10-07T11:31:48.000+02:00</Created>
        <LastChange>2019-10-08T10:57:55.472+02:00</LastChange>
        <TranskribusMetadata docId="223972" pageId="9499106" pageNr="24" tsid="16533316" status="IN_PROGRESS" userId="40391" imgUrl="https://files.transkribus.eu/Get?id=LUCIDLAOUPHWGYAQOPKQZTWP&amp;fileType=view" xmlUrl="https://files.transkribus.eu/Get?id=KZXTVGKAEJHLOEIDJZCFXRAY" imageId="6189328"/>
    </Metadata>
    <Page imageFilename="223972_0024.jpeg" imageWidth="3436" imageHeight="4320">
        <ReadingOrder>
            <OrderedGroup id="ro_1711450317132" caption="Regions reading order">
                <RegionRefIndexed index="0" regionRef="r1"/>
            </OrderedGroup>
        </ReadingOrder>
        <TextRegion orientation="0.0" id="r1" custom="readingOrder {index:0;}">
            <Coords points="250,259 250,4179 2725,4179 2725,259"/>
            <TextLine id="r1l1" custom="readingOrder {index:0;}">
                <Coords points="1706,293 1783,318 1907,295 1949,314 2058,320 2146,289 2147,229 2115,242 2056,228 2028,250 1998,228 1964,227 1883,257 1744,233 1706,244"/>
                <Baseline points="1715,289 1741,288 1767,287 1794,287 1820,287 1846,288 1873,288 1899,289 1926,289 1952,290 1978,291 2005,291 2031,291 2057,291 2084,290 2110,289 2137,287"/>
                <TextEquiv>
                    <Unicode>box 22/9</Unicode>
                </TextEquiv>
            </TextLine>
            <TextLine id="r1l2" custom="readingOrder {index:1;}">
                <Coords points="241,282 1397,329 1537,313 1538,237 241,248"/>
                <Baseline points="250,279 313,285 377,290 441,295 505,298 569,301 633,303 696,305 760,307 824,307 888,307 952,307 1016,307 1080,307 1143,306 1207,306 1271,305 1335,305 1399,305 1463,305 1527,305"/>
                <TextEquiv>
                    <Unicode>17.3. Zun Krossen Wurstel</Unicode>
                </TextEquiv>
            </TextLine>
            <TextLine id="r1l3" custom="readingOrder {index:2;}">
                <Coords points="1651,491 2603,486 2716,458 2608,425 1651,446"/>
                <Baseline points="1660,482 1712,480 1764,478 1817,477 1869,475 1921,474 1974,473 2026,473 2078,472 2131,472 2183,471 2235,471 2288,471 2340,470 2392,470 2445,470 2497,470 2549,470 2602,470 2654,469 2707,469"/>
                <TextEquiv>
                    <Unicode>Liebe und Ehebruch handelt, in der ein Herzog und</Unicode>
                </TextEquiv>
            </TextLine>
            <TextLine id="r1l4" custom="readingOrder {index:3;}">
                <Coords points="1658,518 2721,507 2705,466 1658,491"/>
                <Baseline points="1667,521 1719,519 1771,518 1823,517 1876,516 1928,515 1980,515 2032,514 2085,514 2137,513 2189,513 2241,513 2294,512 2346,512 2398,512 2450,512 2503,512 2555,512 2607,511 2659,511 2712,511"/>
                <TextEquiv>
                    <Unicode>eine Herzogin, ein Klärchen und ein Brackenburg usw.</Unicode>
                </TextEquiv>
            </TextLine>
            <TextLine id="r1l5" custom="readingOrder {index:4;}">
                <Coords points="1665,579 2689,560 2728,515 1665,517"/>
                <Baseline points="1674,560 1726,559 1778,558 1830,557 1882,556 1935,556 1987,555 2039,555 2091,554 2143,554 2196,554 2248,553 2300,553 2352,553 2404,553 2457,552 2509,552 2561,552 2613,552 2665,552 2718,551"/>
                <TextEquiv>
                    <Unicode>auftreten, bis zum Schluß der Tod erscheint und der</Unicode>
                </TextEquiv>
            </TextLine>
            <TextLine id="r1l6" custom="readingOrder {index:5;}">
                <Coords points="1680,613 2395,591 2449,614 2686,596 2709,557 1680,564"/>
                <Baseline points="1690,599 1740,598 1790,597 1841,596 1891,595 1942,594 1992,594 2043,593 2093,593 2144,593 2194,593 2244,592 2295,592 2345,592 2396,591 2446,591 2497,591 2547,590 2598,589 2648,588 2699,588"/>
                <TextEquiv>
                    <Unicode>Sache ein Ende mit Schrecken bereitet. Das Publikum</Unicode>
                </TextEquiv>
            </TextLine>
            <TextLine id="r1l7" custom="readingOrder {index:6;}">
                <Coords points="1586,616 1602,617 1608,623 1627,606 1641,613 1650,610 1660,619 1671,619 1667,551 1656,550 1650,556 1641,554 1636,559 1630,553 1615,564 1606,560 1602,564 1583,564"/>
                <Baseline points="1594,600 1627,597 1660,596"/>
                <TextEquiv>
                    <Unicode>den</Unicode>
                </TextEquiv>
            </TextLine>
            <TextLine id="r1l8" custom="readingOrder {index:7;}">
                <Coords points="1663,631 2717,644 2716,578 2445,616 1662,593"/>
                <Baseline points="1673,642 1724,641 1776,641 1828,640 1879,639 1931,638 1983,637 2034,636 2086,635 2138,635 2190,634 2241,633 2293,632 2345,632 2396,631 2448,630 2500,630 2551,629 2603,629 2655,628 2707,628"/>
                <TextEquiv>
                    <Unicode>greift wiederholt in die Aktion ein, der „Dichter“ des</Unicode>
                </TextEquiv>
            </TextLine>
            <TextLine id="r1l9" custom="readingOrder {index:8;}">
                <Coords points="1511,642 1523,642 1526,646 1534,644 1541,650 1566,648 1579,654 1604,644 1617,648 1618,614 1597,611 1561,581 1553,583 1550,579 1528,595 1513,595"/>
                <Baseline points="1521,636 1550,635 1579,637 1608,639"/>
                <TextEquiv>
                    <Unicode>B.</Unicode>
                </TextEquiv>
            </TextLine>
            <TextLine id="r1l10" custom="readingOrder {index:9;}">
                <Coords points="935,659 971,656 986,665 995,657 1019,675 1101,659 1122,668 1151,646 1206,642 1204,584 1146,607 1135,598 1072,596 1055,585 1031,601 1016,594 1003,602 933,603"/>
                <Baseline points="945,649 970,650 995,650 1020,649 1045,648 1071,646 1096,644 1121,643 1146,643 1171,643 1197,646"/>
                <TextEquiv>
                    <Unicode>2.—5. Hatte.</Unicode>
                </TextEquiv>
            </TextLine>
            <TextLine id="r1l11" custom="readingOrder {index:10;}">
                <Coords points="1674,684 2579,686 2707,673 2707,643 1674,652"/>
                <Baseline points="1683,683 1733,682 1784,682 1835,681 1885,681 1936,680 1987,679 2037,678 2088,678 2139,677 2190,676 2240,675 2291,674 2342,673 2392,672 2443,671 2494,671 2544,669 2595,669 2646,668 2697,667"/>
                <TextEquiv>
                    <Unicode>Marionettentheaters gebärdet sich verzweifelt über die</Unicode>
                </TextEquiv>
            </TextLine>
            <TextLine id="r1l12" custom="readingOrder {index:11;}">
                <Coords points="1670,733 2697,721 2696,676 2660,671 1669,688"/>
                <Baseline points="1679,724 1729,724 1779,723 1830,723 1880,722 1931,722 1981,721 2031,720 2082,719 2132,719 2183,717 2233,717 2283,715 2334,714 2384,713 2435,712 2485,710 2535,709 2586,708 2636,706 2687,705"/>
                <TextEquiv>
                    <Unicode>Indolenz des Zuschauers wie des Direktors — da</Unicode>
                </TextEquiv>
            </TextLine>
            <TextLine id="r1l13" custom="readingOrder {index:12;}">
                <Coords points="697,733 1555,722 1554,673 1490,668 832,695 804,670 696,669"/>
                <Baseline points="707,723 748,722 790,722 832,722 874,722 916,722 958,721 1000,721 1042,721 1084,721 1126,721 1167,720 1209,720 1251,720 1293,719 1335,719 1377,718 1419,717 1461,716 1503,715 1545,714"/>
                <TextEquiv>
                    <Unicode>Unser Wiener Korrespondent schreibt uns:</Unicode>
                </TextEquiv>
            </TextLine>
            <TextLine id="r1l14" custom="readingOrder {index:13;}">
                <Coords points="1680,766 2686,763 2703,719 1679,732"/>
                <Baseline points="1689,761 1739,762 1789,763 1839,763 1889,762 1940,762 1990,762 2040,761 2090,760 2140,759 2191,758 2241,757 2291,756 2341,755 2391,754 2442,753 2492,752 2542,752 2592,751 2642,751 2693,751"/>
                <TextEquiv>
                    <Unicode>verdüstert sich plötzlich der Schauplatz, und in einen</Unicode>
                </TextEquiv>
            </TextLine>
            <TextLine id="r1l15" custom="readingOrder {index:14;}">
                <Coords points="701,747 775,777 1668,772 1668,721 1568,706 1307,739 701,732"/>
                <Baseline points="711,759 758,760 805,761 853,761 900,762 947,763 995,763 1042,764 1089,764 1137,764 1184,764 1231,764 1279,764 1326,763 1373,763 1421,762 1468,761 1515,760 1563,759 1610,759 1658,757"/>
                <TextEquiv>
                    <Unicode>Variatio delectat. Man muß es dem schneidigen</Unicode>
                </TextEquiv>
            </TextLine>
            <TextLine id="r1l16" custom="readingOrder {index:15;}">
                <Coords points="1672,800 2628,804 2705,795 2705,758 1672,771"/>
                <Baseline points="1681,800 1731,801 1782,801 1833,802 1883,802 1934,802 1985,801 2035,801 2086,800 2137,800 2188,799 2238,798 2289,798 2340,797 2390,796 2441,795 2492,794 2542,793 2593,792 2644,792 2695,791"/>
                <TextEquiv>
                    <Unicode>dunklen Mantel gehüllt, ein blankes Richtschwert in</Unicode>
                </TextEquiv>
            </TextLine>
            <TextLine id="r1l17" custom="readingOrder {index:16;}">
                <Coords points="635,819 1660,809 1660,769 635,779"/>
                <Baseline points="645,807 695,806 745,806 795,806 846,805 896,805 946,806 997,806 1047,806 1097,806 1148,806 1198,806 1248,806 1298,806 1349,805 1399,805 1449,804 1500,802 1550,801 1600,799 1651,797"/>
                <TextEquiv>
                    <Unicode>Leiter des Lustspieltheaters zubilligen, daß er es ver¬</Unicode>
                </TextEquiv>
            </TextLine>
            <TextLine id="r1l18" custom="readingOrder {index:17;}">
                <Coords points="1684,845 2709,833 2708,797 2652,790 1683,809"/>
                <Baseline points="1693,841 1743,841 1793,840 1844,840 1894,840 1944,840 1995,840 2045,839 2095,839 2146,839 2196,838 2246,838 2297,837 2347,837 2397,836 2448,836 2498,835 2548,834 2599,833 2649,833 2700,832"/>
                <TextEquiv>
                    <Unicode>Händen, erscheint ein „Unbekannter“, eine Art Symbol</Unicode>
                </TextEquiv>
            </TextLine>
            <TextLine id="r1l19" custom="readingOrder {index:18;}">
                <Coords points="636,855 1645,852 1665,808 636,823"/>
                <Baseline points="646,849 696,848 747,848 797,848 848,847 898,847 949,847 999,847 1050,847 1100,846 1151,846 1201,846 1252,846 1302,845 1353,845 1403,844 1454,844 1504,843 1555,842 1605,841 1656,839"/>
                <TextEquiv>
                    <Unicode>steht, sich nicht nur ein literarisches Repertoire zu</Unicode>
                </TextEquiv>
            </TextLine>
            <TextLine id="r1l20" custom="readingOrder {index:19;}">
                <Coords points="1680,888 2666,900 2713,889 2713,832 2638,859 1680,847"/>
                <Baseline points="1690,883 1740,883 1791,883 1842,883 1892,883 1943,883 1994,882 2044,882 2095,881 2146,880 2197,880 2247,879 2298,878 2349,877 2399,876 2450,876 2501,875 2551,875 2602,875 2653,874 2704,875"/>
                <TextEquiv>
                    <Unicode>des Weltgerichtes, um den Sinn des Ganzen zu</Unicode>
                </TextEquiv>
            </TextLine>
            <TextLine id="r1l21" custom="readingOrder {index:20;}">
                <Coords points="633,895 1647,893 1666,849 633,857"/>
                <Baseline points="643,893 693,891 744,889 795,888 845,887 896,887 947,886 997,886 1048,887 1099,887 1150,887 1200,887 1251,887 1302,887 1352,886 1403,886 1454,884 1504,883 1555,881 1606,878 1657,875"/>
                <TextEquiv>
                    <Unicode>schaffen, sondern daß er auch sozusagen den Steinen</Unicode>
                </TextEquiv>
            </TextLine>
            <TextLine id="r1l22" custom="readingOrder {index:21;}">
                <Coords points="1689,944 1735,935 1746,941 1766,927 1840,933 1855,924 1870,924 1870,905 1857,901 1844,907 1827,892 1804,897 1789,895 1780,886 1755,884 1721,894 1689,894"/>
                <Baseline points="1699,923 1726,922 1753,921 1780,921 1807,921 1834,922 1861,923"/>
                <TextEquiv>
                    <Unicode>erklären.</Unicode>
                </TextEquiv>
            </TextLine>
            <TextLine id="r1l23" custom="readingOrder {index:22;}">
                <Coords points="639,929 1674,927 1673,889 1589,882 639,893"/>
                <Baseline points="649,930 699,929 750,929 801,928 852,928 903,927 953,927 1004,927 1055,926 1106,926 1157,926 1207,925 1258,925 1309,924 1360,924 1411,923 1461,923 1512,922 1563,921 1614,920 1665,918"/>
                <TextEquiv>
                    <Unicode>die richtige Fassung zu geben vermag. Auf der kleinen</Unicode>
                </TextEquiv>
            </TextLine>
            <TextLine id="r1l24" custom="readingOrder {index:23;}">
                <Coords points="1727,963 2683,970 2713,927 2669,899 2447,938 2129,909 1727,931"/>
                <Baseline points="1736,963 1784,963 1832,964 1881,965 1929,965 1978,965 2026,965 2074,964 2123,964 2171,963 2220,963 2268,962 2316,962 2365,961 2413,961 2462,960 2510,960 2558,960 2607,960 2655,960 2704,961"/>
                <TextEquiv>
                    <Unicode>Schnitzler hat in diesem bizarren, eigentümlich</Unicode>
                </TextEquiv>
            </TextLine>
            <TextLine id="r1l25" custom="readingOrder {index:24;}">
                <Coords points="650,979 1664,972 1674,923 649,937"/>
                <Baseline points="659,972 709,970 759,969 809,968 860,967 910,966 960,965 1011,965 1061,965 1111,965 1162,965 1212,965 1262,965 1312,965 1363,965 1413,964 1463,964 1514,963 1564,962 1614,960 1665,958"/>
                <TextEquiv>
                    <Unicode>Praterbühne, die bis vor kurzem noch hauptsächlich</Unicode>
                </TextEquiv>
            </TextLine>
            <TextLine id="r1l26" custom="readingOrder {index:25;}">
                <Coords points="1688,1015 2704,1004 2703,964 1688,976"/>
                <Baseline points="1697,1007 1746,1006 1796,1005 1846,1005 1896,1004 1946,1004 1996,1004 2045,1004 2095,1004 2145,1004 2195,1005 2245,1005 2295,1004 2345,1004 2394,1004 2444,1003 2494,1003 2544,1001 2594,1000 2644,999 2694,996"/>
                <TextEquiv>
                    <Unicode>packenden Einfall ausdrücken wollen, wie das ganze</Unicode>
                </TextEquiv>
            </TextLine>
            <TextLine id="r1l27" custom="readingOrder {index:26;}">
                <Coords points="644,1022 1617,1014 1673,1008 1673,972 644,990"/>
                <Baseline points="653,1012 703,1011 754,1010 804,1009 855,1008 905,1007 956,1007 1006,1007 1057,1006 1107,1006 1158,1006 1208,1006 1259,1006 1309,1005 1360,1005 1410,1005 1461,1004 1511,1004 1562,1003 1612,1002 1663,1001"/>
                <TextEquiv>
                    <Unicode>auf die rohen Instinkte der Massen spekulierte, wird</Unicode>
                </TextEquiv>
            </TextLine>
            <TextLine id="r1l28" custom="readingOrder {index:27;}">
                <Coords points="1688,1054 2706,1040 2705,1005 2666,999 1688,1016"/>
                <Baseline points="1698,1050 1747,1048 1797,1047 1847,1046 1897,1046 1947,1045 1997,1045 2047,1045 2097,1045 2147,1046 2197,1046 2246,1046 2296,1046 2346,1046 2396,1045 2446,1045 2496,1044 2546,1042 2596,1040 2646,1038 2696,1035"/>
                <TextEquiv>
                    <Unicode>Leben nur ein Komödienspiel ist, wie wir alle, Große</Unicode>
                </TextEquiv>
            </TextLine>
            <TextLine id="r1l29" custom="readingOrder {index:28;}">
                <Coords points="648,1063 1673,1051 1654,1004 647,1019"/>
                <Baseline points="657,1057 707,1054 757,1052 808,1050 858,1049 908,1048 959,1047 1009,1046 1059,1046 1110,1045 1160,1045 1210,1045 1261,1045 1311,1045 1361,1045 1412,1045 1462,1045 1512,1045 1563,1044 1613,1044 1664,1043"/>
                <TextEquiv>
                    <Unicode>jetzt gar oft wirklich dichterischen Gebilden Leben und</Unicode>
                </TextEquiv>
            </TextLine>
            <TextLine id="r1l30" custom="readingOrder {index:29;}">
                <Coords points="1678,1108 2683,1091 2711,1031 2314,1066 1678,1049"/>
                <Baseline points="1687,1089 1737,1089 1788,1089 1839,1088 1889,1088 1940,1088 1991,1088 2041,1087 2092,1087 2143,1087 2194,1087 2244,1086 2295,1086 2346,1086 2396,1085 2447,1085 2498,1084 2548,1084 2599,1083 2650,1082 2701,1081"/>
                <TextEquiv>
                    <Unicode>und Kleine, Dichter, Zuschauer, Darsteller, Erfolg¬</Unicode>
                </TextEquiv>
            </TextLine>
            <TextLine id="r1l31" custom="readingOrder {index:30;}">
                <Coords points="637,1082 683,1108 1164,1108 1537,1080 1536,1050 1497,1047 637,1065"/>
                <Baseline points="647,1095 691,1094 735,1093 779,1092 823,1091 867,1090 911,1090 955,1089 999,1089 1043,1089 1087,1089 1131,1088 1175,1088 1219,1088 1263,1088 1307,1088 1351,1088 1395,1087 1439,1087 1483,1086 1527,1085"/>
                <TextEquiv>
                    <Unicode>Ausdruck gegeben. Und welche Vielseitigkeit!</Unicode>
                </TextEquiv>
            </TextLine>
            <TextLine id="r1l32" custom="readingOrder {index:31;}">
                <Coords points="1684,1139 2653,1129 2720,1121 2720,1087 1684,1102"/>
                <Baseline points="1693,1130 1743,1129 1794,1129 1845,1128 1896,1127 1947,1127 1998,1126 2048,1125 2099,1125 2150,1124 2201,1124 2252,1123 2303,1123 2354,1123 2404,1122 2455,1122 2506,1122 2557,1122 2608,1122 2659,1122 2710,1122"/>
                <TextEquiv>
                    <Unicode>gekrönte und Unglückliche, nur Marionetten sind in der</Unicode>
                </TextEquiv>
            </TextLine>
            <TextLine id="r1l33" custom="readingOrder {index:32;}">
                <Coords points="706,1134 1675,1139 1675,1080 1562,1107 706,1104"/>
                <Baseline points="715,1130 762,1130 810,1131 857,1131 905,1131 952,1131 1000,1131 1047,1131 1095,1131 1142,1130 1190,1130 1237,1130 1285,1129 1332,1129 1380,1129 1427,1128 1475,1128 1522,1127 1570,1127 1617,1126 1665,1125"/>
                <TextEquiv>
                    <Unicode>Alt=Rom und Jung=Wien, dazwischen auch</Unicode>
                </TextEquiv>
            </TextLine>
            <TextLine id="r1l34" custom="readingOrder {index:33;}">
                <Coords points="1682,1172 2715,1160 2714,1120 1682,1136"/>
                <Baseline points="1691,1170 1741,1170 1792,1169 1843,1169 1894,1168 1944,1168 1995,1168 2046,1167 2097,1167 2147,1166 2198,1166 2249,1165 2300,1164 2350,1164 2401,1163 2452,1162 2503,1162 2553,1161 2604,1160 2655,1159 2706,1158"/>
                <TextEquiv>
                    <Unicode>Hand des Zufalls... Freilich kommt die Absicht trotz</Unicode>
                </TextEquiv>
            </TextLine>
            <TextLine id="r1l35" custom="readingOrder {index:34;}">
                <Coords points="639,1185 1664,1177 1675,1138 638,1136"/>
                <Baseline points="647,1175 697,1174 748,1173 799,1173 850,1172 901,1171 952,1171 1003,1170 1054,1170 1105,1170 1156,1169 1206,1169 1257,1169 1308,1169 1359,1169 1410,1169 1461,1168 1512,1168 1563,1167 1614,1167 1665,1166"/>
                <TextEquiv>
                    <Unicode>Jung=Berlin, ein merkwürdiges Dreigespann,</Unicode>
                </TextEquiv>
            </TextLine>
            <TextLine id="r1l36" custom="readingOrder {index:35;}">
                <Coords points="1681,1211 2670,1213 2700,1169 1680,1175"/>
                <Baseline points="1691,1210 1743,1211 1796,1210 1848,1210 1901,1210 1953,1209 2006,1209 2059,1208 2111,1207 2164,1207 2216,1206 2269,1205 2321,1204 2374,1203 2427,1202 2479,1202 2532,1201 2584,1200 2637,1200 2690,1199"/>
                <TextEquiv>
                    <Unicode>der ausgezeichneten, farbenreichen Darstellung nicht</Unicode>
                </TextEquiv>
            </TextLine>
            <TextLine id="r1l37" custom="readingOrder {index:36;}">
                <Coords points="636,1231 1674,1215 1674,1176 636,1184"/>
                <Baseline points="645,1219 696,1217 747,1216 798,1215 849,1214 900,1213 951,1212 1002,1212 1053,1211 1104,1211 1155,1211 1206,1211 1257,1210 1308,1210 1359,1210 1410,1210 1461,1210 1512,1210 1563,1209 1614,1209 1665,1209"/>
                <TextEquiv>
                    <Unicode>werden an dem morgigen „literarischen Abend“ vor</Unicode>
                </TextEquiv>
            </TextLine>
            <TextLine id="r1l38" custom="readingOrder {index:37;}">
                <Coords points="1684,1271 2713,1247 2712,1201 1683,1222"/>
                <Baseline points="1694,1256 1744,1254 1794,1252 1845,1251 1895,1250 1946,1249 1996,1248 2047,1248 2097,1247 2148,1247 2198,1247 2248,1246 2299,1246 2349,1246 2400,1245 2450,1244 2501,1243 2551,1241 2602,1240 2652,1238 2703,1235"/>
                <TextEquiv>
                    <Unicode>ganz zum Ausdruck, so pointiert auch die Worte des</Unicode>
                </TextEquiv>
            </TextLine>
            <TextLine id="r1l39" custom="readingOrder {index:38;}">
                <Coords points="641,1275 1615,1258 1679,1249 1679,1217 641,1230"/>
                <Baseline points="651,1259 701,1257 752,1256 803,1255 854,1254 905,1253 956,1252 1007,1252 1058,1251 1109,1251 1160,1251 1210,1251 1261,1251 1312,1250 1363,1250 1414,1250 1465,1249 1516,1248 1567,1248 1618,1246 1669,1245"/>
                <TextEquiv>
                    <Unicode>dem Thespiskarren des Lustspieltheaters erscheinen.</Unicode>
                </TextEquiv>
            </TextLine>
            <TextLine id="r1l40" custom="readingOrder {index:39;}">
                <Coords points="1691,1307 2709,1290 2708,1253 2633,1239 1691,1275"/>
                <Baseline points="1701,1295 1750,1293 1800,1292 1850,1291 1900,1290 1950,1289 2000,1289 2050,1288 2100,1287 2150,1287 2200,1287 2249,1286 2299,1286 2349,1285 2399,1285 2449,1285 2499,1284 2549,1284 2599,1283 2649,1282 2699,1281"/>
                <TextEquiv>
                    <Unicode>„Unbekannten“, welchen Direktor Jarno darstellt,</Unicode>
                </TextEquiv>
            </TextLine>
            <TextLine id="r1l41" custom="readingOrder {index:40;}">
                <Coords points="645,1297 1652,1298 1670,1250 645,1271"/>
                <Baseline points="655,1301 705,1299 755,1297 805,1295 856,1294 906,1293 956,1293 1007,1292 1057,1292 1107,1293 1158,1293 1208,1293 1258,1293 1308,1294 1359,1293 1409,1293 1459,1293 1510,1292 1560,1290 1610,1289 1661,1286"/>
                <TextEquiv>
                    <Unicode>Die von Paul Lindau so glücklich, mit so viel</Unicode>
                </TextEquiv>
            </TextLine>
            <TextLine id="r1l42" custom="readingOrder {index:41;}">
                <Coords points="1684,1343 2646,1337 2715,1304 1684,1309"/>
                <Baseline points="1693,1337 1743,1335 1794,1333 1844,1332 1895,1331 1946,1331 1996,1330 2047,1330 2097,1330 2148,1330 2199,1329 2249,1329 2300,1329 2350,1329 2401,1328 2452,1328 2502,1327 2553,1326 2603,1325 2654,1323 2705,1321"/>
                <TextEquiv>
                    <Unicode>gebracht werden. Den Direktor und den Dichter</Unicode>
                </TextEquiv>
            </TextLine>
            <TextLine id="r1l43" custom="readingOrder {index:42;}">
                <Coords points="644,1341 1670,1336 1669,1296 1601,1287 644,1298"/>
                <Baseline points="653,1342 703,1340 753,1337 804,1336 854,1335 905,1334 955,1333 1005,1333 1056,1333 1106,1333 1157,1333 1207,1333 1257,1333 1308,1333 1358,1333 1409,1332 1459,1332 1509,1331 1560,1330 1610,1328 1661,1326"/>
                <TextEquiv>
                    <Unicode>feinem Verständnis und Geschmack dramatisierte</Unicode>
                </TextEquiv>
            </TextLine>
            <TextLine id="r1l44" custom="readingOrder {index:43;}">
                <Coords points="1687,1389 1847,1361 2248,1385 2289,1358 2528,1385 2706,1370 2706,1332 1686,1344"/>
                <Baseline points="1697,1376 1747,1375 1797,1375 1847,1374 1897,1374 1947,1374 1997,1373 2047,1373 2097,1373 2147,1373 2197,1372 2247,1372 2297,1372 2347,1371 2397,1370 2447,1369 2497,1368 2547,1367 2597,1365 2647,1363 2697,1361"/>
                <TextEquiv>
                    <Unicode>spielen die Herren Hofer und Sekler sehr</Unicode>
                </TextEquiv>
            </TextLine>
            <TextLine id="r1l45" custom="readingOrder {index:44;}">
                <Coords points="639,1382 1689,1374 1673,1334 639,1355"/>
                <Baseline points="648,1377 699,1377 751,1377 802,1376 854,1376 906,1375 957,1375 1009,1375 1060,1374 1112,1374 1164,1373 1215,1373 1267,1372 1318,1372 1370,1372 1422,1371 1473,1371 1525,1371 1576,1370 1628,1370 1680,1370"/>
                <TextEquiv>
                    <Unicode>Satire des Lucian „Die Fahrt über den</Unicode>
                </TextEquiv>
            </TextLine>
            <TextLine id="r1l46" custom="readingOrder {index:45;}">
                <Coords points="1189,1412 2713,1410 2712,1370 2598,1363 1189,1382"/>
                <Baseline points="1199,1416 1274,1415 1349,1414 1424,1414 1499,1413 1575,1413 1650,1414 1725,1414 1800,1414 1875,1415 1951,1415 2026,1415 2101,1415 2176,1415 2251,1415 2327,1414 2402,1413 2477,1411 2552,1409 2627,1406 2703,1403"/>
                <TextEquiv>
                    <Unicode>Sie wissen ja aus der charakteristisch, und von den Mitwirkenden auf dem</Unicode>
                </TextEquiv>
            </TextLine>
            <TextLine id="r1l47" custom="readingOrder {index:46;}">
                <Coords points="645,1430 918,1430 948,1415 1163,1433 1195,1418 1193,1387 1116,1389 1099,1374 944,1392 911,1375 645,1383"/>
                <Baseline points="655,1416 681,1415 708,1415 734,1415 761,1415 787,1415 814,1415 840,1415 867,1415 893,1415 920,1415 947,1415 973,1415 1000,1416 1026,1416 1053,1416 1079,1416 1106,1417 1132,1417 1159,1417 1186,1417"/>
                <TextEquiv>
                    <Unicode>Styx“ macht den Anfang.</Unicode>
                </TextEquiv>
            </TextLine>
            <TextLine id="r1l48" custom="readingOrder {index:47;}">
                <Coords points="1690,1460 2715,1454 2686,1407 1689,1416"/>
                <Baseline points="1699,1454 1749,1454 1799,1454 1849,1454 1900,1454 1950,1454 2000,1454 2051,1454 2101,1454 2151,1454 2202,1454 2252,1453 2302,1453 2352,1452 2403,1452 2453,1450 2503,1449 2554,1448 2604,1447 2654,1445 2705,1442"/>
                <TextEquiv>
                    <Unicode>Marionettentheater sind die Damen Henrici und</Unicode>
                </TextEquiv>
            </TextLine>
            <TextLine id="r1l49" custom="readingOrder {index:48;}">
                <Coords points="645,1459 1520,1469 1680,1456 1680,1416 645,1431"/>
                <Baseline points="655,1463 705,1462 756,1461 807,1460 858,1460 909,1459 959,1459 1010,1458 1061,1458 1112,1458 1163,1457 1213,1457 1264,1456 1315,1456 1366,1455 1417,1455 1467,1454 1518,1453 1569,1452 1620,1452 1671,1451"/>
                <TextEquiv>
                    <Unicode>trefflichen Darbietung, welche das Werk unter Lindaus</Unicode>
                </TextEquiv>
            </TextLine>
            <TextLine id="r1l50" custom="readingOrder {index:49;}">
                <Coords points="1688,1510 2059,1483 2654,1517 2714,1490 2713,1454 2655,1449 1688,1467"/>
                <Baseline points="1698,1496 1748,1495 1798,1495 1849,1494 1899,1494 1949,1494 2000,1494 2050,1493 2100,1493 2151,1493 2201,1493 2251,1493 2302,1492 2352,1492 2402,1491 2453,1490 2503,1489 2553,1488 2604,1486 2654,1484 2705,1481"/>
                <TextEquiv>
                    <Unicode>Rona sowie die Herren Guttmann, Skoda</Unicode>
                </TextEquiv>
            </TextLine>
            <TextLine id="r1l51" custom="readingOrder {index:50;}">
                <Coords points="649,1502 1326,1498 1359,1524 1684,1497 1683,1452 649,1471"/>
                <Baseline points="659,1505 709,1504 760,1503 811,1502 862,1502 913,1501 963,1501 1014,1500 1065,1499 1116,1499 1167,1499 1217,1498 1268,1498 1319,1497 1370,1497 1421,1496 1471,1495 1522,1495 1573,1494 1624,1493 1675,1491"/>
                <TextEquiv>
                    <Unicode>Direktion und Regie im „Berliner Theater“ gefunden</Unicode>
                </TextEquiv>
            </TextLine>
            <TextLine id="r1l52" custom="readingOrder {index:51;}">
                <Coords points="1697,1567 2086,1530 2502,1549 2593,1539 2613,1501 2060,1483 2007,1508 1697,1509"/>
                <Baseline points="1706,1536 1750,1536 1795,1536 1840,1536 1885,1536 1930,1535 1975,1535 2019,1535 2064,1535 2109,1535 2154,1535 2199,1535 2244,1534 2289,1534 2333,1533 2378,1532 2423,1532 2468,1531 2513,1529 2558,1528 2603,1527"/>
                <TextEquiv>
                    <Unicode>und Straßni mit Anerkennung zu erwähnen.</Unicode>
                </TextEquiv>
            </TextLine>
            <TextLine id="r1l53" custom="readingOrder {index:52;}">
                <Coords points="645,1553 1685,1540 1684,1497 1357,1524 1315,1498 644,1506"/>
                <Baseline points="653,1545 704,1545 755,1544 806,1544 857,1544 908,1543 959,1542 1010,1542 1061,1541 1112,1540 1164,1540 1215,1539 1266,1538 1317,1537 1368,1536 1419,1536 1470,1535 1521,1534 1572,1533 1623,1532 1675,1531"/>
                <TextEquiv>
                    <Unicode>hat, welch' düstere Stimmung, welch heilige Schauer</Unicode>
                </TextEquiv>
            </TextLine>
            <TextLine id="r1l54" custom="readingOrder {index:53;}">
                <Coords points="2509,1566 2554,1583 2561,1576 2576,1576 2584,1582 2593,1572 2614,1574 2620,1580 2631,1578 2642,1567 2656,1569 2656,1532 2628,1522 2616,1531 2607,1525 2594,1538 2567,1540 2541,1530 2524,1540 2509,1538"/>
                <Baseline points="2518,1563 2543,1566 2569,1568 2594,1567 2620,1567 2646,1565"/>
                <TextEquiv>
                    <Unicode>S. L.</Unicode>
                </TextEquiv>
            </TextLine>
            <TextLine id="r1l55" custom="readingOrder {index:54;}">
                <Coords points="642,1576 1579,1591 1686,1579 1686,1537 642,1551"/>
                <Baseline points="652,1586 703,1585 754,1584 805,1583 857,1583 908,1582 959,1582 1010,1581 1062,1581 1113,1581 1164,1580 1215,1580 1267,1579 1318,1579 1369,1578 1420,1578 1472,1577 1523,1577 1574,1576 1625,1575 1677,1574"/>
                <TextEquiv>
                    <Unicode>und daneben wieder welch' wirksame parodistische</Unicode>
                </TextEquiv>
            </TextLine>
            <TextLine id="r1l56" custom="readingOrder {index:55;}">
                <Coords points="1729,1625 2607,1623 2729,1607 2731,1575 1728,1578"/>
                <Baseline points="1737,1612 1786,1614 1835,1616 1884,1617 1933,1619 1983,1619 2032,1619 2081,1619 2130,1619 2179,1618 2229,1618 2278,1617 2327,1616 2376,1615 2425,1613 2475,1612 2524,1611 2573,1610 2622,1609 2671,1609 2721,1608"/>
                <TextEquiv>
                    <Unicode>Ueber die Aufnahme, welche die besprochenen!</Unicode>
                </TextEquiv>
            </TextLine>
            <TextLine id="r1l57" custom="readingOrder {index:56;}">
                <Coords points="653,1623 1483,1638 1686,1623 1686,1579 653,1582"/>
                <Baseline points="662,1630 712,1628 763,1626 814,1624 865,1623 915,1622 966,1622 1017,1621 1068,1621 1118,1621 1169,1621 1220,1621 1271,1621 1321,1621 1372,1620 1423,1620 1474,1619 1524,1619 1575,1617 1626,1617 1677,1615"/>
                <TextEquiv>
                    <Unicode>Elemente in dieser Satire gepaart sind. Auch</Unicode>
                </TextEquiv>
            </TextLine>
            <TextLine id="r1l58" custom="readingOrder {index:57;}">
                <Coords points="1690,1674 2721,1645 2687,1613 1690,1617"/>
                <Baseline points="1699,1659 1749,1659 1800,1659 1850,1659 1901,1659 1952,1659 2002,1659 2053,1659 2103,1659 2154,1659 2205,1659 2255,1658 2306,1658 2356,1657 2407,1657 2458,1656 2508,1654 2559,1653 2609,1651 2660,1649 2711,1647"/>
                <TextEquiv>
                    <Unicode>Werke bei ihrer gestrigen Erstaufführung im Lustspiel¬</Unicode>
                </TextEquiv>
            </TextLine>
            <TextLine id="r1l59" custom="readingOrder {index:58;}">
                <Coords points="646,1677 1681,1660 1680,1625 1537,1617 646,1634"/>
                <Baseline points="656,1667 706,1666 757,1666 808,1665 859,1665 910,1664 960,1664 1011,1664 1062,1663 1113,1663 1164,1662 1214,1662 1265,1662 1316,1661 1367,1660 1418,1660 1468,1659 1519,1658 1570,1657 1621,1656 1672,1654"/>
                <TextEquiv>
                    <Unicode>auf der Praterbühne des Direktor Jarno</Unicode>
                </TextEquiv>
            </TextLine>
            <TextLine id="r1l60" custom="readingOrder {index:59;}">
                <Coords points="1699,1708 2371,1693 2446,1717 2717,1687 2716,1644 1699,1667"/>
                <Baseline points="1708,1704 1760,1703 1813,1702 1865,1701 1918,1701 1970,1701 2023,1700 2076,1700 2128,1700 2181,1700 2233,1700 2286,1700 2338,1700 2391,1699 2444,1698 2496,1697 2549,1695 2601,1693 2654,1690 2707,1687"/>
                <TextEquiv>
                    <Unicode>theater fanden, berichtet uns eine Depesche unseres</Unicode>
                </TextEquiv>
            </TextLine>
            <TextLine id="r1l61" custom="readingOrder {index:60;}">
                <Coords points="1302,1705 1328,1716 1339,1706 1569,1714 1653,1703 1670,1715 1682,1713 1681,1660 1649,1656 1623,1672 1566,1663 1536,1674 1487,1660 1416,1675 1361,1664 1301,1671"/>
                <Baseline points="1311,1700 1336,1700 1362,1700 1388,1700 1414,1699 1440,1699 1466,1699 1492,1699 1517,1699 1543,1698 1569,1698 1595,1698 1621,1698 1647,1697 1673,1697"/>
                <TextEquiv>
                    <Unicode>sehr eindrucksvoll.</Unicode>
                </TextEquiv>
            </TextLine>
            <TextLine id="r1l62" custom="readingOrder {index:61;}">
                <Coords points="651,1710 859,1721 1040,1698 1072,1717 1283,1715 1282,1670 752,1665 650,1689"/>
                <Baseline points="659,1707 689,1708 720,1708 751,1708 782,1708 812,1708 843,1708 874,1708 905,1707 935,1707 966,1707 997,1706 1028,1706 1058,1706 1089,1705 1120,1705 1151,1704 1181,1704 1212,1703 1243,1703 1274,1702"/>
                <TextEquiv>
                    <Unicode>erweist sich das Werk als</Unicode>
                </TextEquiv>
            </TextLine>
            <TextLine id="r1l63" custom="readingOrder {index:62;}">
                <Coords points="1692,1750 2693,1743 2719,1688 2446,1717 2361,1692 1692,1708"/>
                <Baseline points="1702,1745 1752,1744 1802,1742 1853,1742 1903,1741 1953,1741 2004,1740 2054,1740 2104,1740 2155,1740 2205,1740 2255,1740 2306,1740 2356,1739 2406,1739 2457,1738 2507,1737 2557,1736 2608,1734 2658,1732 2709,1729"/>
                <TextEquiv>
                    <Unicode>Korrespondenten: In der „Fahrt über den</Unicode>
                </TextEquiv>
            </TextLine>
            <TextLine id="r1l64" custom="readingOrder {index:63;}">
                <Coords points="642,1759 1677,1748 1654,1704 642,1716"/>
                <Baseline points="651,1755 701,1753 752,1751 803,1750 854,1748 905,1747 955,1746 1006,1745 1057,1745 1108,1744 1159,1744 1209,1744 1260,1743 1311,1743 1362,1742 1413,1742 1463,1741 1514,1740 1565,1739 1616,1738 1667,1737"/>
                <TextEquiv>
                    <Unicode>Jarno hat ein kleines Meisterstück der Stimmungs¬</Unicode>
                </TextEquiv>
            </TextLine>
            <TextLine id="r1l65" custom="readingOrder {index:64;}">
                <Coords points="1699,1788 2713,1790 2713,1738 1699,1750"/>
                <Baseline points="1708,1783 1757,1783 1807,1783 1857,1782 1907,1782 1956,1782 2006,1782 2056,1782 2106,1781 2155,1781 2205,1781 2255,1780 2305,1779 2354,1779 2404,1778 2454,1777 2504,1776 2553,1775 2603,1774 2653,1773 2703,1772"/>
                <TextEquiv>
                    <Unicode>Styx“ haben Frau Joseffy und die Herren</Unicode>
                </TextEquiv>
            </TextLine>
            <TextLine id="r1l66" custom="readingOrder {index:65;}">
                <Coords points="638,1791 1656,1793 1678,1747 638,1772"/>
                <Baseline points="647,1793 698,1792 749,1791 800,1790 851,1789 902,1789 953,1788 1004,1788 1055,1788 1106,1787 1158,1787 1209,1787 1260,1787 1311,1786 1362,1785 1413,1785 1464,1784 1515,1783 1566,1781 1617,1779 1669,1777"/>
                <TextEquiv>
                    <Unicode>malerei in seiner Inszenierung geboten. Es ist Ton</Unicode>
                </TextEquiv>
            </TextLine>
            <TextLine id="r1l67" custom="readingOrder {index:66;}">
                <Coords points="1690,1840 2711,1823 2710,1777 1689,1793"/>
                <Baseline points="1698,1827 1748,1826 1798,1825 1848,1824 1898,1824 1948,1823 1998,1823 2049,1822 2099,1822 2149,1822 2199,1821 2249,1821 2299,1820 2349,1820 2400,1819 2450,1818 2500,1817 2550,1816 2600,1814 2650,1812 2701,1810"/>
                <TextEquiv>
                    <Unicode>Guttmann, Valberg und Dumont außer¬</Unicode>
                </TextEquiv>
            </TextLine>
            <TextLine id="r1l68" custom="readingOrder {index:67;}">
                <Coords points="647,1836 1678,1837 1678,1792 647,1799"/>
                <Baseline points="657,1833 707,1832 758,1831 808,1830 859,1829 910,1829 960,1828 1011,1828 1061,1827 1112,1827 1163,1827 1213,1827 1264,1827 1314,1826 1365,1826 1416,1826 1466,1825 1517,1825 1567,1824 1618,1823 1669,1822"/>
                <TextEquiv>
                    <Unicode>und Farbe in den Szenen am Styx, ein gedämpfter,</Unicode>
                </TextEquiv>
            </TextLine>
            <TextLine id="r1l69" custom="readingOrder {index:68;}">
                <Coords points="1692,1876 2714,1860 2653,1818 1692,1835"/>
                <Baseline points="1702,1866 1752,1867 1802,1867 1852,1867 1902,1866 1952,1866 2002,1865 2053,1864 2103,1863 2153,1862 2203,1861 2253,1860 2303,1859 2353,1858 2404,1857 2454,1856 2504,1855 2554,1855 2604,1855 2654,1855 2705,1855"/>
                <TextEquiv>
                    <Unicode>ordentlich gewirkt, doch hat das Stück auch Opposition</Unicode>
                </TextEquiv>
            </TextLine>
            <TextLine id="r1l70" custom="readingOrder {index:69;}">
                <Coords points="645,1871 1599,1879 1672,1867 1672,1831 644,1849"/>
                <Baseline points="654,1876 704,1874 754,1872 805,1871 855,1870 906,1869 956,1869 1007,1869 1057,1869 1108,1869 1158,1869 1208,1869 1259,1869 1309,1869 1360,1869 1410,1868 1461,1867 1511,1866 1562,1864 1612,1861 1663,1858"/>
                <TextEquiv>
                    <Unicode>niemals vorlauter Ton der Heiterkeit in den Vor¬</Unicode>
                </TextEquiv>
            </TextLine>
            <TextLine id="r1l71" custom="readingOrder {index:70;}">
                <Coords points="1698,1920 2716,1917 2729,1870 1698,1877"/>
                <Baseline points="1707,1908 1757,1908 1808,1908 1858,1907 1909,1907 1960,1906 2010,1905 2061,1904 2111,1904 2162,1903 2213,1902 2263,1901 2314,1900 2364,1899 2415,1899 2466,1898 2516,1898 2567,1898 2617,1898 2668,1898 2719,1899"/>
                <TextEquiv>
                    <Unicode>gefunden. „Mamzell Courasche“ verdankt viel</Unicode>
                </TextEquiv>
            </TextLine>
            <TextLine id="r1l72" custom="readingOrder {index:71;}">
                <Coords points="648,1918 1527,1920 1673,1907 1673,1872 648,1880"/>
                <Baseline points="657,1917 707,1916 757,1914 808,1913 858,1912 908,1911 959,1911 1009,1910 1059,1910 1110,1910 1160,1910 1210,1910 1261,1909 1311,1909 1361,1909 1412,1908 1462,1908 1512,1907 1563,1905 1613,1904 1664,1902"/>
                <TextEquiv>
                    <Unicode>gängen vor dem Richterstuhle des Rhadamant. Um</Unicode>
                </TextEquiv>
            </TextLine>
            <TextLine id="r1l73" custom="readingOrder {index:72;}">
                <Coords points="1692,1963 2533,1940 2725,1966 2700,1902 1691,1920"/>
                <Baseline points="1701,1948 1751,1948 1802,1948 1853,1948 1903,1948 1954,1948 2005,1947 2055,1947 2106,1946 2157,1945 2208,1945 2258,1944 2309,1943 2360,1942 2410,1942 2461,1941 2512,1940 2562,1939 2613,1939 2664,1938 2715,1938"/>
                <TextEquiv>
                    <Unicode>von ihrem unbestrittenen Erfolg der befriedigenden</Unicode>
                </TextEquiv>
            </TextLine>
            <TextLine id="r1l74" custom="readingOrder {index:73;}">
                <Coords points="649,1952 1640,1960 1672,1952 1672,1907 649,1920"/>
                <Baseline points="658,1953 708,1952 758,1951 808,1951 859,1951 909,1951 959,1951 1009,1952 1060,1952 1110,1953 1160,1954 1210,1954 1261,1954 1311,1954 1361,1953 1411,1952 1462,1951 1512,1949 1562,1947 1612,1944 1663,1940"/>
                <TextEquiv>
                    <Unicode>die sehr achtenswerte Darstellung hat sich besonders</Unicode>
                </TextEquiv>
            </TextLine>
            <TextLine id="r1l75" custom="readingOrder {index:74;}">
                <Coords points="1690,1999 2587,1998 2716,1958 1689,1964"/>
                <Baseline points="1699,1991 1749,1991 1799,1990 1850,1990 1900,1989 1951,1989 2001,1989 2051,1988 2102,1988 2152,1987 2203,1986 2253,1986 2303,1985 2354,1984 2404,1983 2455,1982 2505,1980 2555,1979 2606,1978 2656,1975 2707,1973"/>
                <TextEquiv>
                    <Unicode>guten Darstellung der Herren Bulß, Landa¬</Unicode>
                </TextEquiv>
            </TextLine>
            <TextLine id="r1l76" custom="readingOrder {index:75;}">
                <Coords points="642,2015 1668,1999 1679,1950 642,1951"/>
                <Baseline points="651,1999 701,1996 752,1995 803,1993 854,1993 905,1992 956,1992 1007,1993 1058,1993 1109,1994 1160,1994 1210,1995 1261,1995 1312,1995 1363,1995 1414,1994 1465,1993 1516,1992 1567,1989 1618,1985 1669,1982"/>
                <TextEquiv>
                    <Unicode>Frau Joseffy, welche die Parze, Herr Dumont,</Unicode>
                </TextEquiv>
            </TextLine>
            <TextLine id="r1l77" custom="readingOrder {index:76;}">
                <Coords points="1687,2046 2733,2031 2721,1962 2577,2005 2516,1979 1687,2003"/>
                <Baseline points="1697,2031 1748,2031 1799,2031 1850,2030 1902,2030 1953,2029 2004,2028 2056,2027 2107,2026 2158,2025 2210,2024 2261,2024 2312,2023 2363,2022 2415,2021 2466,2021 2517,2021 2569,2020 2620,2021 2671,2021 2723,2021"/>
                <TextEquiv>
                    <Unicode>[Landa und des Frl. Helm. Die Satire „Zums</Unicode>
                </TextEquiv>
            </TextLine>
            <TextLine id="r1l78" custom="readingOrder {index:77;}">
                <Coords points="648,2040 1555,2043 1672,2033 1672,1996 648,2004"/>
                <Baseline points="657,2033 707,2033 757,2033 807,2033 858,2033 908,2033 958,2033 1009,2034 1059,2034 1109,2035 1160,2035 1210,2036 1260,2036 1310,2036 1361,2035 1411,2035 1461,2034 1512,2032 1562,2030 1612,2028 1663,2025"/>
                <TextEquiv>
                    <Unicode>der den Philosophen mit scharf poitiertem Humor</Unicode>
                </TextEquiv>
            </TextLine>
            <TextLine id="r1l79" custom="readingOrder {index:78;}">
                <Coords points="1695,2088 2628,2059 2721,2084 2707,2024 1695,2046"/>
                <Baseline points="1705,2076 1755,2074 1805,2073 1855,2072 1906,2071 1956,2070 2006,2069 2057,2068 2107,2067 2157,2067 2208,2066 2258,2066 2308,2065 2358,2065 2409,2065 2459,2064 2509,2064 2560,2063 2610,2063 2660,2062 2711,2061"/>
                <TextEquiv>
                    <Unicode>großen Wurstel“ hat beim Publikum nicht das</Unicode>
                </TextEquiv>
            </TextLine>
            <TextLine id="r1l80" custom="readingOrder {index:79;}">
                <Coords points="650,2080 1681,2076 1680,2035 1613,2031 650,2050"/>
                <Baseline points="659,2080 709,2077 760,2075 810,2074 861,2073 912,2073 962,2073 1013,2073 1064,2073 1114,2074 1165,2074 1216,2075 1266,2075 1317,2076 1368,2076 1418,2075 1469,2075 1520,2073 1570,2071 1621,2069 1672,2066"/>
                <TextEquiv>
                    <Unicode>gab, Herr Guttmann als Schuster und, mit einigen</Unicode>
                </TextEquiv>
            </TextLine>
            <TextLine id="r1l81" custom="readingOrder {index:80;}">
                <Coords points="1693,2121 2703,2126 2735,2074 1693,2085"/>
                <Baseline points="1702,2116 1753,2115 1804,2114 1855,2114 1906,2113 1957,2113 2008,2112 2060,2111 2111,2111 2162,2110 2213,2109 2264,2108 2315,2108 2366,2107 2418,2106 2469,2105 2520,2105 2571,2104 2622,2103 2673,2102 2725,2101"/>
                <TextEquiv>
                    <Unicode>richtige Verständnis gefunden. Besonders gefiel darin¬</Unicode>
                </TextEquiv>
            </TextLine>
            <TextLine id="r1l82" custom="readingOrder {index:81;}">
                <Coords points="647,2118 1544,2143 1672,2122 1672,2081 647,2092"/>
                <Baseline points="656,2116 706,2115 756,2115 806,2114 857,2114 907,2114 957,2114 1008,2115 1058,2115 1108,2115 1159,2115 1209,2116 1259,2116 1309,2115 1360,2115 1410,2115 1460,2114 1511,2113 1561,2111 1611,2110 1662,2108"/>
                <TextEquiv>
                    <Unicode>Einschränkungen, auch Herr Valberg als Tyrann</Unicode>
                </TextEquiv>
            </TextLine>
            <TextLine id="r1l83" custom="readingOrder {index:82;}">
                <Coords points="1693,2169 2623,2158 2601,2106 1693,2126"/>
                <Baseline points="1702,2154 1747,2155 1793,2155 1838,2155 1884,2155 1930,2155 1975,2154 2021,2154 2066,2153 2112,2153 2158,2152 2203,2151 2249,2150 2294,2149 2340,2149 2386,2148 2431,2148 2477,2147 2522,2147 2568,2147 2614,2147"/>
                <TextEquiv>
                    <Unicode>von den Darstellern Herr Hofer als Direktor.</Unicode>
                </TextEquiv>
            </TextLine>
            <TextLine id="r1l84" custom="readingOrder {index:83;}">
                <Coords points="643,2150 707,2176 747,2159 807,2170 895,2160 933,2172 1008,2160 1008,2143 950,2119 927,2128 863,2119 829,2136 803,2121 643,2122"/>
                <Baseline points="653,2158 679,2158 706,2158 732,2158 759,2157 786,2157 812,2157 839,2157 865,2157 892,2157 919,2157 945,2157 972,2157 999,2157"/>
                <TextEquiv>
                    <Unicode>verdient gemacht.</Unicode>
                </TextEquiv>
            </TextLine>
            <TextLine id="r1l85" custom="readingOrder {index:84;}">
                <Coords points="714,2198 1666,2205 1687,2149 1493,2164 1312,2133 714,2171"/>
                <Baseline points="724,2196 771,2197 819,2198 867,2199 914,2200 962,2200 1010,2200 1057,2201 1105,2200 1153,2200 1201,2200 1248,2199 1296,2198 1344,2197 1391,2197 1439,2195 1487,2194 1534,2192 1582,2190 1630,2189 1678,2187"/>
                <TextEquiv>
                    <Unicode>Die düsteren Gesänge der Erinnyen werden ab¬</Unicode>
                </TextEquiv>
            </TextLine>
            <TextLine id="r1l86" custom="readingOrder {index:85;}">
                <Coords points="649,2241 1641,2242 1695,2230 1695,2179 1114,2220 649,2200"/>
                <Baseline points="659,2239 710,2239 761,2239 812,2240 864,2240 915,2240 966,2241 1018,2241 1069,2241 1120,2241 1172,2241 1223,2241 1274,2241 1325,2241 1377,2240 1428,2239 1479,2238 1531,2236 1582,2235 1633,2233 1685,2231"/>
                <TextEquiv>
                    <Unicode>gelöst von fröhlichen Soldatenliedern — von einer</Unicode>
                </TextEquiv>
            </TextLine>
            <TextLine id="r1l87" custom="readingOrder {index:86;}">
                <Coords points="651,2288 1669,2287 1693,2230 651,2241"/>
                <Baseline points="661,2277 712,2278 763,2279 814,2280 865,2281 916,2282 967,2283 1018,2284 1069,2284 1120,2285 1172,2285 1223,2285 1274,2285 1325,2284 1376,2283 1427,2281 1478,2280 1529,2278 1580,2275 1631,2271 1683,2267"/>
                <TextEquiv>
                    <Unicode>Episode aus dem dreißigjährigen Kriege von Erich</Unicode>
                </TextEquiv>
            </TextLine>
            <TextLine id="r1l88" custom="readingOrder {index:87;}">
                <Coords points="656,2330 1478,2331 1564,2300 1698,2327 1698,2269 656,2286"/>
                <Baseline points="665,2318 716,2319 767,2320 818,2321 869,2322 921,2322 972,2323 1023,2323 1074,2323 1125,2323 1177,2322 1228,2322 1279,2321 1330,2321 1381,2320 1433,2318 1484,2317 1535,2315 1586,2314 1637,2312 1689,2310"/>
                <TextEquiv>
                    <Unicode>Korn, betitel „Mamzell Courasche“ Ein</Unicode>
                </TextEquiv>
            </TextLine>
            <TextLine id="r1l89" custom="readingOrder {index:88;}">
                <Coords points="650,2376 1574,2384 1705,2362 1705,2330 650,2334"/>
                <Baseline points="659,2365 710,2364 762,2362 814,2362 866,2361 918,2361 969,2361 1021,2362 1073,2362 1125,2362 1177,2363 1228,2363 1280,2363 1332,2363 1384,2363 1436,2362 1487,2362 1539,2361 1591,2359 1643,2357 1695,2354"/>
                <TextEquiv>
                    <Unicode>packendes, kleines Dramolet, kräftig konturiert, voll</Unicode>
                </TextEquiv>
            </TextLine>
            <TextLine id="r1l90" custom="readingOrder {index:89;}">
                <Coords points="651,2411 721,2423 755,2405 827,2420 849,2407 896,2415 926,2409 925,2375 910,2379 880,2363 852,2377 803,2365 784,2378 731,2366 688,2382 673,2371 651,2379"/>
                <Baseline points="660,2410 685,2407 711,2405 737,2404 762,2403 788,2403 814,2403 839,2404 865,2403 891,2402 917,2401"/>
                <TextEquiv>
                    <Unicode>satter Farbe.</Unicode>
                </TextEquiv>
            </TextLine>
            <TextLine id="r1l91" custom="readingOrder {index:90;}">
                <Coords points="715,2447 1694,2444 1693,2397 1616,2373 1547,2402 1262,2377 1112,2416 1071,2386 715,2411"/>
                <Baseline points="724,2439 772,2441 820,2442 868,2444 916,2445 964,2446 1012,2446 1060,2446 1108,2445 1156,2445 1204,2444 1252,2443 1300,2443 1348,2442 1396,2441 1444,2440 1492,2439 1540,2439 1588,2438 1636,2438 1684,2438"/>
                <TextEquiv>
                    <Unicode>Eine Marketenderin, die indes nicht allein dem</Unicode>
                </TextEquiv>
            </TextLine>
            <TextLine id="r1l92" custom="readingOrder {index:91;}">
                <Coords points="647,2497 1698,2473 1698,2444 1610,2439 647,2440"/>
                <Baseline points="657,2483 708,2484 760,2484 811,2485 863,2486 915,2486 966,2486 1018,2487 1069,2487 1121,2487 1173,2487 1224,2487 1276,2486 1327,2486 1379,2485 1431,2484 1482,2483 1534,2482 1585,2480 1637,2478 1689,2476"/>
                <TextEquiv>
                    <Unicode>Dürstenden und Hungernden, sondern auch dem</Unicode>
                </TextEquiv>
            </TextLine>
            <TextLine id="r1l93" custom="readingOrder {index:92;}">
                <Coords points="654,2534 1693,2537 1692,2486 1574,2478 654,2488"/>
                <Baseline points="663,2525 714,2526 765,2527 816,2527 867,2528 918,2528 969,2528 1020,2528 1071,2528 1122,2528 1173,2527 1224,2527 1275,2526 1326,2525 1377,2524 1428,2523 1479,2522 1530,2521 1581,2519 1632,2517 1684,2516"/>
                <TextEquiv>
                    <Unicode>Lieles#nstigen ihre Dienste lieh, wegen ihrer Tapfer¬</Unicode>
                </TextEquiv>
            </TextLine>
            <TextLine id="r1l94" custom="readingOrder {index:93;}">
                <Coords points="649,2584 1692,2580 1705,2536 649,2542"/>
                <Baseline points="659,2564 710,2565 762,2566 814,2566 866,2567 918,2567 970,2567 1021,2567 1073,2566 1125,2566 1177,2566 1229,2565 1281,2564 1333,2564 1384,2563 1436,2562 1488,2561 1540,2561 1592,2560 1644,2559 1696,2558"/>
                <TextEquiv>
                    <Unicode>keit # Schneidigkeit „Mamzell Courasche“ genannt,</Unicode>
                </TextEquiv>
            </TextLine>
            <TextLine id="r1l95" custom="readingOrder {index:94;}">
                <Coords points="1421,2597 1449,2595 1480,2616 1525,2605 1579,2609 1600,2597 1705,2611 1704,2564 1666,2569 1628,2560 1539,2575 1518,2564 1499,2570 1487,2559 1465,2572 1420,2571"/>
                <Baseline points="1431,2601 1457,2604 1484,2605 1510,2605 1537,2604 1563,2603 1590,2601 1616,2599 1643,2598 1669,2597 1696,2597"/>
                <TextEquiv>
                    <Unicode>t soeben die</Unicode>
                </TextEquiv>
            </TextLine>
            <TextLine id="r1l96" custom="readingOrder {index:95;}">
                <Coords points="657,2610 745,2600 824,2631 965,2603 1338,2610 1337,2574 961,2588 929,2569 656,2567"/>
                <Baseline points="665,2606 698,2606 731,2607 764,2607 797,2607 830,2607 863,2606 897,2606 930,2606 963,2605 996,2605 1029,2604 1062,2604 1095,2603 1129,2603 1162,2602 1195,2602 1228,2602 1261,2601 1294,2601 1328,2600"/>
                <TextEquiv>
                    <Unicode>ein wirklicher nom ## guerre,</Unicode>
                </TextEquiv>
            </TextLine>
            <TextLine id="r1l97" custom="readingOrder {index:96;}">
                <Coords points="650,2653 1638,2651 1698,2609 650,2621"/>
                <Baseline points="659,2651 710,2650 762,2649 813,2648 865,2647 916,2647 968,2646 1019,2645 1071,2645 1122,2645 1174,2644 1225,2644 1277,2643 1328,2643 1380,2643 1431,2642 1483,2642 1534,2642 1586,2642 1637,2641 1689,2641"/>
                <TextEquiv>
                    <Unicode>Gattin des Fechtmeisters Spertini, eines heiß¬</Unicode>
                </TextEquiv>
            </TextLine>
            <TextLine id="r1l98" custom="readingOrder {index:97;}">
                <Coords points="663,2696 1658,2692 1703,2686 1703,2641 662,2658"/>
                <Baseline points="672,2690 723,2689 774,2688 825,2687 876,2686 927,2686 978,2686 1029,2685 1080,2685 1131,2685 1182,2685 1233,2685 1284,2685 1335,2685 1386,2685 1437,2684 1488,2684 1539,2684 1590,2683 1641,2682 1693,2681"/>
                <TextEquiv>
                    <Unicode>blütigen Italieners, geworden. Das Zelt, in welchem</Unicode>
                </TextEquiv>
            </TextLine>
            <TextLine id="r1l99" custom="readingOrder {index:98;}">
                <Coords points="646,2727 1579,2736 1682,2727 1699,2691 645,2693"/>
                <Baseline points="655,2734 706,2732 758,2730 810,2729 862,2728 913,2727 965,2727 1017,2726 1069,2726 1120,2726 1172,2726 1224,2726 1276,2726 1327,2726 1379,2726 1431,2726 1483,2725 1534,2725 1586,2724 1638,2723 1690,2722"/>
                <TextEquiv>
                    <Unicode>sie die Brautnacht feiern soll, ist mit allem Luxus</Unicode>
                </TextEquiv>
            </TextLine>
            <TextLine id="r1l100" custom="readingOrder {index:99;}">
                <Coords points="651,2775 1703,2770 1676,2724 651,2734"/>
                <Baseline points="661,2774 712,2773 764,2771 815,2770 867,2769 919,2768 970,2768 1022,2768 1073,2768 1125,2768 1177,2768 1228,2768 1280,2768 1331,2768 1383,2767 1435,2767 1486,2766 1538,2765 1589,2764 1641,2762 1693,2761"/>
                <TextEquiv>
                    <Unicode>eingerichtet. Des feurigen Weines voll, hänseln zwei</Unicode>
                </TextEquiv>
            </TextLine>
            <TextLine id="r1l101" custom="readingOrder {index:100;}">
                <Coords points="660,2817 1627,2805 1701,2833 1700,2769 1595,2762 660,2775"/>
                <Baseline points="670,2815 721,2813 772,2811 823,2810 874,2809 925,2808 976,2808 1027,2808 1078,2808 1129,2808 1180,2808 1231,2808 1282,2808 1333,2808 1384,2808 1435,2808 1486,2807 1537,2806 1588,2804 1639,2802 1691,2799"/>
                <TextEquiv>
                    <Unicode>Offiziere den jungen Ehegatten, diesen dunkeln Ehren¬</Unicode>
                </TextEquiv>
            </TextLine>
            <TextLine id="r1l102" custom="readingOrder {index:101;}">
                <Coords points="656,2854 1458,2868 1678,2859 1700,2825 820,2811 656,2837"/>
                <Baseline points="666,2856 717,2854 768,2853 819,2852 871,2851 922,2850 973,2850 1024,2850 1076,2850 1127,2850 1178,2850 1229,2851 1281,2851 1332,2851 1383,2850 1434,2850 1486,2850 1537,2849 1588,2847 1639,2846 1691,2844"/>
                <TextEquiv>
                    <Unicode>mann, der, obwohl er weiß, was seine Frau gewesen,</Unicode>
                </TextEquiv>
            </TextLine>
            <TextLine id="r1l103" custom="readingOrder {index:102;}">
                <Coords points="657,2911 1696,2887 1635,2847 657,2855"/>
                <Baseline points="667,2895 720,2894 774,2894 827,2893 881,2893 935,2892 988,2892 1042,2892 1096,2891 1149,2891 1203,2890 1256,2890 1310,2890 1364,2889 1417,2889 1471,2889 1525,2888 1578,2888 1632,2887 1686,2887"/>
                <TextEquiv>
                    <Unicode>sie zum Altar führt. Die Stichelreden locken ihm</Unicode>
                </TextEquiv>
            </TextLine>
            <TextLine id="r1l104" custom="readingOrder {index:103;}">
                <Coords points="655,2943 1676,2936 1706,2898 654,2909"/>
                <Baseline points="665,2939 716,2937 768,2935 819,2934 871,2933 922,2932 974,2931 1025,2931 1077,2930 1128,2930 1180,2930 1232,2930 1283,2930 1335,2930 1386,2930 1438,2930 1489,2929 1541,2929 1592,2928 1644,2927 1696,2926"/>
                <TextEquiv>
                    <Unicode>endlich den Säbel aus der Scheide, doch wirft sich Mam¬</Unicode>
                </TextEquiv>
            </TextLine>
            <TextLine id="r1l105" custom="readingOrder {index:104;}">
                <Coords points="653,2995 1697,2979 1708,2940 720,2936 653,2965"/>
                <Baseline points="663,2980 714,2978 766,2976 818,2974 870,2973 922,2973 973,2972 1025,2972 1077,2972 1129,2973 1181,2973 1232,2973 1284,2973 1336,2973 1388,2973 1440,2972 1491,2972 1543,2970 1595,2968 1647,2966 1699,2963"/>
                <TextEquiv>
                    <Unicode>zell, d. h. Madame Courasche zwischen die Kämpfenden</Unicode>
                </TextEquiv>
            </TextLine>
            <TextLine id="r1l106" custom="readingOrder {index:105;}">
                <Coords points="661,3026 1692,3022 1703,2979 660,2989"/>
                <Baseline points="671,3019 722,3018 773,3017 824,3017 875,3016 926,3016 977,3015 1028,3015 1079,3015 1130,3015 1182,3015 1233,3014 1284,3014 1335,3014 1386,3013 1437,3012 1488,3012 1539,3011 1590,3009 1641,3008 1693,3005"/>
                <TextEquiv>
                    <Unicode>und sie reichen sich die Hände. Als sich die Beherzte</Unicode>
                </TextEquiv>
            </TextLine>
            <TextLine id="r1l107" custom="readingOrder {index:106;}">
                <Coords points="659,3064 1587,3066 1703,3049 1703,3019 659,3028"/>
                <Baseline points="668,3060 719,3059 770,3059 822,3058 873,3058 924,3057 976,3056 1027,3056 1078,3055 1130,3055 1181,3054 1232,3054 1284,3053 1335,3053 1386,3052 1438,3052 1489,3051 1540,3051 1592,3050 1643,3050 1695,3050"/>
                <TextEquiv>
                    <Unicode>wieder zurückgezogen, beginnt die Stichelei aufs neue, und</Unicode>
                </TextEquiv>
            </TextLine>
            <TextLine id="r1l108" custom="readingOrder {index:107;}">
                <Coords points="654,3106 1630,3108 1703,3102 1703,3055 653,3071"/>
                <Baseline points="663,3100 714,3100 766,3099 817,3099 869,3098 920,3098 972,3098 1023,3098 1075,3097 1126,3097 1178,3097 1229,3097 1281,3097 1332,3096 1384,3096 1435,3095 1487,3095 1538,3093 1590,3092 1641,3091 1693,3089"/>
                <TextEquiv>
                    <Unicode>die Offiziere reizen des Fechtmeisters Herrengefühl</Unicode>
                </TextEquiv>
            </TextLine>
            <TextLine id="r1l109" custom="readingOrder {index:108;}">
                <Coords points="655,3146 1711,3154 1710,3101 1669,3097 655,3106"/>
                <Baseline points="665,3143 716,3142 768,3141 820,3141 872,3140 924,3140 975,3139 1027,3139 1079,3139 1131,3138 1183,3138 1234,3138 1286,3137 1338,3137 1390,3137 1442,3136 1493,3136 1545,3135 1597,3134 1649,3133 1701,3132"/>
                <TextEquiv>
                    <Unicode>indem sie ihm eine Wette proponieren: er würde es</Unicode>
                </TextEquiv>
            </TextLine>
            <TextLine id="r1l110" custom="readingOrder {index:109;}">
                <Coords points="664,3182 1439,3199 1508,3163 1681,3184 1704,3140 663,3147"/>
                <Baseline points="673,3185 724,3184 775,3183 826,3182 877,3182 928,3182 979,3182 1030,3182 1081,3182 1132,3182 1184,3181 1235,3181 1286,3181 1337,3180 1388,3180 1439,3179 1490,3178 1541,3177 1592,3175 1643,3172 1695,3170"/>
                <TextEquiv>
                    <Unicode>nicht wagen, seine Frau zu schlagen. Spertini</Unicode>
                </TextEquiv>
            </TextLine>
            <TextLine id="r1l111" custom="readingOrder {index:110;}">
                <Coords points="660,3230 1683,3231 1696,3186 660,3194"/>
                <Baseline points="669,3227 719,3225 770,3224 821,3224 872,3223 923,3223 974,3223 1025,3223 1076,3223 1127,3223 1178,3223 1228,3223 1279,3222 1330,3222 1381,3222 1432,3221 1483,3220 1534,3219 1585,3217 1636,3215 1687,3212"/>
                <TextEquiv>
                    <Unicode>macht sich, herausgefordert, anheischig, seine Frau</Unicode>
                </TextEquiv>
            </TextLine>
            <TextLine id="r1l112" custom="readingOrder {index:111;}">
                <Coords points="658,3272 1606,3270 1710,3256 1710,3224 658,3235"/>
                <Baseline points="668,3267 719,3265 771,3263 822,3262 874,3261 926,3261 977,3261 1029,3261 1080,3261 1132,3262 1184,3262 1235,3262 1287,3263 1338,3263 1390,3263 1442,3262 1493,3262 1545,3261 1596,3259 1648,3256 1700,3254"/>
                <TextEquiv>
                    <Unicode>noch in der Brautnacht, in Gegenwart der Offiziere</Unicode>
                </TextEquiv>
            </TextLine>
            <TextLine id="r1l113" custom="readingOrder {index:112;}">
                <Coords points="657,3307 1656,3311 1704,3299 1704,3252 656,3271"/>
                <Baseline points="665,3309 716,3308 767,3307 819,3306 870,3305 922,3304 973,3304 1025,3303 1076,3303 1128,3303 1179,3303 1230,3303 1282,3302 1333,3302 1385,3302 1436,3301 1488,3301 1539,3300 1591,3299 1642,3298 1694,3296"/>
                <TextEquiv>
                    <Unicode>zu züchtigen. Und nun zieht er sich in das bräutliche</Unicode>
                </TextEquiv>
            </TextLine>
            <TextLine id="r1l114" custom="readingOrder {index:113;}">
                <Coords points="661,3361 1661,3352 1702,3301 660,3324"/>
                <Baseline points="669,3351 720,3350 771,3348 822,3347 873,3346 925,3346 976,3345 1027,3345 1078,3344 1129,3344 1181,3344 1232,3344 1283,3344 1334,3343 1385,3343 1437,3343 1488,3342 1539,3341 1590,3340 1641,3339 1693,3337"/>
                <TextEquiv>
                    <Unicode>Zelt zuruck und erzählt der Beklagenswerten, was</Unicode>
                </TextEquiv>
            </TextLine>
            <TextLine id="r1l115" custom="readingOrder {index:114;}">
                <Coords points="658,3399 1704,3390 1703,3329 658,3367"/>
                <Baseline points="667,3390 718,3390 769,3389 821,3388 872,3387 924,3387 975,3387 1026,3386 1078,3386 1129,3386 1181,3386 1232,3386 1283,3385 1335,3385 1386,3385 1438,3384 1489,3383 1540,3382 1592,3381 1643,3379 1695,3378"/>
                <TextEquiv>
                    <Unicode>sich zugetragen. Der Rest ihres Schamgefühls bäumt</Unicode>
                </TextEquiv>
            </TextLine>
            <TextLine id="r1l116" custom="readingOrder {index:115;}">
                <Coords points="661,3447 1709,3422 1669,3381 661,3398"/>
                <Baseline points="671,3432 722,3431 773,3430 825,3429 876,3428 928,3428 979,3427 1030,3427 1082,3427 1133,3426 1185,3426 1236,3426 1287,3426 1339,3426 1390,3425 1442,3425 1493,3425 1544,3424 1596,3423 1647,3422 1699,3421"/>
                <TextEquiv>
                    <Unicode>sich wild in ihr auf wider seinen Zynismus und</Unicode>
                </TextEquiv>
            </TextLine>
            <TextLine id="r1l117" custom="readingOrder {index:116;}">
                <Coords points="650,3481 1715,3462 1714,3417 650,3441"/>
                <Baseline points="660,3473 712,3471 764,3470 816,3469 869,3469 921,3468 973,3468 1025,3468 1078,3467 1130,3467 1182,3467 1234,3467 1287,3467 1339,3467 1391,3466 1443,3466 1496,3465 1548,3464 1600,3462 1652,3462 1705,3459"/>
                <TextEquiv>
                    <Unicode>wider die Brutalität, die er teils aus Eitelkeit, teils</Unicode>
                </TextEquiv>
            </TextLine>
            <TextLine id="r1l118" custom="readingOrder {index:117;}">
                <Coords points="662,3517 1704,3501 1692,3467 1397,3460 1271,3493 1218,3467 661,3481"/>
                <Baseline points="671,3514 722,3513 773,3512 824,3511 875,3510 927,3510 978,3510 1029,3509 1080,3509 1131,3509 1183,3509 1234,3509 1285,3509 1336,3509 1387,3509 1439,3508 1490,3507 1541,3506 1592,3505 1643,3504 1695,3501"/>
                <TextEquiv>
                    <Unicode>aus Gewinnsucht verüben will. All ihre Bitten, von</Unicode>
                </TextEquiv>
            </TextLine>
            <TextLine id="r1l119" custom="readingOrder {index:118;}">
                <Coords points="654,3557 1713,3546 1694,3501 653,3514"/>
                <Baseline points="663,3555 715,3554 767,3553 819,3553 871,3552 923,3552 975,3552 1027,3552 1079,3552 1131,3552 1183,3552 1235,3552 1287,3551 1339,3551 1391,3551 1443,3550 1495,3550 1547,3549 1599,3547 1651,3546 1704,3545"/>
                <TextEquiv>
                    <Unicode>der Wette abzulassen, sind vergebens; da nahen</Unicode>
                </TextEquiv>
            </TextLine>
            <TextLine id="r1l120" custom="readingOrder {index:119;}">
                <Coords points="654,3599 1692,3606 1709,3543 654,3557"/>
                <Baseline points="663,3594 714,3594 766,3593 818,3593 870,3592 922,3592 973,3592 1025,3591 1077,3591 1129,3591 1181,3590 1232,3590 1284,3590 1336,3590 1388,3589 1440,3589 1491,3589 1543,3588 1595,3588 1647,3588 1699,3588"/>
                <TextEquiv>
                    <Unicode>bereits die Offiziere, und schon will er die Peitsche auf</Unicode>
                </TextEquiv>
            </TextLine>
            <TextLine id="r1l121" custom="readingOrder {index:120;}">
                <Coords points="657,3646 1369,3627 1466,3653 1550,3620 1686,3638 1704,3593 656,3601"/>
                <Baseline points="665,3635 716,3635 768,3634 819,3633 871,3633 922,3632 974,3632 1025,3632 1077,3632 1128,3632 1180,3632 1231,3632 1283,3631 1334,3631 1386,3631 1437,3631 1489,3630 1540,3630 1592,3629 1643,3628 1695,3627"/>
                <TextEquiv>
                    <Unicode>den entblößten Oberkörper seiner jungen Gattin</Unicode>
                </TextEquiv>
            </TextLine>
            <TextLine id="r1l122" custom="readingOrder {index:121;}">
                <Coords points="660,3671 1714,3674 1698,3629 660,3645"/>
                <Baseline points="669,3678 720,3677 772,3676 824,3674 876,3674 928,3673 979,3673 1031,3672 1083,3672 1135,3672 1187,3672 1238,3672 1290,3672 1342,3671 1394,3671 1446,3670 1497,3669 1549,3668 1601,3667 1653,3665 1705,3663"/>
                <TextEquiv>
                    <Unicode>niedersausen lassen, da ergreift sie seinen Degen und</Unicode>
                </TextEquiv>
            </TextLine>
            <TextLine id="r1l123" custom="readingOrder {index:122;}">
                <Coords points="658,3702 716,3736 1625,3723 1709,3705 1709,3677 658,3687"/>
                <Baseline points="667,3717 718,3716 770,3715 821,3715 873,3714 925,3714 976,3714 1028,3714 1079,3714 1131,3714 1183,3714 1234,3714 1286,3714 1337,3714 1389,3714 1441,3713 1492,3712 1544,3711 1595,3710 1647,3709 1699,3706"/>
                <TextEquiv>
                    <Unicode>durchsticht ihm damit die Brust. Eine Bluthochzeit.</Unicode>
                </TextEquiv>
            </TextLine>
            <TextLine id="r1l124" custom="readingOrder {index:123;}">
                <Coords points="722,3758 1712,3774 1711,3718 1646,3712 722,3730"/>
                <Baseline points="732,3754 780,3754 829,3755 877,3755 926,3755 974,3755 1023,3755 1071,3755 1120,3755 1168,3755 1217,3755 1266,3755 1314,3754 1363,3754 1411,3753 1460,3752 1508,3751 1557,3751 1605,3750 1654,3748 1703,3747"/>
                <TextEquiv>
                    <Unicode>Bei aller Brutalität und bei allem Realismus der</Unicode>
                </TextEquiv>
            </TextLine>
            <TextLine id="r1l125" custom="readingOrder {index:124;}">
                <Coords points="663,3797 1711,3788 1626,3751 663,3759"/>
                <Baseline points="672,3798 723,3798 774,3798 826,3799 877,3799 929,3799 980,3798 1032,3798 1083,3798 1135,3798 1186,3797 1237,3797 1289,3796 1340,3796 1392,3795 1443,3794 1495,3793 1546,3792 1598,3792 1649,3791 1701,3790"/>
                <TextEquiv>
                    <Unicode>Vorgänge steckt doch eine Art wilde Kraft in dem</Unicode>
                </TextEquiv>
            </TextLine>
            <TextLine id="r1l126" custom="readingOrder {index:125;}">
                <Coords points="665,3840 1655,3845 1711,3826 1711,3790 665,3799"/>
                <Baseline points="675,3843 726,3842 777,3841 828,3840 880,3840 931,3840 982,3840 1034,3840 1085,3839 1136,3839 1188,3839 1239,3839 1290,3839 1341,3839 1393,3838 1444,3837 1495,3837 1547,3836 1598,3834 1649,3832 1701,3831"/>
                <TextEquiv>
                    <Unicode>Dramolet, in dem es grell aufzuckt wie ein Blitz am</Unicode>
                </TextEquiv>
            </TextLine>
            <TextLine id="r1l127" custom="readingOrder {index:126;}">
                <Coords points="661,3882 1719,3878 1699,3824 1606,3853 661,3861"/>
                <Baseline points="671,3885 725,3883 780,3882 835,3881 889,3880 944,3879 999,3879 1053,3879 1108,3878 1163,3878 1217,3878 1272,3878 1327,3878 1381,3877 1436,3877 1491,3877 1545,3877 1600,3876 1655,3875 1710,3875"/>
                <TextEquiv>
                    <Unicode>nächtlichen Himmel. Oskar Straus hat zwei</Unicode>
                </TextEquiv>
            </TextLine>
            <TextLine id="r1l128" custom="readingOrder {index:127;}">
                <Coords points="666,3925 1696,3933 1722,3880 666,3893"/>
                <Baseline points="675,3923 726,3922 778,3921 830,3920 882,3920 934,3920 986,3920 1038,3920 1090,3920 1142,3920 1194,3920 1245,3919 1297,3919 1349,3919 1401,3919 1453,3918 1505,3917 1557,3916 1609,3915 1661,3913 1713,3911"/>
                <TextEquiv>
                    <Unicode>sehr charakteristische, im Stil der Zeit gehaltene</Unicode>
                </TextEquiv>
            </TextLine>
            <TextLine id="r1l129" custom="readingOrder {index:128;}">
                <Coords points="666,3969 1193,3979 1578,3944 1710,3968 1710,3928 1499,3913 666,3926"/>
                <Baseline points="675,3965 726,3964 777,3963 828,3963 880,3962 931,3962 982,3961 1034,3961 1085,3961 1136,3960 1188,3960 1239,3960 1290,3960 1341,3959 1393,3959 1444,3959 1495,3959 1547,3958 1598,3958 1649,3957 1701,3957"/>
                <TextEquiv>
                    <Unicode>Musikstücke beigesteuert. Frau Angela Helm eine</Unicode>
                </TextEquiv>
            </TextLine>
            <TextLine id="r1l130" custom="readingOrder {index:129;}">
                <Coords points="662,4017 1716,3998 1715,3963 1614,3956 662,3970"/>
                <Baseline points="671,4004 722,4003 774,4003 826,4003 878,4002 930,4002 981,4002 1033,4002 1085,4002 1137,4002 1189,4002 1240,4001 1292,4001 1344,4001 1396,4000 1448,3999 1499,3998 1551,3997 1603,3996 1655,3994 1707,3992"/>
                <TextEquiv>
                    <Unicode>der Entdeckungen Jarnos, spielt das beherzte Sol¬</Unicode>
                </TextEquiv>
            </TextLine>
            <TextLine id="r1l131" custom="readingOrder {index:130;}">
                <Coords points="661,4052 1589,4050 1707,4043 1707,3998 661,4012"/>
                <Baseline points="671,4045 722,4045 773,4044 824,4044 876,4044 927,4044 978,4044 1030,4044 1081,4044 1132,4043 1184,4043 1235,4043 1286,4043 1337,4042 1389,4042 1440,4042 1491,4041 1543,4040 1594,4039 1645,4038 1697,4037"/>
                <TextEquiv>
                    <Unicode>datenweib mit starker Leidenschaft sehr packend, den</Unicode>
                </TextEquiv>
            </TextLine>
            <TextLine id="r1l132" custom="readingOrder {index:131;}">
                <Coords points="664,4096 1631,4102 1719,4075 1719,4041 663,4051"/>
                <Baseline points="673,4086 724,4085 776,4084 828,4084 880,4083 932,4082 983,4082 1035,4082 1087,4081 1139,4081 1191,4081 1242,4081 1294,4080 1346,4080 1398,4080 1450,4079 1501,4079 1553,4078 1605,4078 1657,4077 1709,4076"/>
                <TextEquiv>
                    <Unicode>Fechtmeister gibt Herr Bulß interessant, wenngleich</Unicode>
                </TextEquiv>
            </TextLine>
            <TextLine id="r1l133" custom="readingOrder {index:132;}">
                <Coords points="675,4136 715,4147 752,4130 803,4128 854,4146 880,4129 890,4137 897,4129 965,4134 965,4110 940,4108 919,4087 902,4097 870,4088 852,4101 786,4090 756,4100 718,4093 675,4100"/>
                <Baseline points="684,4125 711,4125 738,4126 765,4125 792,4125 820,4125 847,4124 874,4124 901,4124 928,4124 956,4124"/>
                <TextEquiv>
                    <Unicode>etwas geziert.</Unicode>
                </TextEquiv>
            </TextLine>
            <TextLine id="r1l134" custom="readingOrder {index:133;}">
                <Coords points="735,4171 1653,4173 1717,4161 1717,4131 1438,4108 1371,4133 995,4110 936,4138 735,4134"/>
                <Baseline points="744,4169 792,4168 840,4167 888,4167 936,4166 984,4166 1032,4165 1081,4165 1129,4165 1177,4165 1225,4165 1273,4165 1321,4165 1369,4165 1418,4165 1466,4164 1514,4164 1562,4164 1610,4164 1658,4163 1707,4163"/>
                <TextEquiv>
                    <Unicode>Und nun wird die Szene zum Tribunal. Das</Unicode>
                </TextEquiv>
            </TextLine>
            <TextEquiv>
                <Unicode>box 22/9
17.3. Zun Krossen Wurstel
Liebe und Ehebruch handelt, in der ein Herzog und
eine Herzogin, ein Klärchen und ein Brackenburg usw.
auftreten, bis zum Schluß der Tod erscheint und der
Sache ein Ende mit Schrecken bereitet. Das Publikum
den
greift wiederholt in die Aktion ein, der „Dichter“ des
B.
2.—5. Hatte.
Marionettentheaters gebärdet sich verzweifelt über die
Indolenz des Zuschauers wie des Direktors — da
Unser Wiener Korrespondent schreibt uns:
verdüstert sich plötzlich der Schauplatz, und in einen
Variatio delectat. Man muß es dem schneidigen
dunklen Mantel gehüllt, ein blankes Richtschwert in
Leiter des Lustspieltheaters zubilligen, daß er es ver¬
Händen, erscheint ein „Unbekannter“, eine Art Symbol
steht, sich nicht nur ein literarisches Repertoire zu
des Weltgerichtes, um den Sinn des Ganzen zu
schaffen, sondern daß er auch sozusagen den Steinen
erklären.
die richtige Fassung zu geben vermag. Auf der kleinen
Schnitzler hat in diesem bizarren, eigentümlich
Praterbühne, die bis vor kurzem noch hauptsächlich
packenden Einfall ausdrücken wollen, wie das ganze
auf die rohen Instinkte der Massen spekulierte, wird
Leben nur ein Komödienspiel ist, wie wir alle, Große
jetzt gar oft wirklich dichterischen Gebilden Leben und
und Kleine, Dichter, Zuschauer, Darsteller, Erfolg¬
Ausdruck gegeben. Und welche Vielseitigkeit!
gekrönte und Unglückliche, nur Marionetten sind in der
Alt=Rom und Jung=Wien, dazwischen auch
Hand des Zufalls... Freilich kommt die Absicht trotz
Jung=Berlin, ein merkwürdiges Dreigespann,
der ausgezeichneten, farbenreichen Darstellung nicht
werden an dem morgigen „literarischen Abend“ vor
ganz zum Ausdruck, so pointiert auch die Worte des
dem Thespiskarren des Lustspieltheaters erscheinen.
„Unbekannten“, welchen Direktor Jarno darstellt,
Die von Paul Lindau so glücklich, mit so viel
gebracht werden. Den Direktor und den Dichter
feinem Verständnis und Geschmack dramatisierte
spielen die Herren Hofer und Sekler sehr
Satire des Lucian „Die Fahrt über den
Sie wissen ja aus der charakteristisch, und von den Mitwirkenden auf dem
Styx“ macht den Anfang.
Marionettentheater sind die Damen Henrici und
trefflichen Darbietung, welche das Werk unter Lindaus
Rona sowie die Herren Guttmann, Skoda
Direktion und Regie im „Berliner Theater“ gefunden
und Straßni mit Anerkennung zu erwähnen.
hat, welch' düstere Stimmung, welch heilige Schauer
S. L.
und daneben wieder welch' wirksame parodistische
Ueber die Aufnahme, welche die besprochenen!
Elemente in dieser Satire gepaart sind. Auch
Werke bei ihrer gestrigen Erstaufführung im Lustspiel¬
auf der Praterbühne des Direktor Jarno
theater fanden, berichtet uns eine Depesche unseres
sehr eindrucksvoll.
erweist sich das Werk als
Korrespondenten: In der „Fahrt über den
Jarno hat ein kleines Meisterstück der Stimmungs¬
Styx“ haben Frau Joseffy und die Herren
malerei in seiner Inszenierung geboten. Es ist Ton
Guttmann, Valberg und Dumont außer¬
und Farbe in den Szenen am Styx, ein gedämpfter,
ordentlich gewirkt, doch hat das Stück auch Opposition
niemals vorlauter Ton der Heiterkeit in den Vor¬
gefunden. „Mamzell Courasche“ verdankt viel
gängen vor dem Richterstuhle des Rhadamant. Um
von ihrem unbestrittenen Erfolg der befriedigenden
die sehr achtenswerte Darstellung hat sich besonders
guten Darstellung der Herren Bulß, Landa¬
Frau Joseffy, welche die Parze, Herr Dumont,
[Landa und des Frl. Helm. Die Satire „Zums
der den Philosophen mit scharf poitiertem Humor
großen Wurstel“ hat beim Publikum nicht das
gab, Herr Guttmann als Schuster und, mit einigen
richtige Verständnis gefunden. Besonders gefiel darin¬
Einschränkungen, auch Herr Valberg als Tyrann
von den Darstellern Herr Hofer als Direktor.
verdient gemacht.
Die düsteren Gesänge der Erinnyen werden ab¬
gelöst von fröhlichen Soldatenliedern — von einer
Episode aus dem dreißigjährigen Kriege von Erich
Korn, betitel „Mamzell Courasche“ Ein
packendes, kleines Dramolet, kräftig konturiert, voll
satter Farbe.
Eine Marketenderin, die indes nicht allein dem
Dürstenden und Hungernden, sondern auch dem
Lieles#nstigen ihre Dienste lieh, wegen ihrer Tapfer¬
keit # Schneidigkeit „Mamzell Courasche“ genannt,
t soeben die
ein wirklicher nom ## guerre,
Gattin des Fechtmeisters Spertini, eines heiß¬
blütigen Italieners, geworden. Das Zelt, in welchem
sie die Brautnacht feiern soll, ist mit allem Luxus
eingerichtet. Des feurigen Weines voll, hänseln zwei
Offiziere den jungen Ehegatten, diesen dunkeln Ehren¬
mann, der, obwohl er weiß, was seine Frau gewesen,
sie zum Altar führt. Die Stichelreden locken ihm
endlich den Säbel aus der Scheide, doch wirft sich Mam¬
zell, d. h. Madame Courasche zwischen die Kämpfenden
und sie reichen sich die Hände. Als sich die Beherzte
wieder zurückgezogen, beginnt die Stichelei aufs neue, und
die Offiziere reizen des Fechtmeisters Herrengefühl
indem sie ihm eine Wette proponieren: er würde es
nicht wagen, seine Frau zu schlagen. Spertini
macht sich, herausgefordert, anheischig, seine Frau
noch in der Brautnacht, in Gegenwart der Offiziere
zu züchtigen. Und nun zieht er sich in das bräutliche
Zelt zuruck und erzählt der Beklagenswerten, was
sich zugetragen. Der Rest ihres Schamgefühls bäumt
sich wild in ihr auf wider seinen Zynismus und
wider die Brutalität, die er teils aus Eitelkeit, teils
aus Gewinnsucht verüben will. All ihre Bitten, von
der Wette abzulassen, sind vergebens; da nahen
bereits die Offiziere, und schon will er die Peitsche auf
den entblößten Oberkörper seiner jungen Gattin
niedersausen lassen, da ergreift sie seinen Degen und
durchsticht ihm damit die Brust. Eine Bluthochzeit.
Bei aller Brutalität und bei allem Realismus der
Vorgänge steckt doch eine Art wilde Kraft in dem
Dramolet, in dem es grell aufzuckt wie ein Blitz am
nächtlichen Himmel. Oskar Straus hat zwei
sehr charakteristische, im Stil der Zeit gehaltene
Musikstücke beigesteuert. Frau Angela Helm eine
der Entdeckungen Jarnos, spielt das beherzte Sol¬
datenweib mit starker Leidenschaft sehr packend, den
Fechtmeister gibt Herr Bulß interessant, wenngleich
etwas geziert.
Und nun wird die Szene zum Tribunal. Das</Unicode>
            </TextEquiv>
        </TextRegion>
    </Page>
</PcGts>
