3484 4320
895 347 1038 409 OS S
1726 340 2179 429 box 22/9
266 344 1579 459 17.3. Zun greszen Nursten
470 526 748 608 Mer
307 610 2680 669 kum und Dichter aus, mag sich zum Beschluß im Reigen Sehr schwierig und verantwortlich ist die Entscheidung dies¬
316 653 2689 695 ahrlich auch der Tod erzeigen.“ Ehrlich, wie der Dichter mal, da die neue Verpflichtung eines Künstlers für die
310 686 2680 743 selbst, dem in Stunden müder Erkenntnis, wo die Schleier Rollen der Bösewichter, Intriganten und klassischen „schwar¬
301 712 2695 775 von den Dingen fallen, in ironischer Melancholie das eigene zen“ Charaktere in einer Dauer und Entwicklung verheißen¬
1487 776 2687 821 den Weise besetzt werden müssen, wenn wieder Stetigkeit
311 765 1500 829 Schaffen und das anderer, das gewohnheitsmätzige Hantieren
300 798 2682 853 mit Menschenschicksalen zur Belustigung des Publikums als in die Personalverhältnisse kommen soll. Herr Schindler
306 837 2685 884 die parodistische Puppenbühne „Zum großen Wurstel“ er= dürfte diesen Ansprüchen nicht voll genügen. Er ist sicher
1491 888 2688 932 ein begabter, beweglicher, mit günstigen Mitteln aus¬
309 876 1489 942 schienen ist. Wie Leben Literatur wird. Schicksal zur ge¬
1483 921 2692 963 gestatteter Darsteller seines Faches, aber, wie es scheint, ohne
299 920 1490 979 reimten Farce, das ist hintergründig mit Schnitzlerscher
1483 958 2686 1014 persönliche, schöpferische Tiefe und eine fesselnde individuelle
291 952 1488 1018 Feinheit aufgezeigt. Im Vordergrunde aber ist's ein hüb¬
305 992 1488 1054 scher Spaß, ein Abend im Wiener Wurstelprater, wo Mario¬
1489 995 2677 1048 Eigenart. Selbst wenn man in Rechnung stellt, daß ander¬
1489 1039 2674 1087 wärts theatralischer gespielt zu werden pflegt als bei uns.
297 1024 1485 1095 netten mitsamt Direktor und Dichter, Publikum oben und
1486 1075 2680 1116 so ble##t von seinem Franz bei vielen starken und gut
308 1072 1488 1128 Publikum unten ineinanderspielen und sich auslachen.
1486 1103 2674 1162 gegebenen Seiten der Eindruck untiefer, konventioneller
308 1101 1485 1166 Spotten ihrer selbst und wissen nicht wie. Auch der Dichter
1491 1140 2682 1187 Theaterei zu stark, die äußerliche Bösewichterei zu gewöhn¬
300 1142 1482 1205 spottet über sein „süßes Mädel“, seine Duellgeschichten, über
1481 1181 2687 1240 lich, als daß man zu einem sofortigen Zugreisen raten
288 1184 1480 1243 die tragischen Gehärden der Theaterbelden und den kuarren¬
1483 1218 2677 1269 dürfte. Wir brauchen tiefergrabende Psychologie und
297 1216 1494 1285 den Mechanismus der Tragödien. Manchmal sieht's so aus
300 1250 2676 1300 wie eine literarische Satire auf Schnitzler, Sudermann, ffesteren Stil. Vielleicht würde eine andere Rolle größere
294 1279 1489 1357 Bahr und andere dichtende Puppenspieler des Lebens, und
1475 1299 2684 1349 Tiefe und maßvollere Beherrschung der Mittel erweisen
178 1332 1479 1400 itera= doch ist's, nehmt alles nur in allem, ein Dichtereinfall von
1489 1337 2683 1392 können. Mit Freude begrüßte man Professor Adolf
1490 1374 2681 1412 Müller als Gast in seiner stilvoll bedeutenden Dar¬
176 1374 1477 1438 Zumsanfter Lu#gkeit und gezähmter parodistischer Laune. Ohne
1477 1406 2692 1457 stellung des alten Moor. Daran konnte man wieder inne
186 1398 1481 1469 #ar= die Grellit der Plakatkunst Wedekinds. Mit der um¬
1479 1441 2783 1515 werden, welche Art von Kunst uns noitut, da sie bedenklic
187 1453 1484 1501 ikler=schatteten Witzigkeit Schnitzlers. Nur wer auf den Hinter¬
1487 1487 2699 1541 zu mangeln beginnt. Siehe die unzulängliche Amalia.)5e2.
251 1486 1475 1547 elssgrund hindurch schaut, sieht die Tiefe des Dichters. Andere
182 1528 1489 1584 aloge mögen sich am ungewohnten heiteren Anblick ergötzen, den
1696 1525 2670 1606 te De Mai dem Jung#n
196 1563 1488 1628 seren die an Drähten als Marionetten baumelnden Schauspieler
181 1601 1490 1650 worin bieten. Das ist immer wenn es mal gemacht wird, ein
185 1639 1492 1683 kario=samoser Spaß, der die Darsteller wie die Zuschauer gleicher¬
186 1681 1508 1741 #ukeln maßen zu unterhalten pflegt. Sie sind alle zu Puppen er¬
193 1710 1520 1758 ohne starrt, die uns sonst durch die Freiheit der Bewegung
184 1745 1499 1796 ischen bannen, Ilt, Wierth, Wahlberg, Fischer, die
260 1791 1507 1860 e=[Bleibtreu, die Schaffer und viele andere, sie zucken
194 1829 1492 1893 chter= und zappeln an Fäden und schweben durch die Luft und
204 1852 1493 1925 des reden im Puppentheaterstil. Eine sehr amüsante Sache.
196 1884 1491 1949 nten,[Meyer ist als Wiener Strizzi der Theaterdirektor, Meh¬
210 1929 1493 1981 mitnert der Dichter, und Lindner und Becker wirken
188 1958 1504 2026 bareu höchst bedeutungsvoll am Schlusse mit. Durch Fischers
196 2016 1500 2076 Da= Spielleitung und die Dekorationskünste Linnebachs und
211 2061 1496 2114 der [Altenkirchs ist der Wurstelprater hingestellt. So dient
221 2094 1507 2155 ein der große Apparat des ganzen Schauspiels einem kleinen
271 2138 1483 2186 —Zweck. Doch braucht man das nicht griesgrämig zu miß¬
197 2170 1500 2226 t der billigen, denn es geschieht für eine dichterisch wertvolle
210 2203 1490 2254 inen Seltenheit, die auch in Abendvorstellungen vielen Freude
210 2246 1495 2280 und machen wird, mögen sie sich am lebensvollen Außenbild oder
212 2279 1498 2338 Un=an der nachdenklichen Tiefe der Burleske ergötzen. — Am
198 2301 1495 2363 bens Sonnabend spielte in den „Räubern“ ein Gast den Franz
204 2354 1505 2408 darin Moor. Ewald Schindler kommt vom Stadttheater in
242 2385 1520 2473 ne Bremen und bewirot sich um Anstellung imt Charakterfach.
492 2677 982 2756 EEE
581 2751 1286 2848 Vossische Zeitung Be
2548 2774 2936 2900 —4 6 1918
873 2811 1189 2900 4-SonBi8
362 2912 1538 2983 Schninlers Burleske „Zum großen Wurstel“ wurde als
2154 2898 3044 3026 Boliues Basen Zeitung, Berlie
317 2963 1529 3045 fletzte Erstaufführung in dem Mittagszyklus des Kgl. Schauspiel¬
2370 2979 2847 3074 Morgenausgabe
327 3016 1528 3085 hauses in Dresden gegeben. Sie ist eine der witzigsten Ironi¬
326 3057 1532 3130 sierungen des Theaters, des Publikums, aber auch des Dichters
336 3105 1527 3159 selbst. Das Marionettenspiel im Spiele wird zur Parodie Schnitz¬
2076 3093 2976 3193 In der Sonntagmittag=Vorstellung des
1946 3118 2947 3203 Tresdener Königl. Schauspielhauses gab es zum
333 3144 1527 3222 lerscher Gestalten, seiner Vorliebe für Duellgeschichten, Liebelei
1948 3152 2957 3258 Arstenmal Arthur Schnitlers burlesken Dreiakter
333 3188 1530 3245 und Sterbelei, und wenn sich sogar der Tod als großer Wurstel
1956 3217 2948 3310 „Zum großen Würstel“, ein heiter=nachdenkliches
328 3223 1522 3301 demaskiert, so gewinnt sie einen gewissen kühnen Zug. Allerdings
1932 3260 2960 3331 Zwischensviel voll leichter Ironie, spielerisch gankelnd
331 3269 1534 3345 schwächt ihn gleich wieder das Auftreten des „Unbekannten im
1938 3287 2940 3357 zwischen Marionettenbühne und Bühne des Lebens.
334 3317 1531 3384 blauen Mantel“, der erzengelhaft die Ziehdrähte der Puppen durch¬
1940 3324 2304 3380 Der „Wurste!“ —
2293 3336 2799 3405 der Wiener Hauswurst —
2783 3347 2948 3410 ist eine
327 3356 1529 3432 schneidet, denn nun wird das Geheimnis noch übergeheimnist. Die
1926 3368 2940 3428 Puppentheater im Pratergarten. Unten sitzen die
333 3407 1520 3485 Parodie aber bleibt wirksam, Scherz, Ironie, Satire siegen über
1930 3403 2945 3484 biertrinkenden, essenden Bürger, streiten sich der
329 3450 1518 3513 tiefere Bedeutung, und insbesondere die Verulkung des Publi¬
1926 3436 2938 3533 bifßee und der wohlwollende Zuschauer, der Theater¬
331 3488 1525 3546 kums ist sehr lustig. Der Bissige, der Wohlwollende und der Naive
333 3531 1528 3604 kritisieren die Vorgänge der Duelltragödie. Der Ringkämpfer, der
330 3580 1527 3644 „gar nicht dazu gehört“ und erst im letzten Augenblick eingeschoben
330 3630 1518 3682 wird, trägt den größten Erfolg davon, während die ernsten Stellen
335 3666 1520 3736 zur Verzweiflung des Dichters versagen. Dafür nennt der Dichter
328 3711 1513 3774 das Publikum nur „die Bestien“ und ist zu jeder Streichung bereit.
327 3745 1528 3819 Herr Mehnert spielte ihn in Schnitzlers Maske. Unnachahmlich
330 3795 1515 3857 war Herr Wierth als Herzog im Marionettenstück, ein Kraft¬
318 3822 1515 3896 protz von geziertester, mühelosester Lässigkeit. Die chaotische Bunt¬
322 3888 1540 3954 heit des Durcheinanderspiels von Zuschauern und Puppen, in das
386 3994 1574 4067 am Ende auch ein Herr im wirklichen Parkett eingreift, um Schein
380 4053 1603 4123 und Sein gründlich durcheinanderzubringen, gelang der Regie
1392 4078 1602 4161 —
369 4104 1008 4165 Hanns Fischers ausgezeichnet.
