3392 4320
205 259 1513 373 17.3. Zun grossen Nurstel
879 1522 1276 1604 Telephon 12301.
518 1577 1644 1690 Alex. Weigls Unternehmen für Zeitungs-Kusschnitte
703 1661 1464 1819 „OBSERVER“
515 1767 1652 1884 I. österr. behördl. konz. Bureau für Zeitungsberichte u. Personalnachrichten
715 1851 1491 1950 Wien, I., Concordiaplatz 4.
947 1926 1238 2002 Vertretungen
524 1971 1649 2049 in Berlin, Budapest, Chicago, Genf, London, New-York,
526 2027 1651 2102 Paris, Rom, Mailand, Stockholm, Christiania, St. Petersburg.
815 2062 1381 2157 (Quellenangabe ohne Gewähr.)
555 2174 1001 2262 Ausschnitt aus
974 2209 1621 2331 Wiener Mode, Wien
555 2263 971 2361 a 7ü 4
782 2398 1749 2499 „Zum großen Würstl, Buriesle von Altnur Schnitzler,
554 2436 1752 2554 machte den Beschluß. Der Dichter macht sich darin über sich setbsrrustig,
547 2477 1748 2588 und sein eitles Schaffen. Er verneint es, er hebt es auf. Puppenspiel
1517 2520 1702 2597 Oest 14
411 2555 490 2625 Mo
459 2599 1660 2711 ist alles, und zum Schluß kommt einer, der die Fäden zerschneidet,
460 2671 1664 2748 der große Unbekannte, der Tod, das Schicksal, die Selbsterkenntnis
456 2718 1660 2770 oder irgendein abstrakter Ismus. Die Menschen rätseln daran herum¬
468 2738 1675 2821 Sie sollten sich lieber dem Reiz uno Zauber der witzfunkeinden
469 2785 1673 2858 Bagatelle hingeben und nicht zu viel grübeln. Herr Anton Hofer
469 2846 1035 2898 spielte den Theaterdirektor, der
466 2889 1038 2949 früher Hutschenschleuderer ge¬
473 2928 1042 2982 wesen war, mit merkwürdiger
469 2965 1036 3025 komischer Kraft aus der glücklich¬
469 2999 1042 3059 sten Beobachtung heraus. Den
478 3036 1047 3094 Marionettenstil traf am besten
473 3079 1047 3136 Herr Straßni. Er war von
471 3116 1055 3186 einer schauerlichen, maskenhaften
468 3167 681 3229 Lustigkeit.
1660 257 2118 354 box 22/9
2108 822 2293 930 #
2291 853 2667 989 Va
2746 1010 2964 1084 00
2021 1092 2073 1156 7
2074 1079 2391 1196 —.0
1811 1196 3009 1372 Ghresien.-Q
2506 1402 2982 1497 56. Jahrgang.
1888 1525 3034 1630 Wie heißt es doch zu Anfang des Buches, dort, wo d
1812 1579 1887 1633 rz,
1892 1596 3047 1667 blasse Kindergärtnerin den grünen Festbaum mit Papie
1803 1628 1879 1693 sem
1893 1647 2603 1717 ketten und rotem Zucker aufputzt? -
1792 1671 1898 1733 hen
1978 1671 3061 1766 „Als schönsten Schmuck hing sie ihr müdes, stille
1789 1717 1897 1788 und
1896 1755 2280 1840 Lächeln daran.“ —
1801 1779 1894 1838 nize
2458 1806 2541 1901 **
1980 1751 2469 1971 Pole (750
2221 1843 2449 1940 #00
1811 1870 1896 1931 ob
1821 1921 1896 1980 der
2153 1919 2847 2036 Wiener Theaterbrief.
2194 2004 2788 2080 Von Wilhelm v. Wymetal.
1966 2052 2855 2143 „Wer kennt ihn nicht, den Spötter Lucian?
1829 2117 1866 2175 h
1963 2082 3008 2192 Wer bei ihm gähnt, der schnarchte wohl am Busen
1817 2157 1899 2223 us
1968 2167 2677 2236 Cytherens bei Gesang der Musen!
1865 2221 1912 2263 a
1955 2234 2675 2297 Daß niemand seiner scherzen kann,
1950 2266 2783 2342 Daß er ein schöner Geist, ein Kenner,
1970 2302 2871 2380 Ein We'tmann war, gesteht ihm jeder ein:
1964 2348 3047 2432 Doch wünschen Tillemont und andre wack're Männer
1971 2410 2836 2493 Mit gutem Fug, er möchte frömmer sein.
1963 2449 2918 2538 Was uns betrifft, die gern Sokratisch lachen,
1971 2522 2770 2587 Uns dient er oft zum wahren Askulap¬
1965 2562 2975 2624 Er treibt die Blähungen der Seele sanft uns ab
1970 2598 2937 2690 Und weiß die Kunst, mit Lächeln oder Lachen,
1977 2651 2916 2723 Uns klüger oft, vergnügter stels zu machen:
1978 2685 3071 2775 Und das ist mehr, gesteht's, als mancher große Mann
1971 2756 2744 2829 In Folio und Quarto leisten kann.“
2025 2777 3115 2875 Nicht diesen, oon Wieland gezeichneten übermütigen
1932 2842 3119 2934 Spötter, wie wir ihn etwa aus den „Göttergesprächen“ oder
1833 2909 1880 2962 3
1936 2889 3121 2978 aus dem „Hahn“ kennen, sondern den ernsten Satiriker,
1833 2946 1921 3003 hes
1936 2943 3129 3034 wie er im „Nigrinus“, im „Timon“ erscheint, hat uns
1830 2987 1929 3065 zen
1936 2992 3123 3076 das Lustspieltheater an seinem letzten Einakterabende vor¬
1844 3049 1925 3103 her
1943 3040 3116 3133 geführt. Angeregt wurde es dazu durch eine neue Bear¬
1936 3087 3123 3172 beitung für die deutsche Bühne, die Paul Lindau der
1861 3140 1938 3206 mt
1849 3125 3125 3228 en lukianischen Satire „Die Fahrt über den Styx“ hatte an¬
1852 3193 3134 3291 en ged ihen lassen. Diese dramatische S. tire ist ein Musterbei¬
1952 3226 3149 3342 spiel der gesamten Gattung, die aus dem Nichts geschaffen
1949 3283 3132 3387 zu haben sich Lukianos mit Genugtuung rühmte, als ihn
1855 3338 1939 3408 ick¬
1939 3328 3131 3451 ein athenischer Rhetor in hämischer Ironie mit dem menschen¬
1953 3381 3127 3480 bildenden Prometheus ver lichen hatte. „Ja, ich wagte“,
1861 3418 1919 3503 g
1939 3448 3128 3520 sagt er in seiner entge#nden Proslalie, „das kühne
1852 3491 1944 3542 93=
1949 3483 3130 3589 Unterfangen, den philost,chen Dialog und das Bühnen¬
1853 3534 1925 3592 en
1959 3508 3138 3629 stück zu vereinen und zwei, widerspenstige und so gar nicht
1846 3572 1889 3634 0
1951 3575 3150 3694 zusammenpassende Wesen zu einem schönen Einklang zu
1960 3669 2179 3738 stimmen.“
2044 3680 3146 3766 Vereit zur „Fahrt über den Styz“ steht das Schiff des
1961 3730 3151 3833 Charon. Unter der Führung des Hermes nah'n die Toten
1880 3772 1952 3831 1•
1962 3773 3136 3893 zur Überfahrt und, zwanglos veranlaßt durch einen ver¬
1958 3829 3138 3922 gisteten Gewaltherrscher, der um jeden Preis, und sei es
1963 3853 3152 3971 auch für einen einzigen Tag, zur Oberwelt zurückkehren
1967 3914 3152 4025 möchte, erzählen alle von ihren Leben und Sterben. In
1974 3963 3146 4083 starken und gewaltigen Worten kommt dabei die ausglei¬
1964 4024 3146 4133 chende Gerechtigkeit des Todes, der Unterschied von Schein
1964 4062 3155 4190 und Wirklichkeit, von äußerem Glanze, der inneres Elend
1970 4117 3158 4210 verbirat und von äußerer Armut, die durch inneres Ge¬
2996 4162 3190 4222 tdann —
