3436 4320
1677 254 2136 363 box 22/9
216 268 1618 381 17.3. Zum grossen Würstel
1488 1475 1619 1559 ∆
1508 1542 1616 1590 S.
1766 1465 2043 1620 VER“
1400 1521 1530 1629 78
1506 1580 1609 1640 8
1661 1603 1737 1661 8
1358 1604 1495 1684 ∆
1741 1607 2272 1704 en für Zeitungs-Ausschnitte
1574 1640 1721 1736 1
1718 1668 2082 1765 rdiaplatz 4.
1262 1663 1575 1783 2 I 5
1707 1734 1864 1789 agen
1544 1733 1687 1858 2
1702 1769 2258 1871 ristlania, Genf, Kopenhagen,
1697 1829 2264 1909 polis, New-Vork, Paris, Rom.
1684 1860 2078 1944 lolm, St. Petersburg.
1673 1897 1896 1967 ohne Gewähr.)
1117 1943 2073 2101 Ausschnitt ans: Die Warte, Mlünchen
1559 2021 1762 2110 5. 1906
1117 2047 1290 2138 vom:
1981 2091 2475 2189 rete o
1145 2129 2476 2242 In unserer Zeit, in der die Suure eine so große Rolle spielt und sich einer
1024 2173 2467 2294 gewissen Beliebtheit erfreut, hätte der Einakter des altgriechischen Spötters Lukianos
1009 2230 2464 2325 „Die Fahrt über den Styr“ (deutsche Bearbeitung von Paul Lindau)
1020 2274 2464 2387 wohl auf Interesse rechnen dürfen: und doch hörte das Publikum des Lustspiel¬
1016 2320 2470 2451 theaters nur mit sehr geringer Teilnahme zu, wie der Philosoph des zweiten
1006 2362 2468 2480 Jahrhunderts Leute und Sitten seiner Zeit mit scharsem Spott geißelt, indem er
1003 2397 2459 2533 die Seelen der Verstorbenen vor dem Richter der Unterwelt erscheinen und von
999 2475 2456 2582 ihrem Leben und Tun auf Erden berichten läßt. Trotz mancher scharfen Pointe im
1000 2505 2462 2633 Dialog weht das Stückchen etwas nain an, verdient aber keinesfalls die ihm zuteil¬
999 2555 2456 2682 gewordene Ablehnung. Nicht viel besser erging es der zweiten Darbietung des Fin¬
1003 2607 2450 2727 akterabends, dem Bilde aus dem dreißigjährigen Kriege „Mamzelle Courasche“.
987 2664 2444 2767 von Erich Norn; die Brutalität dieses Stückes stieß ab, die langen und unerfreu¬
987 2719 2447 2843 lichen Dialoge ermüdeten. Den Beschluß des Abends bildete Arthur Schuitlers
991 2760 2454 2874 Burleske „Zum großen Wurstel“, die im Wurstelprater spielt und sich schon
994 2795 2448 2936 dadurch die Herzen der Wiener gewann. Die Majorität des Publikums ergötzte sich
979 2874 2440 2958 am Milien und der trefflichen Darstellung und applaudierte harmlos, ohne sich
977 2910 2433 3020 darüber klar zu werden, daß Schnitzler da eine bissige Persiflage nicht nur auf
975 2957 2442 3070 Schauspieler und Dichter, sondern auch auf das Publikum selbst geschrieben. — An
980 3000 2436 3121 einem andern Abend kam im Lustspieltheater Felir Dörmann mit der Komödie
975 3055 2429 3154 „Die Frau Baronin“ zu Worte, die eine sogenannte Schlüsselkomödie sein soll.
973 3108 2429 3209 Mag sein, daß es für den Eingeweihten amüsant war, die Richtung des damit ab¬
968 3146 2431 3265 geschossenen Pfeiles zu verfolgen, — der unparteiische Zuschauer konnte nur konsta¬
961 3202 2427 3334 tieren, daß er den Abend an ein unerquickliches und flaches Stück verloren halte.
2077 3295 2342 3370 H. Brentano.
