3484 4320
1169 249 1219 310 □
242 245 1555 348 17.3. Zun grossen-ürste1
383 1183 764 1288 Telephon 12801.
1189 1248 1316 1337 35
575 1296 1274 1398 „UBSERGER
391 1369 1505 1482 #österr. behördl. konz. Unternehmen für Zeilungs-Ausschritte
578 1447 1309 1544 Wien, I., Concordiaplatz 4.
807 1507 1104 1580 Vertretungen
402 1550 1504 1616 in Berlin, Budapest, Chicago, Christiania, Genf, Kopenhagen,
395 1589 1502 1662 London, Madrid, Mailand, Minneapolis, New-York, Paris, Rom,
581 1632 1344 1700 San Francisco, Stockholm, St. Petersburg.
757 1678 1170 1752 (Ouellenangabe eboe Gewähr.)
394 1749 815 1848 Ausschnitt aus:
532 1825 833 1906 24. 3.J906
993 1800 1500 1928 garo, Wien
402 1871 559 1937 vom:
358 1990 1629 2064 Eingebettet zwischen zwei Stücken, von denen man nicht recht weiß,
365 2046 1621 2103 was man mit ihnen anfangen sol, wurde im Lustspieltheater ein Einalter
345 2095 1636 2149 Ivon Erich Korn, betitelt „Mamzell Courasche“ zur Aufführung gebracht,
350 2155 1639 2217 der wahrhaft blendend inszeniert, geeignet erschien, lebhafte Befriedigung
322 2172 1632 2261 T#hervörzurufen. Mit einigen kühnen Strichen versetzt uns der begabte Antor
348 2230 1640 2299 Emittenein das Getriebe des Lagerlebens im dreißigjährigen Kriege, wobei
363 2284 1636 2352 die einzelnen Figuren so scharf und natürlich charakterisiert erscheinen, daß
335 2377 1607 2438 Eman lauter guten, alten Bekannten zu begegnen glaubt. Namentlich die
331 2427 1604 2507 Zeichnung dieser Mamzll und späteren Madame Courasche ist ein
341 2474 1598 2550 Meisterstück. — Allerbins bot auch die Trägerin der Titelrolle, Fräulein
338 2524 1618 2600 Angela Helm, eine in dieser Art der Auffassung kaum zu übertreffende
340 2571 1608 2648 Leistung. — Recht nett und passend war hier auch die von Oskar Strauß
341 2623 1615 2692 beigestellte Musik. — Von den beiden anderen Novitäten des Abends ist
338 2695 1608 2744 die Burleske „Zum großen Wurst!“ von ArthurSchnitzler, ein
331 2729 1600 2782 Werk, zu dem entweder das Publikum over der Aukor, oder gäl beide
328 2770 1616 2838 noch nicht reif sind, während in dem letzten der drei Einakter „Die Fahrt
327 2818 1600 2896 über den Styx“, einer Satire des Lucian, für die deutsche Bühne be¬
336 2884 1613 2931 arbeitet von Paul Lindau, ernste Betrachtungen mit wahren Ulkitäten,
336 2927 1610 2981 sinniges und banales im wechselvollen, bis zum Schlusse unenschiedenen
324 2975 1601 3031 Kampfe liegen, so daß das einemal die Lacher verstummen und das andere¬
335 3015 1617 3091 mal die Stimmungsvollen zu lachen beginnen, bis schließlich beide Gruppen
329 3083 1429 3130 gleich teilnahmslos geworden das erlösende Ende herbeisehnen.
442 3112 1605 3173 Von den Darstellern hatte Herr Vaiberg einmal einen ausnehmend
329 3164 1608 3239 glücklichen Abend. Neben ihm sind noch die Herren Guttmann, Bulß,
342 3233 1169 3283 Dumont, Nerz und Kneidinger zu nennen.
454 3260 1462 3339 Im „großen Wurstl“ war Herr Hofer recht originell.
1612 237 2172 331 box 22/9
2539 1721 2920 1806 Telephon 12801.
2041 1821 2756 1965 „OBSERVER‘
1857 1922 2977 2036 I. österr. behördl. konz. Unternehmen für Zeitungs-Ausschnitte
2053 1998 2793 2080 Wien, I., Concordiaplatz 4.
2278 2063 2578 2129 Vertretungen
1878 2085 2971 2191 in Berlin, Budapest, Chicago, Christiania, Genf, Kopenhagen,
1887 2141 2973 2235 London, Madrid, Mailand, Minneapolis, New-York„ Paris, Rom,
2051 2196 2815 2276 San Francisco, Stockholm, t. Petersburg.
2231 2232 2644 2298 (Oualleffogaha ehne Gew hr.)
2317 2237 3117 2351 Breslaner Murgen Zoltung
1897 2323 2306 2415 Ausschnitt aus:
2209 2366 2498 2460 25 3. 1906
1892 2437 2068 2501 vom:
1887 2432 3121 2542 — 6. Märg: Herr Jarns in seinem Lustspieltheater tief drinnen
1815 2522 3135 2590 im Prater, pflegt, wenn es finster wird, noch immer die litterarischen
1833 2551 3119 2633 Abende. Jetzt hat er des Lucian fein pointierte Satire „Die Fahrt
1823 2591 3125 2677 über den Styx“ nach Paul Lindaus Bearbeitung ausgegraben, die im
1832 2622 3113 2726 ganzen recht gut dargestellt wird. Allein hinter dem Tegethoff=Monu¬
1828 2680 3118 2760 ment in der Umgebung des Praterwurstels goutiert man solche Fein¬
1830 2698 3112 2783 geschlissenheit nicht. Viel besser ging es, weil sie sich dem genius loci
1839 2755 3114 2822 mehr anschmiegte, Arthur Schnitzlers Burleske „Zum großen Wurstl“,
1846 2779 3117 2863 wiewohl auch diese Wurstliade kaum verstanden wurde. Herr Jarno
1856 2828 3121 2900 wird gut tun, mit seinen litterarischen Abenden wieder as Josefstädter
1855 2870 3119 2943 Theater zurückzugehen, denn in der Umgebung der Fünfkreuzertänze,
1857 2903 3121 2983 des volkstümlichen Abzugbieres und des Wurstis, das noch immer das
1867 2941 3124 3019 #me Gäschen tatschlägt. kann die ernste Litteratur doch nicht gedeihen.
