3392 4320
224 284 388 359 Seite 6
255 402 442 481 Held:
284 425 1035 525 Nicht einen Schritt aus dieser Tür!
290 497 939 564 Herzog! Sie kennen diese hier?
253 557 521 633 Herzog:
292 575 1114 674 Zur Antwort bin ich nicht verpflichtet.
260 650 464 734 Held:
301 675 1158 756 Sprich, Liesl, du! — Sie liegt vernichtet!
300 749 994 795 Hal ahn' ich den Zusammenhang:
290 786 984 861 Für meine Liebe das der Dank!
304 840 522 904 erzog:
298 851 1038 952 Da Sie Ihr Schicksal nun verstehn,
291 929 884 991 Sei mir gestattet abzugehn.
261 975 442 1057 Held:
292 1009 1048 1086 Verzeihung, Herzog, nicht so schnell!
294 1065 988 1143 Jetzt fordre ich Sie zum Duell!
252 1107 526 1187 Herzog:
285 1136 1010 1217 Es schlägt sich für seine Herzogin,
286 1181 1172 1286 Doch nicht für ein Mädel der von Lawin!
369 1248 1047 1350 (Ab mit den zwei stummen Herren.)
262 1332 446 1428 Held:
290 1363 1173 1450 Hier liegt sie, wie vom Traum umnachlet,
296 1434 1035 1499 In einer Ohnmacht hingeschmachtet,
301 1459 1194 1557 Sieht aus, als könnt' sie bis fünf nicht
912 1511 1101 1579 zählen,
300 1549 1200 1650 Und weiß doch so gut zu verraten, zu
917 1604 1126 1680 quälen!
300 1631 701 1733 Was tu' ich nur?
295 1706 1103 1802 (Es klopft innen von der Schlafzimmertür.)
755 1787 1091 1856 Die Herzogin!
301 1812 1077 1908 Ha! ich vergaß — sie ist noch drin!
298 1887 1001 1943 Nun fügt sich alles wunderfein,
305 1931 995 1991 Es wird ein selines Abenteuer, —
303 1965 1086 2031 Nein, Liesl, ich bin auch nicht treuer,
296 2014 1037 2094 Und nachher darf ich dir verzeihn.
230 2055 1208 2157 (Er geht zur Schlafzimmertür; die Herzogin kommt
618 2129 812 2198 heraus.)
266 2159 462 2251 Held:
297 2209 1076 2289 Nun wollen wir kosen, küssen, tollen,
300 2270 1202 2339 Jetzt machen Sie aus mir, was Sie wollen!
267 2322 1193 2403 Herzogin: Ich bitte, den Weg mir frei¬
731 2372 970 2432 zugeben!
271 2408 1192 2491 Held: O, Herzogin, Sie liebten mich eben!
268 2473 908 2551 Herzogin: Wer sind Sie?
595 2510 1169 2615 Ich bin des Stückes Held!
260 2532 475 2605 Held:
268 2583 607 2651 Herzogin:
294 2601 1198 2683 Ich liebte nur einen, der morgen fällt! (Ab.)
265 2675 1212 2746 Der Naive: Warum denn? ... warum
214 2720 1210 2783 geht sie denn sort?. .. Jetzt könnt' sie ja auf
228 2772 703 2838 ihre Kosten kommen!
255 2824 1218 2896 Der Dichter: Das scheinen die Leute
228 2868 670 2939 nicht zu begreifen!
271 2909 1209 3001 Direktor: Ich hab's Ihnen ja g'sagt. Es
226 2966 475 3047 geht schief.
273 2984 1217 3080 Der Dichter: Und jetzt kommt noch der
230 3059 684 3137 gefährliche Menolog!
272 3096 1209 3173 Direktor: Ihr ganzes Stück ist gefährlich.
228 3163 1175 3225 Mit dem Ringkämpfer hätt's schließen müssen.
270 3214 1205 3259 Der Dichter: Wie lönnen Sie das sagen!
231 3255 1216 3318 Der Ringkämpfer ist uns doch im letzten Moment
239 3304 1132 3372 eingefallen; der gehört doch gar nicht dazu.
272 3346 1214 3416 Direktor: An Ihrem Stück ist überhaupt
231 3393 1003 3472 nur das gut, was nicht dazu g’hört!
280 3452 480 3525 Held:
320 3485 1211 3545 Fort ist sie! War's nicht wie ein Traum?
332 3522 1220 3598 Blieb' nicht ihr Duft, so glaubt' ich's kaum.
326 3582 1043 3636 Und Liesl schlummert hier in Ruh.
322 3622 1188 3694 Ich frage nun: was sagt man da dazu?
323 3669 1011 3730 Indem ich nämlich alles versteh',
325 3702 1107 3773 Fühl' ich nicht Groll, nur leises Weh.
278 3740 1211 3842 Liesl (schlägt die Augen auf): Wo bin ich?
660 3815 892 3877 Bei mir.
275 3811 488 3884 Held:
710 3848 1112 3934 Und der Herzog?
277 3859 502 3928 Liesl:
928 3909 1133 3969 Ist fort.
290 3914 489 3978 Held:
285 3933 939 4043 Liesl: Und ich tat dir weh ¬
701 4000 1119 4081 Das ist das Wort.
294 4013 491 4087 Held:
333 4046 1252 4141 Jetzt aber sag mir: wie konntest du
764 4098 979 4169 nur —?
2699 238 3096 310 Beilage zu Nr. 926
1482 259 1841 337 Die Oster=Zeit.
2210 359 3119 450 Nicht lebenswürdig scheint mir dieses Leben,
1209 358 2178 483 Liesl: Es war halt so schön! — Es ist
2207 429 3060 498 Zu ew'gen Ruhe will ich mich begeben.
1683 437 1995 503 meine Natur.
1215 474 3124 554 Der Naive: Haha! es ist ihre Natur! (Der Tod in schauerlicher Maske, dunkel verhüllt,
2510 535 2728 593 tritt auf.)
1175 532 1478 620 Das ist eine!
2265 565 2999 659 (Die Burgersfrau fällt in Ohnmacht.)
1209 592 1414 665 Held:
1250 611 2152 717 O, rührendes Kind, wenn das Herz auch
2174 639 3116 730 Erster Bürger: So beruhig dich doch!
1809 674 1968 739 bricht,
2304 696 2963 797 (Unruhe. El führt seine Frau ab.)
1252 704 2152 799 Man kann dir nicht zürnen: du faßt es ja
1805 765 1973 821 nicht!
2178 773 3132 856 Der Dichter (zum Direktor): Das hat
1266 775 2152 867 Und daß du dem Herzog gehörtest, auch das
2147 842 2535 911 grad noch gefehlt!
1259 860 2151 924 Nähm' ich gern als Symbol — aber sag
2190 867 2656 958 Held: Wer bist du?
1806 886 2146 960 mir, für was?
2615 893 3135 996 Sieh mir ins Angesicht!
2181 932 2352 987 Tod:
1217 937 2157 1030 Liesl: Du red'st so gescheit, du bist ja
2182 975 2787 1038 Held: Hinweg! Mir graut!
1194 1002 1385 1077 so gut!
2191 991 3126 1092 Erster Skandalmacher (der bisher
1404 1011 1928 1107 (Sie sinkt an seine Brust.)
2156 1061 2733 1131 ruhig dagesessen): Mir auch!
1220 1080 2149 1171 Der Naive: Hat ihm schon! Er heirat'
1187 1142 1499 1232 sie doch noch!
2192 1172 2716 1281 Andere (rufen): Pst!
1214 1177 2161 1278 Der Bissige: Es ist einfach irrsinnig!
2670 1221 3124 1309 Riefst du mich nich!?
2186 1245 2356 1306 Tod:
1216 1256 2163 1334 Der Wohlwollende: Ich weiß
2196 1275 3129 1360 Zweiter Skandalmacher: Wer
1189 1319 2155 1367 nicht ... ich weiß nicht ... es steckt was drin ...
2154 1335 2624 1401 hat ihn denn gerufen?
1226 1359 2142 1421 Held: Ha! — Liesl, hast du zu sterben
2189 1379 2550 1439 Einige: Pst!
1192 1404 1334 1468 Mut?
2200 1413 2741 1472 Andere: Recht hat er!
1227 1434 1777 1534 Liesl: Warum denn?
2188 1438 2823 1539 Der Dichter: Verdammt!
1679 1483 2164 1576 Auf diese Weise allein
2201 1507 2353 1579 Tod:
1226 1512 1420 1573 Held:
1272 1552 2018 1608 Kannst du mir wieder zu eigen sein,
2247 1532 3137 1658 Ich bin der Tod— Was willst du hier?
2202 1575 2385 1653 Held:
1273 1596 1965 1660 Um also an des Geliebten Seiten
2206 1624 3039 1712 Erster Skandalmacher: Haha!
1277 1628 2111 1715 Entfühnt in den Weltenraum zu gleiten.
1229 1683 1822 1770 Liesl: Nein, lieber nicht.
2334 1689 2944 1785 (Zweiter Skandalmacher pfeift.)
1670 1727 2162 1813 Wie süß! Wie dumm!
1240 1747 1429 1818 Held:
2190 1750 3101 1837 Der Naive: Kinder, jetzt wird's lustig.
1241 1788 2162 1874 Liesl: Nein! fällt mir nicht ein — ich bring'
2207 1797 3137 1884 Der Wohlwollende: Die Leute haben
1709 1836 2049 1904 mich nicht um!
2166 1869 2567 1925 doch keine Ahnung.
1229 1863 2153 1973 Held: So weiche von hinnen — mich ekelt
2199 1902 3143 1974 Der Bissige: Wer hat keine Ahnung?“
1708 1930 1856 2004 sehr!
2241 1958 3169 2016 Recht haben sie ... Man muß sich nicht
1234 1964 1450 2037 Liesl:
2167 1980 3145 2063 alles bieten lassen! Wenn ich nicht so gebildet
1281 1991 2157 2081 Wie? ist es möglich — du magst mich nicht
2163 2050 2777 2122 wäre, möckt ich auch pfeifen!.
1714 2057 1884 2124 mehr?
2205 2096 3152 2158 Einige: Ruhel.... Ruhe! Weiterspielen!
1372 2105 2011 2206 (Der düstere Kanzelist tritt auf.)
2201 2136 3136 2202 Direktor (auf den Stufen): Ich bitte um
2169 2195 2717 2257 Ruhe, meine Herrschaften!
1229 2187 1740 2280 Liesl: Mein Vater!
2207 2235 2774 2289 Einige: Brivol Bravo!
1227 2257 1567 2334 Kanzelist:
2192 2281 2769 2343 Tod: Ich bin der Tod —
1461 2272 2179 2353 Hal find' ich dich, trauriger Held!
2199 2310 3156 2390 Zweiter Skandalmacher: Das hat
1273 2338 2149 2396 Wir haben nichts, und ihr habt das Geld!
2169 2378 2795 2458 er ja schon g'sagt! (Gelächter.)
1275 2384 2163 2475 Wir schuften für euch, und ihr beutet uns
2202 2414 3026 2490 Der Dichter: Jetzt lachen sie gar!
1717 2438 1841 2495 aus,
1278 2455 2176 2543 Verführt unsre Töchter — wir warten zu
2200 2471 3149 2538 Direktor: Jetzt stellen Sie sich vor, man
1720 2516 1891 2594 Haus!
2168 2530 3147 2585 hätt' den Leuten nichts zu essen gegeben ...
1232 2552 1435 2631 Held:
2169 2567 3045 2642 da hätt' man Sie schon längst erschlagen.
1286 2587 2163 2670 Du alter Mann — wie klingen deine Worte
2603 2613 3153 2674 Was willst du hier?
2202 2622 2398 2702 Held:
1275 2649 2177 2722 So schal und sinnlos an des Jenseits Pforte!
2251 2662 3158 2739 Wie ich schon einmal die Ehre hatte, Sie zu
2166 2708 2568 2788 fragen. (Gelächter.)
1241 2707 2161 2783 Kanzelist: An diesen Taugenichts sich fort¬
1724 2760 2004 2818 zuschmeißen!
2207 2735 3160 2831 Der Dichter: Was ist das?! ... Dieser
2170 2802 3167 2882 Haderlump! Jetzt macht er sich über mich lustig.
1242 2783 2165 2892 Held: Es braucht nicht Schimpf, von hier sie
2215 2861 2638 2920 Viele: Pst! Pst!
1716 2855 2004 2932 fortzureißen.
2212 2887 2718 2968 Tod (überschreit alle):
1402 2897 1981 3001 (Liesls Bräutigam tritt ein.)
2254 2913 3159 3014 Der dort ist unsterblich — ich komm' zu dir!
1234 2992 1831 3075 Held: Schon wieder wer!
2505 2994 2824 3085 (Es wird still.)
1243 3046 1957 3126 Liesl: Mein Bräutigam!
2257 3063 3064 3136 Laß meine Tracht dich nicht erstaunen,
1826 3078 2153 3170 Alle Wetter!
1239 3104 1440 3179 Held:
2252 3132 3094 3192 Mein Garderobier hat seltsame Launen.
1286 3119 1742 3223 Wer sind Sie denn?
2263 3146 3163 3224 Seitdem die Lebend'gen nicht mannigfaltig,
1235 3175 2175 3270 Bräutigam: Von Brackenburg ein Veiter.
2260 3214 3027 3289 Erscheint der Tod höchst vielgestaltig.
1246 3256 1474 3327 Liesl:
2265 3268 3117 3356 (Einige gehen. — Die Unruhe wird ärger. —
1284 3277 2132 3376 O Jugendfreund, geduldiger, bist du es?
2171 3309 2563 3398 Der Bissige pfeift.)
1290 3344 1814 3415 Verzeih und heirat mich!
1798 3386 2179 3457 Gewiß, ich tu' es,
2210 3360 3183 3466 Der Wohlwollende: Und Sie wollen
1243 3393 1647 3464 Bräutigam:
2179 3438 2769 3505 ein gebildeter Mensch sein?!
1295 3444 2067 3496 Seit Jahren steh' ich nur dazu bereit.
2211 3453 3165 3552 Der Vissige: Was geht das Sie an?...
1290 3453 2187 3546 Hast du der Liebe Laufbahn nun beendet?
2220 3526 2838 3597 Einige: Ruhe!... Ruhe!
1249 3521 1457 3598 Liesl:
2209 3574 3165 3655 Der Dichter: Jetzt geh'n die Leut' gar
1293 3564 2186 3654 O lieber Franz, ich glaub', jetzt ist es Zeit!
2183 3609 2301 3691 fort!
1434 3635 1964 3727 (Zu Vater und Bräutigam:)
2219 3647 3163 3751 Direktor: Die, die fortgehen, können
2180 3713 2700 3788 wenigstens nicht pfeifen.
1280 3695 2173 3799 Zu euch gehör' ich, war bisher verblendet.
2216 3738 3167 3824 Der Wohlwollende (zum Bissigen):
1553 3784 1844 3860 (Alle drei ab.)
2180 3814 3176 3881 Warum geh'n Sie denn nicht, wenn's Ihnen
2180 3860 2461 3936 nicht gefällt?
1250 3847 1590 3940 Räsoneur:
2220 3888 3098 3965 Der Bissige: Halten Sie Ihr Mauli
1297 3880 2187 3969 Zum Alltag wieder, zum Geschäft, ins Amt,
1305 3950 2193 4027 Ein jeder kehrt zurück, woher er stammt.
2495 3952 2838 4034 (Sie stehen auf.)
1255 4007 1446 4080 Held:
2231 4006 2803 4092 Einige: Hinaus! Ruhe!
1301 4046 1986 4106 Mich dünkt, ich büßte vieles ein —
2178 4055 3158 4160 (Der Wohlwollende und der Bissige setzen sich wieder.)
1305 4090 2054 4171 Betrogen bin ich allseits und allein.
3138 2171 3184 2236 0
