3484 4256
456 129 1070 204 Das Maerchen
1179 127 1580 224 bos 7/2
290 128 1059 242 J. Dus Aderenen
617 1049 2953 1129 es den status quo. Es wird mit Rußland weiter liebeln und ! Approvisionirungsfrage den beruhmt gewordenen Satz gesprochen
3034 1053 3386 1156 genein Abgebron
2947 1083 3198 1176 richtet hat.
616 1116 1783 1165 nach wie vor wird Frankreichs Zukunftshoffnung auf eine
1783 1114 2960 1194 hat: „Ah, die Wiener sollen Beinlvieh essen!" Wir fürchten, der
3049 1139 3383 1199 Landesvertheidig
617 1161 2953 1219 Karte gesetzt sein, auf die guten Gesinnungen des „weißen treffliche Mann müßte wohl Recht behalten, ja, mehr als Recht
2957 1163 3373 1244 neuerdings aus, daß
618 1192 1075 1264 Zaren“ an der Newa.
1777 1197 3376 1287 behalten, falls es seinen Freunden Lueger, Liechtenstein 2c. ge=I in den möglichst engste
1796 1309 2935 1373 will; freilich könnte man fragen, warum denn dann noch
949 1300 1451 1391 Das Märchen.
2951 1328 3383 1385 er weiß, daß sie vo
1797 1354 2940 1431 keinen Liebhaber der Gatte genirt hat. Auch auf die Zukunft
2949 1361 3379 1429 lebte; da wird gezeigt
616 1370 1779 1435 (Schauspiel in drei Aufzügen von Arthur Schnitzler. Zum ersten
1791 1394 2951 1468 fühle ich sie: der Gedanke ist in der That unerträglich, daß
2947 1403 3373 1468 tilgen, nicht verwische
600 1416 1780 1475 Male aufgeführt am Deutschen Volkstheater den 1. December.)
1784 1429 2948 1513 sie nach mir einem Anderen gehören, die süßen Worte sagen
2942 1455 3382 1520 Nerven, des Gemüthe
706 1465 1780 1526 Man fühlt in jeder Scene dieses Stückes, daß es immer
1776 1484 2953 1567 und noch einen Rest der Seele haben könnte, der
2940 1496 3383 1562 Zorn, Ekel, Haß ver
607 1505 1777 1570 Kunst aus freien Wallungen der Seele, nirgends Mache,
1783 1523 2950 1603 nicht lange an mich vergeben und von mir erschöpft
2940 1545 3380 1605 geht der Hörer, auch
615 1546 1778 1622 nirgends Geschäft, nirgends Rechnung auf die Laune der
1784 1570 2724 1648 wäre. Aber auf die Vergangenheit kenne ich
2760 1571 2943 1642 e nicht,
2949 1588 3382 1644 er sich doch aus Ande
605 1597 1782 1656 Menge ist. Es hai die heitere Unschuld einer reinen, durch
1782 1618 2949 1690 und das Hebbel'sche, daß darüber hinweg kein Mann
2954 1630 3315 1696 zweiten kann er
613 1645 1780 1696 keinen technischen Zwang verdorbenen Jugend, welche wie
1783 1653 1966 1716 kann,
1951 1660 2936 1727 war mir immer ein philiströs absurdes
2947 1672 3372 1737 Helden bestritten, und
606 1692 1783 1761 im Traume, ihren heimlichen Trieben gehorsam, elementarisch
1782 1704 2938 1780 Wort: sie thut mir höchstens leid, daß sie das Pech hatte,
2950 1710 3376 1790 gehen, das doch sch
605 1736 1587 1787 aus sich schafft. Das gibt ihm eine schöne Weihe.
1782 1748 2938 1816 mir nicht früher zu begegnen. Ich könnte auch zeigen, daß
2953 1765 3202 1827 empfänglich.
698 1761 1782 1840 Künstlerisch ist es ohne Zweifel, weil es kann, was es
1781 1796 2938 1860 viele Künstler Frauen mit Vergangenheiten haben, und ich
3020 1803 3382 1884 Aber hier geschie
604 1809 1781 1874 will, und ohne Rest seine Gefühle, seine Absichten
1774 1829 2934 1905 habe oft, erst heuer wieder am Grundlsee, Bauern mit der
2942 1852 3382 1931 nicht das Andere. D
618 1860 1785 1926 formt. Fraglich mag es nur scenisch sein, ob das
1772 1883 2945 1932 größten Ruhe ihres unbefangenen Gemüthes über den ersten
612 1903 1778 1949 literarisch unanfechtbare Werk auch theatralische Kraft hat.
2941 1900 3343 1969 möglichen Stücken.
1774 1925 2934 1985 Geliebten ihrer Geliebten, ihrer Frau gehört; so treffen sich
611 1939 1784 2015 Es würde nicht schlechter, wenn sie ihm fehlt, weil Kunst und
2938 1939 3380 2006 beginnt, unvermuthet
1774 1960 2931 2042 hier die freie Moral der Großen und die alte Sitte des
601 1979 1774 2039 Bühne, Werth und Wirkung sich nicht treffen müssen. Es
2942 1989 3375 2056 Denner, der die schöne
1785 2013 2934 2077 Volkes. Doch weiß ich, daß die Menge der üblichen Hörer,
613 2027 1776 2088 kann etwas sehr theatralisch und gar keine Kunst, und es
2934 2024 3367 2098 der Meinung jenes Fr
1774 2050 2937 2106 die gerade im Theater entscheiden: unsere bürgerliche Ge¬
609 2078 1779 2147 kann sehr künstlerisch und gar nicht Theater sein. Ja, wenn
2938 2080 3382 2145 der Vergangenheit fra
1777 2092 2940 2180 sellschaft, hier anders empfindet. Ihr ist die Eifersucht auf
599 2124 1783 2184 man den Räthen der Kenner glauben möchte, wie etwa der
2933 2121 3380 2204 das thörichte „Märche
1771 2130 2616 2219 die Vergangenheit vertraut und unerläßlich.
609 2155 1772 2225 gute Vater Sarcey bisweilen redet, scheinen sie unversöhnlich.
2941 2164 3370 2224 Dünkel des Mannes,
1861 2195 2938 2280 Man darf also gegen dieses Thema nichts sagen. Es
601 2205 1777 2265 Künstlerisch ist jedes redliche Bekenntniß einer Natur, das
2938 2207 3381 2272 und eine zu verachten,
601 2249 1778 2316 die rechte Sprache ihrer besonderen Weise weiß. Theatralisch
1774 2229 2941 2327 stimmt mit den Forderungen der Bühne. Es trifft die
2930 2253 3390 2322 um ihre Liebe warben
1778 2293 2931 2364 Meinung der Menge. Es ist theatralisch. Aber es konnte
600 2287 1780 2358 ist, was gefällt. Dort will Einer beichten. Hier soll er wirken.
2938 2296 3388 2364 dauert nicht. Nicht al
1777 2337 2930 2406 zwei Stücke geben. Der Dichter konnte es doppelt führen,
606 2331 1766 2400 Dort gilt, was Einer aus sich bringt. Hier gilt, ob er es in
2940 2342 3379 2406 stimmen, besser lehren,
1772 2363 2931 2441 indem er entweder die Werke dieser Eisersucht oder den
595 2380 1768 2445 den Hörer bringt. Kunst ist einsam, aber die Bühne will die
2936 2388 3383 2452 sagt und muß plötzlich
1780 2418 2251 2493 Kampf gegen sie zeigte.
593 2411 967 2497 Lust der Menge.
2949 2428 3379 2499 eigenen Gedanken gen
693 2451 1764 2537 Die Wirkung kann versagen, weil der Hörer den Stoff,
2951 2473 3380 2537 Schablone, an der Kri
1859 2473 2926 2546 Er konnte die Eifersucht der Vergangenheit am Werke
601 2506 1771 2575 der gewählt wurde, oder weil er die Form, die gegeben
2933 2506 3383 2591 den Muth seines Vers
1786 2504 2929 2596 zeigen; wie etwa Othello die Eifersucht in der Gegenwart
606 2556 1773 2622 wurde, nicht empfangen will. Der Stoff kann gegen das
2921 2552 3371 2630 Begriffen. So wird
1763 2557 2930 2636 zeigt: er nahm dann eine Liebe und ließ sie an der Ver¬
597 2607 1777 2670 Gesühl, gegen den Geschmack, gegen die Gewohnheit der
2925 2603 3378 2672 hat. Es wird auch n
1778 2600 2931 2671 gangenheit des Mädchens verderben, die allmälig sei es ge¬
594 2643 1764 2704 Hörer sein. Oder er kann ihren Wünschen, Trieben und
2924 2650 3052 2706 hat.
3036 2656 3375 2718 Es wird nur ge
1774 2645 2923 2718 standen, sei es verrathen wird; der Schmerz des Mannes
605 2692 1768 2749 Bräuchen gemäß, aber in der Führung fremd und anders
2925 2704 3392 2772 Meinung, sondern ger#
1778 2700 2934 2753 zwischen Leidenschaft und Ehre und die Buße der Gefallenen
603 2742 1772 2807 und unverträglich sein. Stoff und Führung sind an jedem
1771 2731 2938 2803 waren da die Kräfte, die die Handlung trieben. Oder er konnte
3013 2746 3391 2824 Also unter deme
601 2777 1500 2850 Stücke zu prüfen. Sie entscheiden seine Kraft.
1780 2797 2936 2852 einen Spötter gegen diese Eifersucht zeigen, der sich über sie
2924 2786 3371 2867 Thema: der Zwist v
697 2809 1767 2886 Als Thema wird im „Märchen“ zuerst die Eisersucht
1779 2835 2935 2904 heben will, aber leidend von ihrem Rechte gezwungen wird;
2926 2844 3383 2913 dem Kopfe nicht gehor
593 2853 1763 2922 gemeldet, die Eifersucht auf die Vergangenheit der Geliebten.
1773 2880 2919 2943 er schrieb dann das Stück, das Gaston Salandri als „Le
2927 2894 3387 2951 klammert — das rech
602 2918 1768 2962 Das ist dem Sinne der üblichen Hörer geläufig. Ich gestehe,
1767 2921 2923 2997 Grappin“ geschrieben und die Pariser Freie Bühne gespielt
2921 2930 3360 3003 zwischen zwei Zeiten
601 2953 1764 3012 daß ich anders fühle. In der Gegenwart mag ich es be¬
1764 2970 2927 3020 hat, die Geschichte des Herrn Jacques Privat, der das Vor¬
2922 2987 3386 3050 gehört, alt im Gemüt
602 2998 3378 3105 greifen: es ist in der Natur der Liebe, daß sie nicht theilen urtheil verachtet und sich mit seiner Geliebten vermält, obwohl windet. Das ist kü
2929 3193 3034 3318 0
3030 3475 3095 3548 0
2960 3484 3042 3546 3
