3436 4256
1426 44 1771 87 e rgte wrns
610 58 1767 119 sind.“ — „Ueber was sind wir noch nicht hinaus?“ — „Und dies
602 94 793 148 Thema?“
836 97 1270 164 „Das der Gefallenen.“
1330 111 1767 168 „Sie wird für ewig die
595 137 1763 204 Gefallene bleiben!“ — Der Held ist anderer Meinung. „So:
594 197 1781 253 ruft er. „Und wir Männer, die wir unsere Liebe oder was wir
602 233 1778 278 dafür ausgeben, hundertmal verschwendeten; wir, die wir feile!
601 268 1765 336 Dirnen im Rausch umarmten; wir, die wir Weiber um einer
601 308 1768 362 flüchtigen Stunde willen für ewig betrogen; wir, die wir die ge¬
597 355 1775 424 meinsten Wüstlinge oder die feurigsten Liebhaber waren, wir haben
596 395 1776 461 nun einmal das ####t, jenes Weib zu verstoßen, weil es die
594 430 1771 505 Kühnheit gehabt, zu lieben, bevor wir erschienen? Nein, wir haben
582 476 1772 548 das Recht nicht, Unnatürliches zu fordern — ein Weib zu ver¬
592 531 1766 589 achten, weil es gewagt, zu lieben, bevor wir um ihre Liebe warben
650 566 1758 623 ja, ein Weib, für das wir weiter gar nichts empfinden, ein¬
592 592 1764 681 fach aus der Gesellschaft unserer Mütter und Schwestern auszu¬
588 644 1762 713 schließen, sie hinabzustoßen und sie zu verderben, um sie dann eine
583 691 1770 764 Verlorene zu nennen! Es ist nicht nur dumm, es ist grausam. Und
578 736 1764 794 es ist Zeit, daß wir es aus der Welt schaffen, dieses Märchen
576 773 1767 857 von den Gefallenen! Wir müssen aufhören, sie zu peinigen und
587 810 1754 887 ihnen zu sagen, daß sie anders sind wie die Anderen! ... Wir
573 865 1753 934 dürfen ihnen nicht zurufen: Büßt, büßt, denn ihr habt schwer
579 908 1763 991 gesündigt! Wir müssen ihnen die nagende Reue von der Seele
574 951 1757 1006 nehmen, die ihnen nichts nützt, uns nichts nützt und sie nur elend
581 997 1766 1083 macht! ... Das kann die Natur nicht gewollt haben, daß die
575 1032 1447 1082 Frauen entehrt sein sollen, welche geliebt haben!“
1444 1037 1747 1102 — Diese Ver¬
581 1082 1789 1147 theidigung übt eine tiefe Wirkung auf Fanny, die junge Schau¬
579 1112 1748 1193 spielerin, sie ergreift die Hand des Sprechers und küßt sie. Fedor
577 1156 1755 1225 zuckt zusammen. Er fühlt, dieser Kuß barg ein doppeltes Ge¬
577 1205 1741 1277 ständniß, Fanny liebt ihn, und sie ist eine Gefallene! Nach
569 1249 1752 1320 dieser theatralisch geschickten Wendung fällt der Vorhang. Fedor
562 1276 1747 1359 wird nervös. Er denkt an Fanny, und auch seine Standrede weckt
569 1330 1749 1387 allerlei Zweifel in ihm; da tritt Fanny ein. „Man muß selber
560 1371 1751 1436 kommen, wenn man Sie sehen will," lispelt sie. Sie legt Hut
562 1406 1739 1489 und Schleier ab, gleich darauf ist das Liebespaar in hellen Flam¬
571 1465 1742 1527 men eines Streites. Fedor möchte am liebsten Alles ab¬
560 1501 1751 1588 brechen. „Sind es die alten Vorurtheile, die in mir lebendig
565 1550 1821 1612 werden?“ Sie fleht, bittet, drängt und beschwört ihn. „Ein Mär= m
561 1573 1817 1663 chen darf uns nicht trennen!" Da klopft es. Fanny muß sich P
556 1619 1734 1699 flüchten. Der Besuch, den Fedor erhält, bringt ihn mit Dr. Witte,
554 1670 1744 1744 dem früheren Liebhaber Fanny's, zusammen. Eine peinliche Stim¬
561 1716 1729 1787 mung, die noch peinlicher wiro, da Fedor wissen will, ob dieser
1741 1735 1810 1781 he
564 1764 1731 1820 Liebhaber der erste war, der Fanny eroberte. „Ein anständiger
1735 1772 1806 1825 de
553 1804 1732 1865 Mann unternimmt nur bei einer Frau etwas, bei der er kein
1744 1812 1819 1859 ga
565 1842 1730 1925 Obligo hat,“ sagt Witte Er war also nicht der erste. Endlich ist
1728 1856 1783 1901 p
553 1878 923 1942 Fedor allein dies
1079 1891 1733 1960 Abschen wider sich, wider Fanny,
546 1907 947 1982 wider alle Welt ersch
1030 1929 1724 2000 G#sopft, Fanny tritt zum zweitenmale
552 1970 1733 2026 ein; sie ist gekommen, #n augsholen und zu den Ihren zu führen.
554 2015 1136 2070 Er will sie zurückstoßen und
1241 2021 1724 2093 sich aufs neue angezogen.
1731 2022 1803 2087 an
685 2049 1217 2122 du mich?“ fragt er schließsich
1403 2065 1724 2127 Du selbst bittest
1725 2080 1779 2128 n
557 2078 669 2161 nich
825 2090 1201 2163 ruft Fanny, „du, di
1727 2118 1800 2171 to
1335 2102 1725 2186 seenn Herzen:) Ja,
552 2144 1328 2198 also höre: Ich liebe dich für alle Ewigkeie
1460 2147 1725 2216 Diese Empfin¬
556 2174 1434 2245 dungen sind nicht von Dauer. Im nächsten #
1510 2190 1804 2269 Fanny eine (2
543 2230 1555 2298 berühmte Schauspielerin. Das Stück mit dem fatalen
1727 2238 1807 2298 K
549 2264 1143 2332 es ist nicht das „Märchen“
1212 2272 1631 2346 hatte einen Riesenen
548 2315 1670 2381 Fanny, welche die Hauptrolle spielte, entzückte alle We
553 2356 1715 2424 Adel und Bürgerthum, Schauspieler und Theateragenten;
554 2397 1816 2470 die Hofbühne von Petersburg will siegiren. Wie kann sie kla
549 2435 1341 2503 den Contract annehmen, der sie von Fede¬
1481 2456 1713 2515 Aber dieser
1727 2463 1817 2519 los
551 2476 1302 2552 ist durch die Schauspielkunst seiner Geliehte
1378 2492 1721 2558 #in umgewandelt,
1720 2507 1826 2561 Ki
538 2532 1829 2607 je wahrer Fanny die Gefallene dargesteilt, desto mehr fühlt sich viel
536 2559 1716 2647 Fedor überzeugt, daß er im ersten Acte wie ein Thor gesprochen.
1715 2592 1839 2645 Das
535 2627 1707 2686 „Unsere Erinnerungen welken nicht, das ist das Traurige, meint
537 2657 1709 2732 er. Fanny versteht ihn, sie unterschreibt den russischen Vertrag.
536 2695 1704 2756 Fedor ist ein Bekehrter, er zog aus, um das Moderne zu ver¬
1710 2633 1836 2773 10
532 2745 1704 2806 treten und er endigt wie ein Philister, als Anhänger der alten,
1715 2762 1835 2820 wege
544 2789 1699 2850 sterbensmüden Welt, „die er kindisch verachtete und in der in
1713 2805 1837 2862 Gr
537 2823 1704 2910 jedem Winkel die alten Ideen wieder frisch und lebendig und jung
539 2866 1698 2950 werden". So schließt das Stück, dessen Titel nach dieser Hand¬
1720 2876 1845 2983 Te
527 2910 1707 2982 lung wie ein garstiger Hohn klingt, dessen Vorgänge mit Stim¬
541 2949 1704 3020 mungen spielen, die uns nicht die richtigen für eine Volksbühne
537 2988 1688 3075 scheinen, aus dessen Sprache eine erschreckende Greisenhaftigkeit
1709 3012 1841 3065 aus
542 3046 1696 3118 starrt. Kein Zweifel, aus mancher Seem, aus enzelnen Figuren
1709 3050 1849 3111 disi n
541 3072 1703 3147 spricht Talent, aber wir hätten dieses lieber mit selbstständigeren
1714 3097 1843 3155 stantir
541 3126 1702 3200 Regungen des Autors und in einem andern Rahmen wirken
1702 3141 1853 3205 Trieft
540 3172 1694 3241 sehen. Fräulein Sandrock spielte die Schauspielerin eine
538 3213 1690 3280 Heldin, die keine Sympathien wecken kann, nicht weil sie eine
1699 3222 1851 3294 scher
530 3252 1694 3328 Gefallene ist, sondern weil sie wie eine Ehrlose sich durch drei
1705 3275 1837 3333 Der(
537 3286 1834 3379 Acte mit der Variation desselben Gedankens dem dritten Manne] an ein
537 3337 1840 3436 ihrer Wahl an den Hals — spricht. Die Künstlerin gab ihrer des L#
529 3389 1717 3495 Rolle anfangs sehr unwillige Töne, fand aber im zweiten Acte:
535 3449 1690 3537 verdienten Beifall. Herr Nhil secundirte ihr mit großem Fleiße,
533 3503 1690 3576 wir glauben, Kutschera wäre der richtigere Fedor gewesen,
532 3529 1696 3622 die Regie wies ihm einen Salontölpel zu, der beim Eintritte jedes
535 3578 1587 3666 Mädchens zu fragen hat: „Ist hier nichts zu machen?“
1595 3611 1688 3669 Die
532 3622 1689 3705 Aufnahme des Stückes war nach den ersten beiden Acten eine
521 3661 1693 3745 freundliche, der Dichter wurde gerufen; während des dritten
525 3708 1696 3793 Actes wendete sich die Stimmung zu Ungunsten des Stückes
517 3748 1690 3839 und der Beifall am Schlusse begegnete sehr heftiger Opposition.
652 3811 1690 3885 Im Raimund=Theater findet morgen (Samstag)
517 3839 1690 3927 die erste Aufführung des historischen Schauspiels „Der Graf von
509 3883 1686 3974 Hammerstein“ von A. Wilhrandt #  Mostep Sea Oasunalia
2940 91 3302 177 box 7/2
2051 115 2795 199 3. Das Maerchen
2211 157 2763 223 er eete e ee
2381 483 2989 573 Deutsches Volkstheater.
2092 557 3283 616 „Das Märchen“. Schauspiel in drei Acten von Arthur Schnitzler.
2210 610 3283 656 Gewiß, es war ein sehr anzuerkennendes Unternehmen des Volks¬
2081 640 3281 689 theaters, einen jungen Wiener Autor zu Worte kommen zu lassen, der
2086 680 3284 727 sich auch schon mehrfach als ein hochbegabter erwiesen hat. Bereits in
2082 732 3290 777 seinen dialogisirten Novelletten, „Anatol“ (Berlin, Literarisches In¬
2089 755 3292 820 stitut), hat sich Arthur Schnitzler als ein Schriftsteller von nicht
2132 819 2222 862 Ian.
2140 846 2263 896 5107:
1922 879 2024 956 nde
2167 887 3334 966 2- Heist und feiner Beobachtung dargethan, der Seelenstände völlig
2096 917 3224 1005 b #e naturalistische Terminus für psychische Stimmungen
3232 952 3338 1002 Wir
1921 945 2057 1012 jende
2032 990 3222 1041 lautet — mit liebevollster, geradezu chemischer Angelegentlichkeit bis in
3230 990 3334 1045 jedoc
2034 1013 3214 1080 ihre mindesten Ursächlichkeiten bloszulegen und darzustellen weiß, nament¬
3232 1032 3326 1079 reich
1913 1045 2023 1098 einer
2039 1061 3214 1112 lich wenn diese Stimmungen dem sexuellen Verhältnisse zwischen Mann
3237 1068 3328 1115 Gro
1911 1090 2029 1155 Man
2046 1106 3221 1159 und Frau entspringen. Die literarische Analyse dieser mannigfachen Auf¬
3236 1108 3332 1158 Erse
2037 1144 3225 1186 gelegtheiten und Aufgeregtheiten, die gemüthliche und physikalische Moti¬
3231 1145 3326 1193 Re¬
1921 1145 2032 1213 ftlich
2045 1184 3225 1233 virung der Consequenzen dieser Zustände und deren Beleuchtung durch
3242 1186 3323 1232 De
1929 1195 2032 1251 dem
2049 1216 3224 1269 die Fackel allermodernster Anschauung und Erkenntniß sind vorzügliche
3232 1227 3310 1283 Pr
1911 1260 3226 1309 zwar! Eigenthümlichkeiten der literarischen Bethätigung Arthur Schnitzlers.
3244 1270 3311 1313 sta
1936 1301 3224 1351 Lose Diese Eigenthümlichkeiten sind es aber auch, welche den hochstrebenden
3245 1306 3315 1376 setz
1920 1342 3223 1387 zures Schriftsteller auf den Charakter solcher schriftstellerischer Hervorbringungen
2031 1382 3227 1445 verweisen, die man gemeiniglich als novellistische bezeichnet Man hat
1921 1395 3221 1472 ftlich Geschmack genug, ja man möchte um Alles in der Welt nicht ... und
3235 1419 3315 1480 Sc
1918 1436 2026 1504 elben
2042 1454 3233 1501 ist doch ordentlich verdammt dazu, so man über Schnitzlers „Märchen“.
1933 1485 2025 1544 sein
2048 1502 3220 1552 ein Urtheil abgeben muß, den in diesen Tagen zu Schanden gestampsten
3248 1489 3308 1559 W
2041 1533 3229 1576 Gemeinplatz zu gebrauchen: Das ist alles novellistisch, aber nicht dra¬
1920 1529 2043 1592 n ist
3245 1548 3324 1602 be
2038 1580 3240 1624 matisch. Das sind des feinsten Geistes volle Auseinandersetzungen — die
3241 1581 3323 1646 bel
2042 1610 3235 1664 zwischen Fanny und Fedor und zwischen Fedor und Mildner und zwischen
1926 1630 2021 1705 breise
2040 1658 3233 1713 Dr. Witte und Fedor — die man mit ungemeiner Anregung lesen und
2033 1697 3229 1747 sich darüber in seine eigenen Stimmungen und Gedanken einspinnen
3243 1687 3313 1753 Ha
2046 1737 3230 1787 möchte, denen aber von der Bühne herunter die richtige Wirkung versagt
1921 1711 2034 1791 e cs
3245 1745 3318 1795 un
2042 1773 3218 1817 ist. Man ist darüber seit Jahrtausenden nicht hinausgekommen und wird
3241 1779 3316 1825 Ne
1934 1773 2020 1844 oder
2034 1810 3230 1858 wohl auch nie darüber hinauskommen, daß der Lebensnerv eines jeden
3239 1809 3318 1871 fac
1942 1835 2018 1885 an
2034 1849 3217 1898 Dramas in der Handlung und einzig und allein in der Handlung zu
3246 1862 3322 1909 bu
1927 1879 2021 1938 oder
2045 1890 3224 1950 suchen und zu finden ist. Das Stück Schnitzler's ist aber der Handlung,
3234 1895 3312 1952 Fe
2045 1933 3231 1982 wie sie landläufig verstanden wird, völlig bar. Es rückt nur von einer
1912 1928 2023 2000 chten
2037 1975 3219 2025 Stimmung zur andern, die uns nicht anders als durch Worte, aller¬
3245 1950 3315 2027 96
1947 1977 2024 2029 im
2036 2008 3222 2069 dings oft geistreiche und tiefsinnige, vermittelt wird, und findet zum
3244 2016 3332 2065 Lest
1925 2025 2025 2089 inim
2036 2051 3226 2101 Schlusse keinen Schluß. Ja, wir theilen nicht einmal die Stim¬
3239 2056 3316 2124 istz
1930 2079 2022 2151 ehen,
2045 2087 3220 2142 mung der Stimmung. Wir sind bei Schnitzler's Stück zu wenig
2034 2128 3224 2175 in Mitleidenschaft gezogen, um mitempfinden, um mitgestimmt sein zu
3237 2130 3300 2186 sei
2034 2172 3224 2220 können. Die geringe Fabel, die er aus dem Allgemeinen schöpft, wird
3247 2176 3312 2218 an
2034 2205 3228 2255 eine specialisirte. Es verflackert das Typische und das rein Individuelle
2040 2243 3228 2295 tritt an seine Stelle. Es ist eine allgemeine Frage: ob eine Gefallene
3241 2248 3316 2299 und
2030 2287 3228 2332 wieder erhoben werden könne. Es ist aber doch durchaus gleichgiltig, ob
3236 2291 3323 2348 ger
2033 2330 3229 2374 Herr Fedor Denner in seinem, nicht einmal so zutreffend gewählten
3238 2330 3322 2378 „D
2034 2369 3225 2407 Falle, diese Ueberzeugung gewinnt oder nicht. Man ist wieder zu einem
3247 2361 3320 2419 lese“
2039 2399 3217 2453 Gemeinplatz gezwungen und der lautet: Das hat er schließlich mit sich
3242 2407 3333 2453 Nas
1931 2434 3217 2499 el in selber auszumachen. Da unten im Parterre und da oben auf den Galerien
3246 2449 3328 2505 sich
2032 2479 3213 2533 saßen sehr Viele, die darüber hinausgekommen sind und sehr ##ele, die
3232 2488 3323 2541 Nie
2034 2523 3217 2578 darüber nicht hinausgekommen sind. Diese Frage läßt sich nicht generali¬
3233 2522 3318 2573 der
1919 2542 3230 2611 ndt's siren, sie ist und bleibt eine rein individuelle und darum ist sie einer
2045 2601 3227 2655 dramatischen Behandlung nicht fähig. Und hätte Schnitzler selbst eine
1928 2598 2022 2657 ließ.
3243 2582 3317 2655 sich
2043 2643 3220 2691 Handlung für sein Stück erfunden, sie würde sich um seine erst affirmative
3235 2646 3325 2697 lese
1929 2648 2024 2709 iegs¬
2045 2680 3226 2729 dann negirende These nur äußerlich ranken können Oder: er hätte ge¬
3247 2680 3323 2737 zug
1927 2697 2024 2756 rung
2036 2718 3223 2776 zeigt, daß diese Fanny nach der dritten Entjungferung keine mehr zu
3243 2727 3323 2776 sche
2044 2758 3229 2808 überstehen hat, oder: daß nach der dritten noch ein halbes Dutzend folgt
2044 2799 3218 2845 und dann die ganze Stadt.. in beiden Fällen wäre wieder nichts
1921 2794 2022 2862 alisch
3246 2804 3318 2849 ma
2036 2836 3226 2886 quod erat demonstrandum, es wäre nicht bewiesen, ob eine Gefallene
3245 2840 3317 2891 dur
1924 2842 2025 2904 Vor¬
2032 2867 3223 2937 fallen zu lassen, ob sie zu erheben sei. Das ist immer und immer ein
1953 2893 2027 2949 da
2036 2913 2376 2975 individueller Casus.
3242 2911 3328 2981 Sdh
1945 2941 2041 3014 und
2147 2939 3224 2999 Arthur Schnitzler documentirte in seinem Stücke gleichwohl
3232 2964 3319 3014 stüc
2041 2995 3223 3044 eminente Fähigkeiten. Die Charakterisirung seiner Gestalten ist vielfach
1925 2988 2029 3058 iösen
2037 3037 3237 3086 eine ebenso plausible als dem Bühnengebrauch zuthunliche — das Letztere
1927 3043 2023 3101 ichen
2041 3074 3225 3129 wird ihn kränken, es ist aber Thatsache. Die Art, wie er seine Leute
3237 3084 3330 3131 ven
1949 3092 2035 3151 sich
2041 3117 3226 3173 reden läßt, ist ein Kunstwerk an sich. Sie sprechen so, wie sie sprechen
3245 3120 3328 3165 und
1917 3142 2025 3211 Troß
2047 3154 3225 3205 müssen und wie sie im Leben sprechen würden. Und eines vor Allem
3245 3153 3331 3212 Sic
2044 3191 3229 3236 kann er: eine Atmosphäre schaffen, die Luft mit all' ihren Ingredienzien,
3247 3200 3320 3250 Ma
1927 3192 2030 3255 ch in
2042 3229 3225 3275 in der diese Leute athmen, die so denken und so thun; das war diesmal
3240 3237 3332 3294 war
1920 3247 2022 3302 man
2045 3267 3219 3321 die echt wienerische Luft jener wienerischen Welt, die nicht zur beau
3242 3277 3317 3339 Kuf
1948 3301 2037 3353 gut
2045 3314 3225 3359 monde gehört und doch noch nicht demi monde ist. Das Publikum an¬
1922 3340 2029 3400 nden
2044 3348 3242 3392 erkannte diese nicht alltäglichen Talente und ehrte den Verfasser durch
2039 3380 3230 3432 mehrfache Hervorrufe und durch eine seh achtungsvolle Aufnahme seines
1920 3398 2025 3453 jubel
2039 3428 3227 3465 Werkes. Die zum Theile sehr gute Darsteuung wurde in hervorragender
1923 3448 2031 3503 ung,
2041 3461 3232 3514 Weise durch Frl. Sandrock, in löblicher durch Herrn Nhil und in
2039 3505 3217 3560 erheiternder durch das höchst anmuthige Frl. Bock und die Herren
3236 3488 3332 3577 Ei
2042 3539 3228 3588 Giampietro, Kutschera und Tewele besorgt. Man würde
1950 3537 2025 3600 hat
2040 3582 3233 3640 unrecht thun, wollte man nicht auch die Herren Eppens, Meixner,
1943 3583 2021 3652 daß
2036 3625 3234 3673 Weisse und die Damen Berg und Trenk als verdienstliche Inter¬
1942 3639 2022 3701 der
2040 3663 2661 3723 preten ihrer minderen Rollen neunen.
3211 3675 3303 3733 un
3201 3710 3280 3767 7
2465 3713 2807 3791 Carltheater.
1927 3737 2040 3795 urch¬
