3484 4352
1143 191 1559 293 bos 7/2
443 194 1025 278 Das Maerchen
253 195 1022 328 3. Das Hasrenen
1819 896 3076 991 — Berfoljjungdunstalt beschäfft ssu halden, Ne I. Besterreich
145 967 3085 1053 kur, daß der vornehme Dythramben glauben soll, die neuerlich diesem jungwienerskeine Pupillarsicherheit genießen, dem¬
150 1020 2813 1072 n Publikum des Rai= Schriftsteller gesungen werden. Das „Märchen“ hat er nach gesetzlich als Anlage ausgeschlossen sind.
148 1069 1872 1139 hat auch die Darsteller schon vor vierzehn Jahren erzählt, daß der Mann beim
1943 1049 3083 1129 Falls der Ausgleich mit Ungarn nicht zustande
150 1111 3087 1184 En mit groben Händen Weine über das „Gewisse“ nicht hinauskommen kann.kommt, so werden ohne Zweifel ungarische Staatspapiere
146 1166 3076 1213 n es nicht, Stimmung Er bewies es in dem Stücke damit, daß der junge Fedor, im Werte sinken. Es droht demnach dem Anstalts¬
152 1217 3085 1272 Sitty plötzlich feine trotz seiner angeblich freien sittlichen Anschauung, die ge=svermögen abermals ein großer Verlust, welcher nur der
157 1264 3076 1346 l. Bünger ist wohl liebte Fanny wegen ihres Fehltrittes nicht heiraten kann Nachlässigkeit der Administration der Allgem. Vorsorgungs¬
149 1315 650 1380 m Schmelz der trauten
634 1308 2391 1387 und sie lieber nach Petersburg gehen sieht. Seit damals anstalt zuzuschreiben ist.
152 1364 641 1423 lien gehört. Unter den
646 1364 1877 1412 hat sich vieles geändert und Schnitzler braucht sich nur in
1946 1337 3079 1426 Ein möglicher Hinweis, daß diese ungarischen Wert¬
152 1406 645 1475 frischzugreifende Natür¬
631 1401 3078 1482 seiner nächsten Umgebung umzusehen, um sich zu über= papiere seinerzeit von der Ersten österreichischen Sparkasse
152 1461 649 1522 oder ungeschlacht. Ist
632 1463 1855 1525 zeugen, daß heutzutage „Fehltritte“ die Anwartschaft auf
1853 1467 3080 1525 übernommen wurden, enthebt die Administration der Allg.
151 1509 1860 1575 keuen Herrn und sein höchste Frauenehre nicht ausschließen. Sein Stück wird
1855 1513 3093 1587 Versorgungsanstalt weder von der Verantwortung dieses
151 1564 3085 1619 des früheren Ensembles also nur mehr der Tantiemen halber aufgeführt. Es klingt, Besitzes, noch von der Schuld eines eventuellen Verlustes.
155 1611 3088 1699 krschner wurde bei was er predigt, heute wirklich wie ein Kindermärchen ... Hiermit wird wieder bewiesen, daß das Gesetz zum Nachteil
149 1659 2589 1717 sichten verbreitete mit Im Bürgertheater wird allgemach ein wenig besser der Interessenten verletzt erscheint.
148 1704 1868 1772 eihnachtsstimmung. Ja, Komödie gespielt. Eine junge Kraft, Frl. Weede, führte
1940 1688 3091 1780 Unser Advokat Dr. Fidelis Reiner ist nicht nur
168 1752 646 1821 und ein bißchen Aus¬
640 1761 1863 1812 sich sehr vorteilhaft ein. Die junge Künstlerin scheint
1850 1737 3081 1823 Rechtsanwalt, sondern auch Direktor der Allgem. Ver¬
154 1783 651 1874 in der Wallgasse nicht
635 1807 3090 1869 Temperament und Leidenschaft zu haben, in geschickteri sorgungsanstalt. Die Verbindung der geschäftsordnungs¬
154 1851 636 1917 n mit seiner aufdring¬
642 1856 1870 1936 Hand kann sie zur Größe heranreifen. Herr John, ich
1854 1864 3082 1928 mäßigen Obliegenheiten eines Direktors mit denen eines
158 1902 633 1986 das Opfer des Aus¬
630 1901 1857 1974 glaube, er war in Prag vor ein paar Jahren ein guter,
1853 1912 3091 1971 Rechtsanwaltes der Anstalt muß als unvereinbar bezeichnet
630 1945 2047 2022 natürlich wirkender Schauspieler, hat sich in Hamburg werden.
176 1999 1864 2058 neu gepützt, was es Manieren angewöhnt, die St. Pauli gutheißen kann, die
1944 1983 3080 2079 Gegen diese unnatürliche Vereinigung beider Agenden
146 2052 1866 2125 Dlich. „Der Aushilfs=faber bei uns nicht wirken. Streift er diese unnatürlichen
1842 2031 3077 2126 wurde vom Wiener Interessenten=Schutzverein der Allgem.
152 2108 3089 2164 ht übersetzt von Engel Eigenschaften ab, wird er auch in Wien gefallen. Die Versorgungsanstalt in der Administrationssitzung der
152 2156 3096 2207 berall herum — gehört sanderen, mit Ausnahme des Herrn Jules, heißen nicht Allgem. Versorgungsanstalt vom 7. November 1901 ein
144 2203 3084 2265 hiiker Stärk gehört viel. Frl. Stoll zeigt gute Manieren, ihr Talent läßt wohlbegründeter Prozeß eingebracht, welcher leider die
148 2251 2818 2309 hn, die Damen Col=sich an der kleinen Rolle nicht beurteilen, Frl. Brenn erforderliche Stimmenmehrheit nicht erhielt.
146 2288 661 2365 in die Theaterschule und
639 2303 1866 2372 seis, das süße Wiener Gesichterl, scheint allgemach auf die
1953 2285 3092 2381 Dr. Fidelis Reiner ist aber nicht nur unser Rechts¬
141 2328 656 2420 n will ich nicht rechten,
635 2353 1855 2404 Schauspielerei nicht viel Wert mehr zu legen. Im Volks¬
1856 2337 3095 2421 anwalt und Direktor, sondern auch Administrator
147 2388 1853 2462 hhatten. Die Direktion theater versprach sie viel, sie will offenbar nicht halten, was
1852 2410 3090 2473 [des Hauses Mariahilferstraße 76, welches
139 2455 3087 2506 n, bei ihrem Genre zu sie versprach. Schade. Auch sonst ist's schade um das von der Allgem. Versorgungsanstalt im Jahre 1903 ent¬
138 2503 3093 2554 änken wird es Herrn ungemein hübsche, intime Theaterchen. Wenn doch Direktorl gegen der Bestimmung der Geschäftsordnung der Allgem.
138 2554 3078 2618 können. In einer Loge Fronz zur Einsicht käme und sich einen Direktor engagieren Versorgungsanstalt, § 20, Absatz 11, angekauft worden ist.
154 2599 823 2676 nicht wenig erbaut, wie würde.
1953 2611 3089 2673 Dr. Reiner wurde im Jahre 1901 als Rechtsanwalt
742 2657 3091 2700 Es war keine verlorene Woche, diese erste der eigent= der Allgem. Versorgungsanstalt angestellt, war demnach im
149 2678 1756 2779 theater, diesmal mit lichen Saison, aber hoffentlich folgen ihr doch bessere.
1857 2693 3095 2791 Jahre 1903, als das Haus angekauft worden ist, schon
526 2738 669 2803 den
162 2746 542 2801 h, wenn man
1716 2727 1826 2809 u.
1837 2745 2378 2811 Iim Dienste der Anstalt.
1670 2772 1893 2861 —
2365 2770 2466 2845 —
2002 2799 2993 2897 mit soters und dauernd richtbarer Schrist und
1997 2885 3021 2959 antomauiech funktionierendem Desimal¬
2324 2930 2679 2995 Tabulstor.
581 2833 1892 3018 -Schreibmaschine, die beste!
1997 2957 3015 3114 Hch. Schott & Donnath,
638 3066 1780 3168 Grösste Kurcsschlapstsbigkeit! & deste Reierenzm!
2087 3078 2909 3164 Wien, I., Neumarkt 9. Telaphea 4859.
