3436 4256
1179 84 1564 188 box 7/2
473 82 1043 174 Das Maerchen
296 96 1052 227 3. Das Hasrenen
470 407 1987 537 ANAZ
1523 567 2016 684 Dramatische Werke.
2798 588 2894 693 27
706 679 1772 758 Ob es schließlich nöthig war, E. Gerard's Roman:
1787 678 2895 768 Papiere gefunden hat. Als Roman diese Nachricht er¬
637 750 1768 816 „Eine geheime Sendung“ (Nr. 5) aus dem Englischen
1782 763 2918 845 halten und sich von dem Unglück, das diese Maßregelung
633 810 1778 884 ins Deutsche zu übertragen, das will uns höchst zweifel¬
1785 812 2915 888 in dem sonst so friedlichen Hause seines Bruders ange¬
646 864 1771 929 haft erscheinen. Wir sind gewiß am wenigsten Gegner
1787 871 2912 929 richtet hat, mit eigenen Augen überzeugt hat, erfaßt ihn
636 916 1772 975 von Uebersetzungen aus fremden Literaturen, aber wir
1782 920 2913 1001 die Reue und Verzweiflung. Er glaubt nie wieder glück¬
643 973 1771 1042 meinen, daß sie nur berechtigt sind, wenn durch sie be¬
1774 971 2913 1035 lich werden zu können und verzichtet auf die Ehren, die
637 1034 1773 1107 deutende Erscheinungen von ausgesprochener Eigenart
1787 1033 2906 1098 ihm seine so geschickt durchgeführte Mission in reichem
636 1081 1775 1143 einem größern Kreise deutscher Leser zugänglich gemacht
1774 1083 2905 1157 Maße einträgt, und auf die Ehe mit der Gräfin, um
633 1133 1767 1193 wird. Als eine solche aber können wir Gerard's Roman
1774 1131 2911 1228 sich selbst den russischen Gerichten zu stellen und dadurch
642 1183 1784 1261 nicht ansehen, wenn wir auch zugeben, daß er nicht unter
1786 1201 2655 1277 die Freilassung seines Bruders zu erwirken.
633 1243 1783 1314 dem heutigen Durchschnittsmaß einer Erzählung für unsere
1844 1238 2924 1317 Diese kurze Wiedergabe des Gauges der Erzählung
637 1300 1770 1359 Familienblätter zurückbleibt. Gerard's Held ist ein pol¬
1782 1284 2915 1364 muß genügen, uns zu zeigen, daß der Roman nicht übel
634 1339 1773 1426 nischer Offizier in preußischen Diensten, der den Auftrag
1773 1350 2912 1429 erfunden ist. Als ein weiterer Vorzug ist noch hinzuzu¬
639 1404 1775 1471 erhält, die Stellungen und Stärke der russischen Truppen
1785 1411 2910 1484 fügen, daß die Schilderung der Zustände in dem Haus
636 1458 1778 1534 an der deutschen Grenze auszukundschaften. Um diese ge¬
1771 1451 2922 1539 und Hof Felicyan Starowolski's ganz vortrefflich ist, weil
642 1518 1770 1582 heime Sendung möglichst wenig auffällig ausführen zu
1783 1520 2911 1579 sie uns einen interessanten Einblick in das Leben und
631 1571 1781 1641 können, lebt er eine Zeit lang auf dem Lande bei seinem
1792 1577 2900 1634 Treiben der kleinen polnischen Edelleute gewährt. Dement¬
640 1616 1774 1682 Bruder, der in der Nähe der deutschen Grenze in russisch
1790 1631 2917 1695 sprechend erscheinen uns auch die Bewohner dieses Hauses,
637 1667 1770 1732 Polen ein bescheidenes Landgut besitzt. Felicyan Staro¬
1769 1686 2908 1745 sowohl Felicyan Starowolski selbst, als seine Frau Halo
628 1728 1770 1801 wolski, so heißt dieser Gutsbesitzer, ist aber ein viel zu
1780 1724 2902 1786 und seine Schwägerin Luba, die eine stille Liebe zu Ro¬
632 1785 1777 1858 beschränkter Mann und dabei viel zu ängstlich, um seinem
1780 1772 2922 1858 man in dem Herzen trägt, nicht minder der alte kindisch
1780 1846 2919 1905 gewordene Schwiegervater Starowolski, dessen größte Leiden¬
638 1886 1779 1973 seinen Plänen gewähren zu können. Roman Starowolski
1785 1894 2905 1961 schaft es ist, Fliegen zu tödten, als eigenthümlich ge¬
637 1952 1770 2014 muß sich also nach einem andern Bundesgenossen um¬
1786 1943 2919 2018 arkete Charaktere, die so scharf und bestimmt gezeichnet
643 1988 1773 2064 sehen. Er findet ihn in der Person der Gräfin Biruta
1784 2003 2920 2070 sind, wie wir es von den Figuren in den Werken der
1775 2046 2923 2132 modernen russischen Erzähler gewöhnt sind. Dagegen fehlt
644 2044 1775 2126 Massalowska, einer ebenso schönen, als leidenschaftlichen
647 2104 1763 2174 und ehrgeizigen Dame, die von dem Wunsche, eine poli¬
1781 2102 2923 2167 nicht nur der Gestalt Roman's, sondern auch der der
1783 2153 2905 2219 Gräfin jede Spur von Originalität; beide sind Figuren
643 2164 1771 2230 tische Rolle zu spielen, geleitet, auf Roman's Abenteuer
1787 2212 2907 2289 nach bekannten Mustern, und obwol Gerard menigstens¬
636 2228 1778 2285 eingeht-und den General Bassilief, der als ein eitler, alter
651 2268 1773 2324 Geck und Frauenjäger geschildert wird, den Mobilmachungs¬
1781 2271 2906 2342 bei der Gräfin den Versuch gemacht hat, sie als ein
648 2323 1770 2385 plan der russischen Armee durch die Künste ihrer Koketterie
1786 2319 2919 2398 excentrisches Wesen hinzustellen, so ist er doch dabei über
1785 2374 2922 2436 eine Charakterisirung durch belanglose Aeußerlichkeiten nicht
639 2371 1764 2453 zu entlocken weiß. Indessen erscheint das Benehmen Ro¬
1780 2426 2919 2507 hinausgekommen. Dieser Mangel thut dem Werth seiner
650 2425 1772 2501 man's den russischen Behörden verdächtig, er wird als
651 2483 1779 2543 preußischer Spion verhaftet, nach Verlauf von mehrern
1787 2492 2918 2560 Arbeit bedeutenden Eintrag und stellt ihn trotz der er¬
637 2538 1770 2597 Wochen aus Mangel an Beweisen aber wieder entlassen, wäh¬
1785 2540 2924 2615 wähnten Vorzüge auf die schon oben angedeutete, nicht
647 2589 1777 2670 rend sein Bruder Felicyan in die Verbannung nc Si¬
1788 2593 2778 2679 eben hohe Stufe eines leidlichen Familienromans.
653 2648 1770 2712 birien geschickt wird, weil man in seinem Hausee von
2624 2630 2902 2737 H. A. Lier.
638 2703 1782 2792 der Gräfin entwendeten und von Roman dort versteckten
1487 2903 2074 3022 Dramatische Werke.
645 2989 1776 3092 1. Das Märchen. Schauspiel in drei Aufzügen von Arthur
1777 2993 2930 3073 ungestüme Pracht der Welt an Farben und an Klängen
706 3065 1783 3153 Schnitzler. Dresden, E. Pierson's Verlag. 1894. 8. 1 M.
1786 3074 2923 3155 ist ihm versagt. Er weiß immer nur einen einzigen
709 3108 870 3181 50 Pf.
1791 3129 2925 3194 Menschen, ja nur ein einziges Gefühl zu gestalten. Aber
1790 3184 2921 3257 dieser Gestalt gibt er Vollkommenheit, Vollendung. Mit
717 3159 1777 3244 Arthur Schnitzler ist ein großer Virtnose, aber sein
1782 3241 2926 3311 Vorliebe behandelt Schnitzler, der zum sogenannten Jungen
651 3242 1767 3313 Talent ist von kleinem Umfang. Schnitzler muß sparen,
663 3294 1777 3364 sagt Hermann Bahr von ihm in seinen Studien zur Kritik
1782 3293 2929 3358 Oesterreich gezählt wird, den österreichischen Lebemann
1781 3341 2914 3409 und das bunte Leben in Wien. Auch sein neuestes Schau¬
652 3350 1785 3414 der Moderne, denn er hat wenig. So will er es denn
1787 3409 2911 3468 spiel „Das Märchen“ spielt in wiener Kreisen, diesmal
644 3399 1766 3467 mit der zärtlichsten Sorge, mit erfinderischer Mühe schleifen,
651 3460 1779 3527 bis das Geringe durch seine unermüdliche Kunst Adel und
1776 3456 2923 3521 von kleinbürgerlichem Zuschnitt. Sein Thema ist das
661 3505 1772 3573 Würde verdient. Was Schnitzler bringt, ist nichtig. Aber
1783 3511 2914 3584 Märchen von den Gefallenen, von jenem Ereigniß, über
1782 3567 2921 3618 das nach Hebbel's Ausdruck kein Mann hinweg kann. Ein
657 3561 1771 3631 wie er es bringt, darf gelten. Die großen Züge der Zei¬
661 3621 2931 3711 Leidenschaften, Stürme, Erschütterungen der Menschen, die junger ernster Schriftsteller liebt eine Schauspielerin, die
