3436 4224
1163 135 1577 227 bos 7/2
299 141 1160 240 3. Das Maerchen
709 191 871 250 S
637 691 1279 773 Dr. Man Goldschmiet
642 765 1262 833 Büro für Zeitungsausschnitte
458 782 758 856 BERLIN N 4
1012 816 1449 870 Telefon: Norden 3651
760 874 1121 940 Husschnitt aus:
632 918 1278 1007 Ostsse-Zeitung, Stettin
1114 1082 1390 1216 iän 1921
748 1209 1373 1287 Von Berliner Bühnen.
827 1279 1277 1364 Schnitzlers Märchen“.
504 1358 1667 1418 Emne echt Nattersche Angelegenheit! Um für das Lessing¬
427 1409 1679 1459 Theater, durs num für diese Sursan zwar ertembelt hat, in dem
435 1438 1669 1494 man aber trotz aller großmäuligen Redensarten über die Nach¬
433 1481 1688 1544 folge Brahms durchaus nicht zu arbeiten beabsichtigt, eine Sen¬
439 1525 1674 1575 sation zl hacen — eine Sensution, wie sie ein Theater ohne Re¬
1178 1560 1683 1620 eine Sensation, die für
441 1568 1115 1617 pertoir und Ensemble haben kann
1109 1569 1178 1613 —
439 1600 1618 1653 die ganz Unverständggen womöglich mnich Literatur aussicht,
427 1636 1682 1686 um falcher umnseligsten Sen#tian willen versiel mat auf ein in
432 1681 1685 1742 Berlin noch mebekanntes Stück von Artiurr Schnitler „Das
442 1724 1691 1771 Märchen". Ob diesem Stück irgend ein Wert, irgend ein lieferes
438 1763 1685 1811 Interesse mnhfiet, das mar ja gleich, wen mun nur erklären kann,
431 1803 1695 1837 daß man ein noch ungespieltes Stück von Schnitzier herausgebracht
437 1851 1676 1901 hat. Auich wie man es herausbring. daras kum es gar nicht an¬
434 1888 1681 1936 Die Möglichkeut einer sensationellen Nekännenoiz entscheidet alleint
433 1926 1693 1982 Tatsächlich ist mit e#tem Grund noch niemand darauf verfollen.
439 1961 1697 2020 dus drei Jahre vor der Liebelei entstandene Anfängerstück Schniß¬
438 2006 1687 2058 #fers aufzuführen. Ohwohl der Dichter später den Schluß um¬
436 2033 1683 2096 #arbeitet hat, ist es innner noch eine unglandhwürdig albnodische.
448 2081 1699 2120 nach Thema unrd Ausfühnug gleich verstaubte Angelegenheit. Um
450 2114 1688 2165 d#as Mädchen handelt es sich, das „etwas gehabt hat“, iun die
437 2163 1690 2214 veltbemegnd spießbürgerliche Frage, oh man sie trotdem lieben
438 2202 1694 2256 ##nd heimnten könne. Und ein Litenrt, der großartige Reden ge¬
451 2246 1691 2297 ##en das „Märchen“ von den Gefallenen hält, erweist sich tratzdem
435 2289 1678 2339 als unfätig, solch ein Mädchen, das ihn wahrhaftig lielt und das
440 2317 1682 2375 auch er licht, nun mit voller menschlicher Anerkennung zu der
438 2359 1687 2414 Seinen zu machen. Dieses jammervolle Schauspiel menschsicher
433 2403 1683 2448 Schwiche ist nun nicht einmal so gestrtte d#menigsteng
441 2444 1694 2494 scnumgsganäß an desen geistig sehr umrheblichen Dingen wis
438 2483 1689 2530 nehmen können. Schmitzlers Kraft zu stonmungsvoller Szeuen¬
473 2522 1673 2562 chrung und musikalischer Sprachgebung ist hier noch ganz unent¬
445 2551 1692 2610 wickel: Von wenigen Momenten abgesehen ist alles papierenes
441 2601 1687 2659 Gerede, geschmacklos nüchterne Auseinandersetzung. Wahrscheinlich
439 2640 1691 2708 wäre nicht einmal eine wirklich großzügige Menschendarstellung
444 2683 1669 2727 instande, uns einen Abend lang Imcresse für das gründlich ver¬
436 2721 1667 2776 allete Werk einzuflößen. Bei Rotter spielt ein Provinzbonnia#:
435 2768 1688 2812 dritten Grades die männliche Hauptrolle umd leitet in seinem Un¬
440 2794 1681 2857 geist auch noch als Regisseur das Ensemble, das ihm allerdinge
448 2841 1697 2890 mt wenigen Ausnahmen ohnedies eberchürtig mar. Man kann
449 2881 1676 2931 sich vorsteilen, was das für ein Abend wurde! — So „wverwalter
443 2921 964 2988 Rotlers das Erbe Brahms!“
1341 2941 1670 3030 Julius Bah.
2031 731 2676 832 Dr. Max Goldschmist
2033 800 2666 884 Büro für Zeitungsausschnilte
1834 820 2128 897 BERLIN N4
2386 866 2825 939 Telefon: Norden 305
2159 942 2495 1017 Ausschnitt aus:
2063 995 2620 1096 Berliner Tageblatt
3114 1263 3358 1349 Drei g
3018 1342 3356 1418 Kleines The
3035 1402 3274 1476 der Zin
3006 1482 3210 1549 Lessin
1895 1947 2026 2011 W
2035 2639 2118 2691 F 1
1913 2759 2913 2847 Schnitzlers neuer grosser Erfolg im Lessing-Theater:
1990 2820 2840 2870 „Märchen“. Camilla Spira (Fanny).
2107 2863 2728 2923 Curt von Moellendorf (Fedor).
2169 2902 2671 2959 Continental-Phote, Berlin, phot.
1927 2973 2924 3037 Arthur Schnitzlers „Märchen“ erzielte bei der Erst¬
1919 3029 2929 3079 A aufführung im Lessingtheater wegen der grossen
1914 3067 2912 3116 Qualitäten, die dieses innerliche, und doch bühnenwirk¬
1905 3088 2925 3149 same Stück birgt, mit Recht einen grossen Erfolg. Dieser
1908 3143 2931 3196 Erfolg ist bisher auch allen weiteren Aufführungen des
1902 3180 2926 3227 Werkes treu geblieben. Die Liebes- und Lebensschick¬
1902 3220 2927 3255 sale der kleinen Fanny Theren greiten uns ans Herz
1902 3255 2919 3318 dank Schmitziers wunderbarer psychologischer Zeich¬
1899 3311 2912 3353 nungskraft. Schnitzlers Menschenkenntnis vermag es,
3017 3322 3386 3399 Der grösste Erfol
1895 3342 2920 3389 mit wenigen Strichen plastische, immer interessierende,
1899 3386 2912 3447 lebenswahre Menschenvorzuzaubern. Ein Lebensaus¬
3032 3384 3391 3452 „Die Grossfün
1898 3417 2909 3474 schnitt, der uns nicht nur den Theaterabend über fesselt.
2943 3432 3381 3503 Lropoldine Konstantin (G
1958 3461 2918 3515 Das Kleine Theater hatsich den grossen P’ariser
1904 3493 2919 3545 Schlager geholt. „Die Grossfürstin und der Zimmer¬
1903 3531 2918 3593 keilner“ ist auch in Berlin wie in Paris der ungeheure
2936 3537 3378 3597 die famose Szenenführu
1906 3582 3387 3642 Publikumserfolg. Die grosse Aktualität des Geschehens, eine meisterhafte Darst
