3436 4256
1282 152 1652 246 bos 7/2
376 157 1131 240 3. Das Maerchen
668 402 1290 488 Dr. Max Goldschmist
657 472 1303 548 Büro für Zeitungsausschnitte
468 511 763 578 BERLIN N4
801 594 1144 672 Ausschnitt aus:
702 658 1243 749 Berliner Tageblatt
455 911 1609 970 H. F. Im Lessing=Theater beging man ein Attentet gegen
405 943 1627 1011 Schnitzler, indem man sich mit keineswegs zureichenden Mitteln
400 991 1621 1064 an sein in Berlin fast unbekanntes Früh=Schauspiel „Das
408 1031 1627 1082 Märchen“ heranwagte. Man erwies dem Dichter einen schlechten
400 1069 1621 1127 Dienst, man erperimentierte mit einem Erperiment. betastete höchst
406 1122 1626 1181 unfertig ein Stück, das als Stufe zu einer späteren wundervoll reifen
399 1163 1618 1211 Gestaltung des erotischen. Problemns zu bewerten ist, aber gerade des¬
405 1211 1168 1280 wegen vorsichtigste Einfühlung verlangte.
455 1255 1625 1313 Regie und Darstellung waren einer so delikaten Aufgabe nicht
411 1302 1628 1360 gewachsen. Camilla Spira (Fanny) bringt eine muntere, frische
407 1342 1625 1392 Liebhaberin. Aber sie ist gänzlich außerstande, die in gebrochenen
413 1380 1641 1438 Akkorden auf und nieder schwebende Mekodie dieser armen Mädchen¬
413 1426 1635 1503 feele zu reproduzieren. Sie gab Dur für Moll. C für Gis. Es klang
414 1470 1628 1535 nicht, schluchzte nicht. Alle Bravheit des Spiels konnte dies Manlo
411 1525 728 1587 nicht beseitigen.
474 1539 1624 1610 Kurt v. Möllendorf (ach. Schnitzler — seine Anzüge stamm¬
411 1594 1630 1666 ten laut Lettel aus dem Modesalon Soundsol) war Spielleiter und
412 1644 1627 1710 außerdem Sedor, der schwankende. Sichtlich müde, auch in der
410 1672 1020 1761 großen S# de kaum aufsteigend.
464 1701 1634 1778 In den Pisoden: Rudolf Lettinger, Erich Kaiser¬
407 1769 1637 1844 Titz (beide sicher und gut). Außerdem Else Wasa, Ernst
414 1828 890 1884 Bringolf und andere.
471 1864 926 1945 Der Beifoll „stürmisch“.
772 2060 1408 2151 Dr. Max Goldschmiet
780 2124 1399 2215 Büra für Zeitungsausschnitte
1135 2153 1576 2222 Teleion: Norden 3051
585 2188 981 2282 BERLIN N!
916 2260 1249 2335 Ausschnitt aus:
648 2314 1532 2417 beipziger Neueste Nachrichten
564 2505 1007 2593 n, dun Aereom
1579 2520 1718 2601 P. 11.
522 2577 1758 2643 „Das Märchen“ von Arthur Schnitzler. Unser Berliner Schau¬
438 2621 1765 2680 epielreferen—scheIngenmrt Schnitlers, zwischen dem
453 2647 1749 2726 „Anatol“ und der „Liebelei“ entstanden, hat im Rotterschen Lessing¬
448 2697 1756 2759 #theater die erste Berliner Aufführung späi erlebt. Auch außerhalb
457 2732 1752 2799 Berlins ist „Das Märchen“ wenig bekannt. Mit Unrecht. Man
457 2765 1760 2827 komme nus hier nicht mit der Phrase, daß der Kampf der Dramatiker!
452 2811 1756 2891 um die freie Liebe längst ausgetragen sei! Nur Theorien erschöpfen sich,
459 2852 1757 2912 immer lebendig bleibt ein Stück Leben, gleichviel, welches Thema das
451 2883 1752 2957 Leben selbst (nicht der Theoretiker!) bietet. Außerdem geht es im
449 2922 1756 3006 „Märchen“ um etwas ganz anderes, wenn auch die jungen Leute im
445 2962 1754 3019 Stück (Anno 1854!) ein wenig über freie Liebe u. dgl. debattieren. Will!
451 3002 1747 3069 man durchaus eine These herausspießen, so kann's nur der üble Hebbel¬
444 3042 1757 3112 sche Satz sein: „Darüber kann kein Mann weg.“ Schnitzler selbst hat
449 3080 1766 3139 dieses Dogma einer ungerechten und brutalen Eheherrn=„Moral“ ge¬
446 3122 1739 3189 spießt ... nicht aber als Eiserer im Debattierklub, nicht als Tendenz¬
441 3159 1739 3226 dramatiker, sondern als Menschenkenner und =gestalter. Das Drama ist
437 3198 1740 3271 lebendige Antiage, ist die Selbstanklage der Männer, vertreten durch
444 3233 1743 3297 einen erfahrenen Mann. Warum ist der Widerstandsunfähige hier zum
436 3277 1737 3347 Dichter gemacht? Weil Dichter von schwächerem Gebölke des Charatters
444 3302 1735 3385 wären? O nein, das Gegenteil ist gemeint. Weil ihre Phantasie freier.
436 3353 1744 3417 auch ihre Lebensführung durch gesellschaftliche Rücksichten meist weniger
435 3396 1750 3464 gebunden ist. Aber selbst dieser Künstler, mehr als andere Menschen
445 3431 1746 3497 nur dem eigenen Herzen verantwortlich, handelt herzlos. — Schnitlers
442 3465 1746 3528 „Märchen“, aufgewertet durch die zwanglosen Feinheiten des Schnitz¬
437 3504 1733 3575 lerschen Dialogs, sollte nicht seiner Frühwerksmängel wegen aus der
436 3544 1745 3617 Reihe unlerer lehandigen Dramen gedrängt werden. Die Aufführung
448 3585 1735 3657 im Lellingtheater war freilich shlecht berufen, altes Versäumnis a#1.
439 3617 604 3677 zumachen
719 3630 1751 3683 zum Teil erstannlich mindenwertiges Enkemble, von dem
853 3661 1093 3720 Schauspieler
561 3659 643 3727 enig
739 3662 805 3709 äh
1434 3677 1532 3725 Tie
1609 3674 1731 3731 ##fo
577 3714 1753 3764 Rudolf Lettinger) abheben, Kurde von Curt von
365 3757 1633 3834 Möllendorff geführt, der selbst die männliche Hauptrolle recht üb.
1530 3823 1652 3869 n Nr.
381 3823 1385 3868 deckte. Freude brachte aber die junge Comilla Ep
391 3851 1594 3904 ungezäumtes Füllen, dem ein Trupfen von der Kute Dorsch im Blute
1212 3901 1610 3955 Der Beifall war ##
390 3899 1140 3971 Ihr Gesicht hat eine bemegte Sprache.
1204 3924 1762 4015 Hermann ##ssen
372 3932 569 4013 sturmisch.
2228 746 2552 840 Nercnen
2142 2500 3164 2556 Schnitzlers neuer grosser Erfolg im Lessing-Theater:
2239 2543 3079 2600 „Märchen“. Camilla Spira Fannz).
2385 2584 2972 2646 rt von Moellendorf Fedor.,
2417 2622 2901 2692 Continental Choto, Berlin, phot¬
2207 2681 3162 2750 #rthur Schnlers „Märchen“ ernelte bei der Erst¬
2134 2713 3159 2801 A auffuhrng im Lessingtheater Fegen der grossen
2142 2783 3164 2836 (ualitäten, die dieses innerliche, und doch bühnenwirk¬
2145 2817 3164 2866 same Stück birgt mit Recht einen grosgen Erfolg. Dieser
2152 2862 3163 2914 Erfolg ist bisher auch allen weiteren Aufführungen des
2155 2902 3157 2958 Werkes treu geblieben. Die Lliebes- und Lebensschick¬
2143 2933 3167 2988 sale der kleinen Fanny Theren greifen uns ans Herz¬
2139 2985 3159 3049 dank Sehntzlers wunderbarer psychologischer Zeich¬
2147 3020 3148 3066 nungskraft. Schnitzlers Menschenkenhims vermag Cs.
3258 3056 3443 3109 Der grö
2152 3064 3153 3118 mit wenigen Strichen plastische, immef interessierende.
2137 3101 3164 3147 lebenswahre Menschen vorzuzaubern. Ein Lebensaus¬
3277 3101 3442 3164 „Die
2156 3148 3157 3201 schnitt, der uns nicht nur den Theaterabend über fesselt.
3186 3144 3439 3212 Lropoldine K
2204 3184 3165 3227 Das Kleine Theater hatsich den grossen l’ariser
2149 3218 3165 3272 Schlager geholt. „Die Grossfürstin und der Zimmer¬
3173 3246 3433 3317 die famose S
2150 3259 3158 3305 kellner“ ist auch in Berhin wie in P’aris der ungeheure
2148 3299 3442 3358 Publikumserfolg. Die grosse Aktualität des Geschehens, eine meister
3335 976 3446 1055 D
3235 1062 3433 1127 Kleine
3258 1115 3441 1187 der 2
3243 1196 3443 1270 Lessin
3270 1260 3441 1314 mit Can
3241 1305 3433 1379 Trianc
3265 1366 3442 1421 mit Bl
