3436 4352
546 201 590 259 6
1073 202 1426 326 S
558 247 949 332 (Greuds
300 444 1423 496 TUESDAY. SEPTEMBER 13. 1910.
1406 466 1504 542 —
534 566 1215 730 News
1227 578 2026 740 of the
426 726 1080 844 The Fairy Tale“ ls
608 823 1261 930 Not a Faiy Tale.
540 910 1057 977 BY PERCY HAMMOND.
474 968 1260 1019 GAIN we have neth us the good woman
488 1002 1261 1033 who has sinned and Is sorry confronted
511 1037 1249 1077 by the discouraging futility of repent¬
402 1062 1247 1112 4 ance. In Mr. Schnitzler’s plag and Nrs.
489 1095 1255 1153 Newton’s adaptation thereof Miss Nazi¬
361 1126 1256 1168 I mova impersongtes a temperamental Viennese
366 1160 1250 1200 netress who has Inaceurately analyzed her early
360 1191 1242 1240 amours, and, confessing this inncenracy, finds
360 1231 1244 1272 u. understanding from the man she really loves.
1554 1244 1613 1281 230
362 1255 1246 1311 It is the old story told in another way; and it
363 1283 1249 1342 may be sald that the recital, though occaslon¬
368 1328 1248 1367 ally discursive, is Interesting and fundamentally
1426 1276 1605 1402 25
367 1350 1256 1391 pleuslble. The andience at the Garrick last
362 1388 1257 1441 evening seeined genuinelz impressed by it, for
361 1409 1243 1459 Stheir demeanor made up in thoughtful serlous¬
366 1451 1025 1500 ness what it lacked in enthusiasm.
396 1475 1248 1524 As usual Miss Nazimova Is cerie and exotle in
360 1510 1247 1566 her effective war, though much less so than in
367 1550 1250 1599 some of her previous appearances here; and by
360 1574 1244 1625 inexensable factal hysteria and other acquired
353 1616 1246 1665 leccentrieities mars what otnerwise might be a
1314 1610 1370 1649 2200
357 1646 1246 1692 masterpiece of emotional acting. There is an
362 1678 1246 1722 example in the first act. The scene 18 a small
356 1711 1252 1755 segment of Viennese bohemla where ure gath¬
352 1735 1252 1782 ered painters, writers, songetresses, and Impre¬
365 1774 1256 1814 sarlos in much more than their eustomary stage
366 1811 1242 1856 verity. In one corner of the room it Is whis¬
361 1839 1252 1887 pered that Fannz Theren. Miss Nazimova’s char¬
365 1879 1254 1916 acter, has achleved a past and is regretful there¬
360 1905 1240 1942 for. Whereupon arises Theodore Denner in the
357 1939 1254 1985 person of Mr. Brandon Tynan and givos utter¬
362 1962 1248 2012 ance to the belief it is wrong for man to arro¬
360 1994 1253 2053 gate to himself the beautiful privilege of sin and
364 2035 1244 2077 thaf the tradition of the fallen woman Ie a fairy
350 2063 1239 2097 tale. It is nature for woman to love, he be¬
357 2097 1252 2138 lieves, and a hideous violation of the laws of
359 2126 1252 2181 nature to punish that wonderful inelination.
368 2162 1243 2206 There is talk, and pretty good talk, too, abent
355 2191 1246 2238 false standards and paradoxes and other heret¬
354 2229 1046 2273 ical philosophy common to bohemin.
386 2234 1240 2304 Meantime Miss Nazimova, who is acting the
360 2292 1247 2338 lady who loves him and who is of that kind,
1427 2266 1924 2341 Viss Chra Lipman
350 2317 2082 2374 drapes herself abont an effective portion of ##e in The Aeriagecr a ötan“
357 2359 1240 2404 archltecture of the room and gives vent to gro¬
363 2389 1236 2441 tesque and inexplicable facial convulsions, ###
355 2422 2124 2466 outcome of which in real life would be sheer Russell, and Miss Eisie Esmond, though she gig¬
351 2453 2117 2491 consternation onthe part of those who observed gled indisereetly, managed to impart the röle of
345 2488 2118 2542 her. One would lmagine that she would reserve a foolish ingenne. Dur old friend the tense and
347 2518 2116 2571 these confessions for a more intlmate occasion, eloquent goung writer was present in tiie per¬
355 2552 1226 2588 But though theaudience has been informed o“
1230 2549 2119 2595 son of Mr. L. Royee Dunrobin, who appeared
345 2579 1236 2625 #her frresolute idea of the sexual conventions,
1227 2584 2131 2648 beatifically as a cross between a ewe lamb and
1231 2614 1415 2673 acherub.
355 2617 1231 2658 she proceeds to disclose her peccancies 10 every
351 2646 1240 2685 one on the stage. That is, she would disclose
352 2672 1234 2725 them if they were not afflicted with stage mana¬
347 2707 1244 2766 gerial psendoblepsis, whieh forbids them seeing
357 2749 1097 2795 anything save that useful to the play.
373 2833 1242 2883 In other episodes, however, Miss Nazimova re¬
354 2873 1237 2923 turns gracionsiy to the faseinatingly sincere
351 2908 1242 2941 manner of her eariler days with the Russlan
346 2931 1243 2966 I players. After her lover has diselosed his man's
354 2967 1232 3014 way of looking at things, his inabilitg to applze
346 2996 1244 3049 his liberal standard tothe woman he loves, and
352 3028 1238 3088 !“ 18 dark on the stage, and the situation is roa¬
359 3062 1241 3114 sonably real, she achieves some real acting,
349 3093 1234 3155 acting of the sort wllich one may look upon and
354 3132 1241 3178 analyze as kuman. In the la“. act of the play,
353 3162 1187 3197 where righteous and earnest indignation i8 :
355 3193 1229 3241 key and she strips this lover of his shoddz
350 3229 1234 3266 liberalism and reveals him ás a jealous, narrow,
344 3254 1237 3313 selfish. and perfeetig natural poseur, she 18
357 3288 1231 3338 glgantie in her fidellty to characteristie nature,
355 3325 1257 3371 andthe curtain descends on her in her truest
352 3355 497 3412 aspeot
541 3363 1240 3439 be seen fram the foregoing acconnt
350 3411 1246 3479 that“ The Fairy Tale“ is no melody from
357 3445 1231 3494 Mother Goose. It is a frank discussion of mnt¬
350 3480 1239 3528 #ters material. Lovers and their import are
356 3513 1241 3559 talked about freeig, and dhe goung person wilo
355 3552 1240 3595 is being reared in ignorance of such matters
349 3571 1238 3621 should not be allowed. to attend. As a play it
351 3608 1247 3663 was rather well done, rave in the last act, shen
353 3640 1235 3686 the discussion Is wordy and abeut things incon¬
353 3674 1231 3720 sequential. Mr. Tynan, as is bis hahlt, gave his
388 3708 1241 3750 ivld impersonation of Hamlet. poctle, psycho¬
357 3730 1250 3789 logie. and imponderable. Mr. Frederick Tiden
345 3778 1234 3828 presented a breezy and whollr human iden of n
353 3804 1259 3846 painter, raving neither sartorlallg nor verbally,
355 3837 1228 3885 and, exgepting Miss Nazimova’s saner moments,
356 3867 1232 3902 was qufte tie artistie feature of the proceeding.
363 3895 1239 3950 Not once did he verge from the straight and
353 3927 1242 3973 narrow pathrof his dütv. There were Superklut¬
360 3966 1240 4004 ous characterlzatlons of goung men abent town
350 3995 1246 4054 done by Mr. Reglnald Mason and Mr. Thomas
2052 193 2796 259 3. Das Maerchen
2937 192 3287 273 bos 7/2
2347 496 2798 577 Wunar
2378 606 3164 691 Gaca e
2291 702 2935 786 1910. Jan. 157 0
2251 817 2456 899 200KS.
2262 892 2445 962 ested in
2267 952 2445 1001 rofessor
2259 983 2452 1038 Nantical
2462 1005 2902 1082 SLhgeiSSUriC
2266 1028 2444 1074 tructive.
2270 1064 2443 1110 rinciples
2276 1101 2443 1148 vigation
2274 1137 2456 1189 xcellent
2620 1131 3051 1201 ·THE FAIRY TALE.“
2267 1174 2456 1227 s-their
2554 1175 3187 1236 plag in three acts, translated by Nina
2289 1211 2456 1264 reasons
2488 1216 3193 1270 Lewton from the German of Arthur Schultz¬
2275 1248 2451 1297 ty, etc.
2481 1261 3192 1296 ler. Presented for the firat time here Sept.
2280 1282 2462 1340 zal, and
2493 1292 3194 1348 12. 1910, at the Garrick Theater. The cnst:
2293 1321 2457 1368 In the
2484 1324 3187 1390 Theodore Denfer. BRANDON TINAN
2294 1345 2456 1407 author.
2486 1369 3184 1423 Leo Mildner. L. RACE DUNROBIN
2283 1392 2456 1445 zion 100
2492 1402 3186 1445 Robert Well FRED L. TIDEN
2283 1433 2446 1484 volded.
2487 1431 3190 1479 Dr. Frederick Witte. REGINALD MASON
2303 1468 2466 1514 In the
2490 1471 3184 1520 August Witte. ORLANDO DALY
2291 1502 2453 1551 ucation
2483 1499 3184 1554 Berger THOMAS RUSSRLL
2495 1528 3193 1581 Albert Wande:. EDWARD R. MAWSON
2278 1540 2465 1592 zer, but
2495 1571 3191 1612 Moritskt WILLIAM HASSEN
2306 1577 2454 1625 t to be
3091 1600 3129 1627 0
2491 1598 3185 1644 Mra. Theron MRS. JACOUES MARTIN
2290 1612 2454 1660 concep¬
2488 1632 3180 1692 Clarn Theren GERTRUDE HERKELEY
2267 1648 2454 1699 ad much
2491 1666 3194 1720 Fapny Theren ALLA NAZIMOVA
2254 1680 2461 1732 onomical
2492 1701 3193 1748 Agatha Miller TERESA M. CONOVER
2260 1725 2460 1779 tion will
2489 1740 3181 1789 Ninnette. MARIE ALLEN
2260 1763 2453 1817 atise on
2489 1769 3196 1821 Emmy Werner ELSIE ESMOND
2263 1829 2454 1890 es Lane
2827 1843 3241 1913 WINDow, in the
2264 1866 2415 1925 Vork.)
2819 1893 3237 1958 scenle background
2812 1935 3228 1999 which frames the sec¬
2272 1931 2452 2003 : soclety
2289 1990 2458 2033 written
2813 1983 3240 2043 ond act of The Fairy
2272 2028 2478 2074 ttention 1
2816 2021 3232 2091 Tale“ gives upon a
2274 2063 2447 2116 ors are
2813 2063 3242 2128 street of trees and
2287 2097 2454 2146 with an
2819 2106 3233 2162 sunlight and com¬
2303 2131 2459 2189 pretty
2596 2139 3236 2237 fortable, placi
2281 2164 2458 2228 parent¬
2766 2192 3234 2247 homes. Now and
2292 2202 2454 2254 en, one
2507 2198 2613 2275 S
2749 2231 3236 2295 agaln one of the two
2290 2241 2459 2292 Italian
2786 2276 3239 2332 princlpal characters
2290 2282 2453 2331 matter,
2612 2275 3243 2370 8  tne play fings it
2305 2319 2448 2367 really
2300 2356 2445 2403 igned,
2444 2360 3239 2402 open and sobs his—or her—tortured soul
2307 2394 2445 2440 ilated,
2449 2392 3237 2447 Into the fresh alr. It seemns to help. But
2307 2429 2444 2480 orinel¬
2462 2436 3233 2493 ere surcease really comes somebody always
2314 2464 2446 2519 good
2462 2475 3235 2543 shuts the window and woe holds its turgld
2299 2497 2438 2551 inger¬
2451 2522 2815 2586 course unchecked.
2299 2536 2446 2596 ndary
2480 2550 3242 2619 If a little of that woe could have been
2446 2602 3241 2664 checked at the winuow (a pleasantry wholly
2314 2596 2448 2658 lay.“
2305 2647 3238 2693 gham Irreverent and out of place, to be gure) one
2444 2684 3235 2737 observer at least would have been a great
2438 2721 3233 2770 deal more impressed by Mme. Nazimova’s
2312 2745 2453 2806 mond
2443 2759 3242 2822 production of the Arthur Schnitaler drama
2321 2797 2446 2852 ger,“
2447 2793 3228 2854 atthe Garrick Theater last ,evening. The
2330 2838 2441 2879 dear
2451 2831 3226 2883 go.ls were propitious. Schnitzler, a Crophet
2320 2860 2447 2918 com¬
2448 2869 3230 2929 honored in his own country with Haupt¬
2451 2900 3243 2959 mann and Sudermann, was receiving his
2342 2909 2438 2955 #the
2318 2945 2431 2996 #e“ a
2449 2946 3241 2988 first serlous hearing In America, Mme.
2447 2984 3233 3024 Nazimova, having long since conquered the
2319 2983 2445 3034 legal
2329 3015 2441 3067 reas¬
2462 3011 3232 3062 English language and been taken to our
2329 3057 2442 3104 UThe
2447 3049 3233 3108 hearts as an actress of wonderful gifts, was
2453 3088 3232 3135 returning to us after an absence of two
2318 3083 2436 3149 idow
2335 3132 2444 3177 exis¬
2449 3128 3235 3187 seasons. The audience was populous and
2324 3164 2449 3217 sther
2455 3164 2806 3225 expectant. But——
2476 3182 3238 3244 To say, without an intlmate knowledge of
2335 3205 2439 3261 lped.
2333 3242 2441 3289 2ce8,
2453 3238 3232 3292 che works of the Austrian dramatist and in
2333 3275 2441 3322 hinn
2457 3286 3239 3327 a basty midnight review that this American
2344 3316 2445 3362 the
2446 3322 3230 3362 production of Das Marchen“ dees not pre¬
2336 3350 2448 3409 sind
2452 3336 3231 3402 sent the play falrly would doubtless be pre¬
2454 3393 3164 3446 sumptuous. But this is the impression.
2343 3413 2431 3471 tay¬
2469 3413 3233 3475 Schnitzler, as he reveals himself in  The
2344 3458 2440 3513 sen¬
2457 3450 3225 3520 Falry Tale.“ Is clearly a writer of the Ibsen
2342 3493 2432 3557 #rles
2443 3492 3218 3546 school, with strong leanings toward the
2443 3525 3225 3590 emotional theatricalism so frequently used
2439 3564 3221 3625 py Sudermann and dher hlghly respecte
2351 3613 3215 3661 er##lights of the German stage. His plot 18
2348 3645 3215 3689 the l simple, compact, and worked out with an
2359 3682 2458 3740 edy
2449 3686 3219 3732 effect that one suspects would be irresist¬
2444 3717 3230 3766 ible if it were developed In an atmosphere of
2441 3750 3223 3809 normal sanlty instead of the gasps and
2361 3791 2450 3840 ry-
2447 3791 3218 3845 writhings in which Mme. Nazimova and
2362 3834 2445 3876 ng
2457 3834 3225 3894 her leading man, Brandon Tynan, have
2457 3865 2803 3924 elected to indulge.
2483 3884 3225 3945 Two central characters there are, to
2455 3928 3232 3992 whom the action of the play is almost
2360 3970 2438 4031 ne
2457 3980 3219 4024 wholly confined. Fanny Theren, an actress
2454 4012 3216 4065 In a small way at a Vienna theater, has
2457 4052 3217 4098 had an affair with one Dr. Frederick Witte,
2443 4087 3216 4133 a gay young blood by wnom she has been
2411 4127 2464 4179 1
2448 4125 3212 4171 abandoned. At her home, where her elder
2392 4164 2445 4204 Or
2453 4158 3211 4204 sister knows of her past and her fussy.
3068 4190 3111 4250 #
