3484 4352
454 181 1588 239 een sie seil sehem Abend
426 223 1592 286 nicht mehr besucht hat. Warum? Ist es am Ende doch
435 259 1585 333 kein Märchen? Ja, es ist eines. Aber er will alles
437 315 1596 379 wissen. Er will wissen, was er ihr zu verzeihen hat.
426 350 1595 434 Fanny sagt es ihm, und er verzeiht ihr nicht. Oder doch
467 414 1593 467 — vorübergehend. Im Rausch der Liebe nimmt er sie
414 438 1590 519 in seine Arme. Aber im dritten Akt, der ein paar Tage
411 509 1600 569 später spielt, hat das Gift ihre Liebe schon ganz zerstört.
423 549 1591 621 Sie sagen sich harte Worte und gehen am Ende aus¬
417 594 1599 655 einander. Sie, die mittlerweile einen großen Erfolg als
420 629 1591 692 Schauspielerin gehabt hat, nimmt ein glänzendes An¬
421 694 1588 761 erbieten nach Petersburg an und er läßt sie verdrossen
417 721 1230 801 gehen. Es war also doch kein Märchen.
508 780 1596 850 Wir sehen Arthur Schnitzler in diesem Stück, das sein
412 832 1588 898 erstes war und das vor vierzehn Jahren, am 1. Dezember
419 880 1585 945 1893, im Deutschen Volkstheater vom Publikum deutlich
420 922 1594 994 abgelehnt wurde, mi einen Pröbkem sich herumschlagen.
409 954 1594 1029 Er war bereits ein fertiger Dichter, „inwendig voller
418 1001 1594 1085 Figur“, und sah sich von lauter Gestalten umgeben, die
417 1065 1592 1127 auf die Bühne wollten und mußten. Da griff er dieses
408 1116 1587 1165 ebenso alte als neue Problem auf, als einen Vorwand,
409 1163 1588 1209 um seine Figuren in Szene zu setzen. Als ob es dazu
408 1207 1585 1282 eines Vorwandes bedürfte?. Aber das sah er erst später
419 1255 1588 1338 ein, daß die Kunst nichts beweisen muß, oder richtiger:
417 1319 1583 1390 daß sie desto mehr beweist, je weniger sie beweisen will,
420 1369 1571 1427 weil nur die Absichtslosigkeit überzeugt. Als er es einsah,
415 1416 1583 1474 schrieb er die Liebelei. Mit diesem Werk hat er sich
421 1458 1583 1511 selbst gefunden, und in der Folge konnte es sich für ihn
415 1517 1587 1569 nur noch um ein Tieferwerden, nicht mehr um ein Anders¬
409 1554 1594 1616 werden handeln. Nun ist es ein exquisiter Genuß, in
405 1601 1592 1656 diesem „Märchen“ die „Liebelei“ und die folgenden Werke
405 1645 1588 1694 bereits herauszuspüren. Sie liegen nämlich alle darin, der
413 1708 1595 1762 ganze spätere Schnitzler. Nur daß die Figuren, die er
417 1742 1592 1802 später plastisch herausgearbeitet hat, hier noch reliefartig
409 1791 1589 1861 abgeplattet sind. Da ist Friedrich Witte, der später Anatol
402 1834 1589 1898 und Theodor Kaiser wird. Er hat seinen richtigen Namen
409 1883 1591 1937 noch nicht gefunden. Da ist Agathe Müller, die dann
416 1918 1580 1984 im „Einsamen Weg“ als reife Künstlerin wiederkehrt, Da
414 1973 1581 2024 ist Fanny Theren, aus der dann später das süße Mädel
407 2020 1588 2086 wird. Das heißt, ihre eine Hälfte versüßt sich, die andere
402 2071 1586 2141 geht zum Theater. Auch sie begegnet uns in der Folge
414 2120 1592 2170 wieder. Und schließlich Fedor Denner, der Grübler, der
407 2162 1584 2233 Träumer. Er hat Glück bei Frauen, weil er so wunder¬
415 2224 1586 2272 bar zu leiden versteht. Hier heißt er Fedor und ist ein
405 2256 1585 2312 Schriftsteller, der sich noch nicht recht traut. Zehn Jahre
416 2301 1588 2363 später wird er Filippo Loschi heißen und ein Dichter sein.
489 2362 1582 2416 In seiner Lechnik hat das Stück noch etwas Ge¬
401 2411 1576 2459 waltsames, wie die Stücke zu junger Dichter oft. Im
404 2447 1580 2513 zweiten Akt kommt Fanni zu ihrem Liebhaber, und gleich
403 2492 1588 2547 darauf Witte, der Verführer — zufälligerweise. Im dritten
408 2536 1580 2592 Akt ist Fanni plötzlich berühmt, und es trifst sich gut,
409 2582 1589 2643 daß ihr der Agent Moritzky einen äußerst vorteilhaften
405 2635 1582 2697 Vertrag für Petersburg anbietet und solcherart die Lösung
403 2682 1583 2739 wesentlich erleichtert. Wie aber, wenn sie nun keinen Er¬
418 2725 1580 2776 folg gehabt hätte? Das kommt nämlich auch bei Ge¬
419 2771 1573 2835 fallenen vor. . .. Uebrigens liegt ja der Wert des Stückes
416 2823 1573 2877 nicht in der Problemstellung und Beweisführung, die viel¬
403 2867 1585 2913 mehr seine Schwächen bilden. Dieser Schwächen wegen hat
414 2919 1579 2962 man das Schauspiel seinerzeit abgelehnt. Heute hat es
414 2964 1575 3022 um seiner Vorzüge willen gefallen. Es ist eine Arbeit,
409 3002 1576 3059 die den Reflex der späteren Werke des Dichters braucht,
403 3048 1580 3111 um ins rechte Licht zu kommen. Diese Beleuchtung ward
404 3100 1577 3166 dem Werke heute zu teil, und so war auch die Aufnahme
406 3146 1584 3219 eine überaus herzliche. Von der Darstellung wurde der
404 3199 1588 3255 Dichter nicht gerade unterstützt. Sie war anständig, nicht
418 3244 1580 3287 mehr. Fräulein Olga Weede, eine nicht unsympathische Er¬
414 3285 1587 3350 scheinung, war von angenehmer Wärme, solange sie ein¬
415 3348 1589 3398 fach blieb. Im Affekt übernahm sie sich ebenso wie ihr
408 3384 1589 3436 Partner Herr John, der neue Liebhaber, den sich das
406 3430 1574 3477 Bürgertheater aus Hamburg verschrieben hat. Herr John
410 3471 1578 3550 hat das Grenadiermaß und die hellblonde Korrektheit
416 3530 1574 3583 norddeutscher Liebhaber. Seine Vorzüge stören bloß. Das¬
414 3584 1572 3633 selbe gilt von Herrn Hartberg, der in der Rolle des
407 3617 1584 3668 Dr. Witte alle wienerische Liebenswürdigkeit vermissen
408 3671 1583 3719 ließ. Welche Idee, diese jungen Wiener Lebemänner von
406 3708 1591 3770 norddeutschen Schauspielern spielen zu lassen! Auch sonst
408 3768 1584 3816 war das Niveau der Vorstellung durchaus das einer
416 3817 1589 3872 mittleren deutschen Provinzbühne, etwa zwischen Leipzig
405 3854 1292 3933 und Magdeburg.— aber mehr Magdeburg.
1329 3855 1539 3951 R. A.
1963 259 2535 323 Das Maerchen
2670 256 3052 340 box 7/2
1787 260 2543 367 3. e
2671 644 3072 732 Telephon 12801.
1926 788 2991 904 2 mmnes Tertererersnn
1912 897 3074 976 O l. österr. behördl. konz. Unternehmen für Zeitungs-Ausschaltte
2084 945 3172 1032 Wien, I., Concordiaplatz 4.
2297 1007 2740 1089 Vertretungen
1925 1056 3057 1124 0 in Berlin, Budapest, Chicago, Christiapiaj Genf, Kopen¬
1909 1082 1949 1127 *
1910 1115 3051 1183 hagen, London, Madrid, Mailand, „Minheapolis, New-Vork,
1907 1147 1987 1186 0
1995 1153 3021 1218 Paris. Rom, San Francisco, Stockholm, St. Petersburg.
1906 1183 1991 1223 00
2319 1191 2706 1264 (Quellenangabe ohne Gewähr.)
1906 1219 2391 1316 5 Aussehnitt aus:
1909 1293 1948 1319 8
1901 1282 3078 1395 o.otl. 1o0 Wiener Allgemeine Zeitung, Wien
1887 1334 2141 1426 E vom:
1907 1427 3051 1519 Chrater, Künst und Literatur.
2531 1506 3003 1595 Wien, 29. September.
2010 1555 3063 1639 (Bürgertheater.) Zum erstenmal: „Das
1911 1612 3081 1683 Märchen“ von Arthur Schnitzler. Es ist unbegreiflich, wie
1909 1667 3043 1728 Herr Schnitzler dies zugeben konnte. Er ist doch noch nicht so
1917 1709 3051 1758 neit entrückrstlerschaft noch nicht so dicht vom
1921 1754 3049 1820 Glanz der Ewigkeit umsponnen, als daß er ein gewaltiges
1914 1795 3052 1865 historisches Interesse für seine literarischen Anfänge vermuten
1915 1842 3041 1891 könnte; ein historisches Interesse, kräftig genug, um alles
1905 1880 3049 1940 ästhetische Mißbehagen zu verdrängen. Auf dem billigen
1904 1925 3037 1988 Gefühls= und Gedankenmobiliar dieses Jugendwerkes liegen
1909 1968 3051 2022 de Debatten wie fingerdicker Staub, und kreuz und quer durch
1925 2015 3047 2078 gen dramatischen Raum hat die Langeweile ihre derbsten
1914 2063 3036 2117 Epinnfäden gezogen. Wozu dies Ganze neuerdings der freien
1913 2098 3050 2163 Auft aussetzen? Und nicht nur der Luft schlechtweg, sondern
1909 2148 3051 2208 Fesem Sturm entfesselter Talentlosigkeit, der gestern über die
1907 2181 3041 2247 Bühno des Bürgertheaters segte? Es war ein peinlicher Abend.!
1905 2232 3035 2311 Und wirklich fäst geeignet, das ganze Märchen von Arthur
1917 2275 2344 2335 Schnitzler umzubringen.
2677 2479 3047 2571 Telephon 12801.
1898 2651 2001 2720 8
2008 2646 2966 2746 MM LTTTTTTSSNNN
1904 2710 1989 2761 10
1906 2754 3068 2816 O l. österr. behördl. konz. Unternehmen für Zeitungs-Ausschnitte
2074 2795 2959 2873 Wien, I., Concordiaplatz 4.
1896 2861 2001 2921 *
2291 2869 2742 2940 Vertretungen
1911 2922 3060 2975 0 in Berlin, Budapest, Chicago, Christiania, Genf, Kopen¬
1903 2975 3051 3027 # hagen, London, Madrid, Mailand, Minneapolis, New-Vork,
2012 3014 3034 3068 Paris, Rom, San Francisco, Stockholm, St. Petersburg.
1913 3021 1999 3062 O
2313 3051 2715 3104 (Quellenangabe ohne Gewühr.
1909 3077 2272 3168 =Ausschnitt
2247 3134 2863 3252 wreslauer Zeitung
2070 3159 2330 3242 29 9. 150
1892 3212 2129 3270 E vom:
1903 3339 3143 3443 Dramatische Chronik. Das Wiener Bürger¬
1846 3403 3129 3473 shrater hal Arthur Schnitzlerserstes größeres, in seiner Ent¬
1872 3449 3141 3512 ehungszeit 14 Jahre  und damals in einer stürmischen
1853 3485 3144 3546 Aufführung des Deutschen Volkstheaters mit Hohn abgelehntes Schau¬
1877 3518 3146 3600 Fiel „Märchen“ aufgeführt. Dem Experiment wurde ein rein lite¬
1872 3575 2277 3659 #rischer Erfolg zuteil.
