<?xml version="1.0" encoding="UTF-8" standalone="yes"?>
<PcGts xmlns="http://schema.primaresearch.org/PAGE/gts/pagecontent/2013-07-15" xmlns:xsi="http://www.w3.org/2001/XMLSchema-instance" xsi:schemaLocation="http://schema.primaresearch.org/PAGE/gts/pagecontent/2013-07-15 http://schema.primaresearch.org/PAGE/gts/pagecontent/2013-07-15/pagecontent.xsd">
    <Metadata>
        <Creator>prov=University of Rostock/Institute of Mathematics/CITlab/Gundram Leifert/gundram.leifert@uni-rostock.de:name=ONB_Newseye_GT_M1+(htr_id=10810)::::v=2.4.2
prov=University of Rostock/Institute of Mathematics/CITlab/Tobias Gruening/tobias.gruening@uni-rostock.de:name=de.uros.citlab.module.baseline2polygon.B2PSeamMultiOriented:v=2.4.2
prov=University of Rostock/Institute of Mathematics/CITlab/Tobias Gruening/tobias.gruening@uni-rostock.de:name=/mnt/transkribus/LA/DEA/URO/LA_news_onb_att.pb:de.uros.citlab.segmentation.CITlab_LA_ML:v=2.4.2
Transkribus</Creator>
        <Created>2019-10-07T11:57:20.526+02:00</Created>
        <LastChange>2019-10-08T20:41:23.410+02:00</LastChange>
        <TranskribusMetadata docId="224002" pageId="9505415" pageNr="45" tsid="16609199" status="IN_PROGRESS" userId="40391" imgUrl="https://files.transkribus.eu/Get?id=GHTQHVRVLALHYNUOFBAFORVH&amp;fileType=view" xmlUrl="https://files.transkribus.eu/Get?id=WLRWCXDZYXTSIKGZSPBAJNYD" imageId="6195629"/>
    </Metadata>
    <Page imageFilename="224002_0045.jpeg" imageWidth="3484" imageHeight="4352">
        <ReadingOrder>
            <OrderedGroup id="ro_1711444531615" caption="Regions reading order">
                <RegionRefIndexed index="0" regionRef="r1"/>
            </OrderedGroup>
        </ReadingOrder>
        <TextRegion orientation="0.0" id="r1" custom="readingOrder {index:0;}">
            <Coords points="328,258 328,4233 2916,4233 2916,258"/>
            <TextLine id="r1l1" custom="readingOrder {index:0;}">
                <Coords points="490,290 1046,292 1085,270 1085,221 1039,239 932,211 905,228 771,224 752,241 725,222 565,240 490,224"/>
                <Baseline points="503,284 531,284 559,284 588,284 616,284 645,284 673,284 702,283 730,283 759,283 787,283 815,282 844,282 872,282 901,282 929,281 958,281 986,281 1015,280 1043,280 1072,279"/>
                <TextEquiv>
                    <Unicode>Das Maerchen</Unicode>
                </TextEquiv>
            </TextLine>
            <TextLine id="r1l2" custom="readingOrder {index:1;}">
                <Coords points="1168,319 1219,330 1267,297 1304,314 1364,310 1381,295 1447,308 1471,290 1490,307 1514,282 1594,288 1593,229 1554,208 1479,222 1418,214 1399,231 1341,233 1301,214 1166,227"/>
                <Baseline points="1179,298 1204,293 1229,288 1254,286 1279,284 1304,283 1329,283 1354,283 1380,283 1405,284 1430,284 1455,285 1480,285 1505,284 1530,283 1555,281 1581,278"/>
                <TextEquiv>
                    <Unicode>box 7/2</Unicode>
                </TextEquiv>
            </TextLine>
            <TextLine id="r1l3" custom="readingOrder {index:2;}">
                <Coords points="316,315 709,338 1074,324 1058,268 567,282 500,234 318,237"/>
                <Baseline points="328,282 364,286 401,291 438,294 474,297 511,299 548,301 584,302 621,304 658,305 695,305 731,305 768,306 805,306 841,305 878,305 915,304 951,304 988,303 1025,303 1062,302"/>
                <TextEquiv>
                    <Unicode>J. D22 nderenen</Unicode>
                </TextEquiv>
            </TextLine>
            <TextLine id="r1l4" custom="readingOrder {index:3;}">
                <Coords points="1045,868 1953,882 1954,812 1893,804 1046,803"/>
                <Baseline points="1057,861 1101,864 1145,866 1189,868 1233,870 1278,871 1322,873 1366,874 1410,875 1454,876 1499,877 1543,877 1587,877 1631,877 1675,878 1720,878 1764,877 1808,877 1852,877 1896,877 1941,877"/>
                <TextEquiv>
                    <Unicode>R. Brüx, 15. Ang. [Tel.=Ber.] (Vonderi</Unicode>
                </TextEquiv>
            </TextLine>
            <TextLine id="r1l5" custom="readingOrder {index:4;}">
                <Coords points="2182,906 2303,928 2328,916 2384,927 2440,906 2602,926 2603,858 2500,829 2429,855 2366,851 2332,829 2296,830 2276,847 2220,829 2184,838"/>
                <Baseline points="2194,894 2220,897 2246,898 2273,900 2299,901 2326,902 2352,902 2379,902 2405,902 2432,902 2458,902 2485,903 2511,903 2538,904 2564,904 2591,906"/>
                <TextEquiv>
                    <Unicode>Theater.</Unicode>
                </TextEquiv>
            </TextLine>
            <TextLine id="r1l6" custom="readingOrder {index:5;}">
                <Coords points="961,911 1847,939 1936,934 1937,874 961,882"/>
                <Baseline points="972,913 1019,914 1067,916 1114,917 1162,918 1210,919 1257,919 1305,920 1352,920 1400,920 1448,920 1495,920 1543,921 1590,921 1638,921 1686,920 1733,920 1781,920 1828,921 1876,921 1924,921"/>
                <TextEquiv>
                    <Unicode>lusstellung.) Heute Vormittag besuchte der Protector</Unicode>
                </TextEquiv>
            </TextLine>
            <TextLine id="r1l7" custom="readingOrder {index:6;}">
                <Coords points="2010,955 2896,978 2897,930 2793,901 2600,938 2181,900 2120,935 2011,918"/>
                <Baseline points="2022,951 2065,954 2108,957 2151,959 2194,962 2237,963 2280,965 2323,966 2366,967 2409,967 2452,968 2495,968 2538,968 2581,969 2624,969 2667,970 2710,970 2753,971 2796,972 2839,973 2883,974"/>
                <TextEquiv>
                    <Unicode>*— Neues deutsches Theater. Jules</Unicode>
                </TextEquiv>
            </TextLine>
            <TextLine id="r1l8" custom="readingOrder {index:7;}">
                <Coords points="969,964 1908,981 1933,935 969,942"/>
                <Baseline points="980,959 1027,961 1074,962 1121,964 1168,965 1215,966 1262,967 1309,968 1356,968 1403,969 1450,970 1497,970 1544,970 1591,970 1638,970 1685,970 1732,969 1779,969 1826,968 1873,967 1920,966"/>
                <TextEquiv>
                    <Unicode>er Ausstellung Seine Excellenz Graf Thun=Salm</Unicode>
                </TextEquiv>
            </TextLine>
            <TextLine id="r1l9" custom="readingOrder {index:8;}">
                <Coords points="952,1000 2896,1025 2758,974 952,968"/>
                <Baseline points="963,1009 1059,1012 1155,1014 1251,1016 1347,1017 1443,1018 1539,1018 1635,1018 1731,1018 1827,1017 1924,1017 2020,1016 2116,1016 2212,1015 2308,1015 2404,1015 2500,1016 2596,1017 2692,1018 2788,1020 2885,1022"/>
                <TextEquiv>
                    <Unicode>ait seinen Söhnen abermals die Ausstellung. Gestern] Verne's altbekanntes Ausstattungssück „Die Reise</Unicode>
                </TextEquiv>
            </TextLine>
            <TextLine id="r1l10" custom="readingOrder {index:9;}">
                <Coords points="953,1071 2893,1069 2730,1020 953,1037"/>
                <Baseline points="966,1058 1061,1060 1157,1062 1253,1064 1349,1065 1444,1066 1540,1066 1636,1066 1732,1066 1827,1066 1923,1066 2019,1065 2115,1065 2210,1065 2306,1065 2402,1065 2498,1065 2593,1066 2689,1067 2785,1069 2881,1071"/>
                <TextEquiv>
                    <Unicode>par die Ausstellung von 9000, heute von 6500 Personensum die Erde in 80 Tagen“, zu dem Suppé</Unicode>
                </TextEquiv>
            </TextLine>
            <TextLine id="r1l11" custom="readingOrder {index:10;}">
                <Coords points="1905,1127 2900,1118 2927,1055 2844,1084 1905,1057"/>
                <Baseline points="1918,1113 1967,1111 2017,1109 2067,1109 2117,1108 2167,1107 2216,1106 2266,1106 2316,1106 2366,1106 2416,1106 2465,1107 2515,1107 2565,1108 2615,1108 2665,1109 2714,1109 2764,1109 2814,1110 2864,1110 2914,1110"/>
                <TextEquiv>
                    <Unicode>eine gefällige Musik seichrichen hat finhet immer bein</Unicode>
                </TextEquiv>
            </TextLine>
            <TextLine id="r1l12" custom="readingOrder {index:11;}">
                <Coords points="967,1138 991,1142 1001,1134 1013,1136 1032,1121 1039,1123 1046,1118 1056,1125 1068,1112 1112,1108 1111,1079 1099,1080 1086,1070 1064,1073 1049,1064 1037,1070 1008,1068 996,1078 965,1079"/>
                <Baseline points="979,1111 1009,1110 1039,1109 1069,1108 1099,1107"/>
                <TextEquiv>
                    <Unicode>esucht.</Unicode>
                </TextEquiv>
            </TextLine>
            <TextLine id="r1l13" custom="readingOrder {index:12;}">
                <Coords points="2082,1143 2767,1170 2876,1161 2920,1112 2148,1097 2082,1116"/>
                <Baseline points="2095,1148 2135,1147 2176,1145 2216,1144 2257,1143 2298,1143 2338,1143 2379,1143 2420,1144 2460,1144 2501,1145 2542,1146 2582,1147 2623,1147 2664,1148 2704,1148 2745,1149 2786,1149 2826,1149 2867,1149 2908,1148"/>
                <TextEquiv>
                    <Unicode>— Deutsches Volkstheater. Zum Besten des</Unicode>
                </TextEquiv>
            </TextLine>
            <TextLine id="r1l14" custom="readingOrder {index:13;}">
                <Coords points="1036,1148 1222,1172 1868,1159 1926,1184 1927,1082 1779,1120 1706,1097 1524,1120 1473,1091 1203,1116 1167,1084 1036,1112"/>
                <Baseline points="1048,1143 1091,1147 1134,1150 1178,1152 1221,1154 1264,1155 1308,1156 1351,1157 1394,1158 1438,1158 1481,1158 1524,1158 1568,1157 1611,1157 1654,1157 1698,1156 1741,1156 1784,1155 1828,1155 1871,1155 1915,1155"/>
                <TextEquiv>
                    <Unicode>P. Winterberg, 12. August. [O.=C.] (Ausstel¬</Unicode>
                </TextEquiv>
            </TextLine>
            <TextLine id="r1l15" custom="readingOrder {index:14;}">
                <Coords points="959,1195 2923,1205 2908,1151 959,1154"/>
                <Baseline points="971,1196 1073,1198 1175,1200 1277,1201 1379,1201 1481,1201 1583,1200 1685,1200 1787,1199 1889,1198 1991,1196 2093,1195 2195,1194 2297,1194 2399,1193 2501,1193 2603,1193 2705,1194 2807,1196 2910,1198"/>
                <TextEquiv>
                    <Unicode>ung für Gewerbe, Laud= und Forstwirth=Deutschen Journalistenverbandes gelangte gestern „Das</Unicode>
                </TextEquiv>
            </TextLine>
            <TextLine id="r1l16" custom="readingOrder {index:15;}">
                <Coords points="956,1243 2859,1262 2922,1203 955,1211"/>
                <Baseline points="968,1243 1065,1246 1162,1249 1259,1251 1356,1252 1453,1252 1550,1252 1647,1251 1744,1250 1841,1249 1938,1247 2035,1246 2132,1245 2229,1243 2326,1242 2423,1241 2520,1241 2617,1241 2714,1242 2811,1243 2909,1246"/>
                <TextEquiv>
                    <Unicode>ch. Deutsches Volkstheater. Als letzte Neuheit uMexcen“, Schauspiel in drei Aufzügen von Arthur</Unicode>
                </TextEquiv>
            </TextLine>
            <TextLine id="r1l17" custom="readingOrder {index:16;}">
                <Coords points="962,1289 2911,1307 2911,1254 2814,1249 962,1242"/>
                <Baseline points="974,1292 1070,1292 1166,1292 1262,1293 1358,1293 1455,1293 1551,1293 1647,1293 1743,1293 1839,1292 1936,1292 2032,1292 2128,1292 2224,1292 2320,1292 2417,1292 2513,1292 2609,1292 2705,1292 2801,1292 2898,1292"/>
                <TextEquiv>
                    <Unicode>Fachte uns diese Bühre in Märchen. Dasielbe hatte z[Schnitzier, zur Erstaufführung. Es ist wie das von</Unicode>
                </TextEquiv>
            </TextLine>
            <TextLine id="r1l18" custom="readingOrder {index:17;}">
                <Coords points="969,1342 1867,1337 1887,1295 969,1296"/>
                <Baseline points="981,1331 1025,1330 1070,1330 1114,1330 1159,1330 1204,1330 1248,1330 1293,1331 1338,1331 1382,1332 1427,1332 1472,1332 1516,1333 1561,1333 1606,1333 1650,1332 1695,1332 1740,1331 1784,1329 1829,1327 1874,1325"/>
                <TextEquiv>
                    <Unicode>jedoch nichts gemein mit jenen Erzählungen, die di</Unicode>
                </TextEquiv>
            </TextLine>
            <TextLine id="r1l19" custom="readingOrder {index:18;}">
                <Coords points="1905,1347 2915,1346 2915,1310 2877,1300 1906,1303"/>
                <Baseline points="1917,1338 1966,1338 2015,1338 2064,1338 2114,1338 2163,1338 2212,1338 2262,1338 2311,1338 2360,1339 2410,1339 2459,1339 2508,1339 2557,1339 2607,1340 2656,1340 2705,1340 2755,1341 2804,1341 2853,1341 2903,1341"/>
                <TextEquiv>
                    <Unicode>igder Landesbühne her bekannte Drama „Freiwild“ ein</Unicode>
                </TextEquiv>
            </TextLine>
            <TextLine id="r1l20" custom="readingOrder {index:19;}">
                <Coords points="977,1370 1933,1381 1933,1325 976,1338"/>
                <Baseline points="988,1366 1034,1367 1081,1367 1127,1367 1174,1367 1221,1367 1267,1367 1314,1367 1360,1368 1407,1368 1454,1368 1500,1368 1547,1367 1593,1367 1640,1367 1687,1366 1733,1365 1780,1365 1826,1364 1873,1362 1920,1361"/>
                <TextEquiv>
                    <Unicode>Phantasse unserer Kleinen mächtig anregt und bewegt.</Unicode>
                </TextEquiv>
            </TextLine>
            <TextLine id="r1l21" custom="readingOrder {index:20;}">
                <Coords points="973,1410 2920,1414 2920,1351 973,1366"/>
                <Baseline points="985,1402 1081,1404 1177,1404 1273,1405 1369,1404 1465,1403 1561,1401 1658,1400 1754,1398 1850,1396 1946,1394 2042,1392 2138,1390 2234,1388 2331,1387 2427,1387 2523,1387 2619,1388 2715,1390 2811,1392 2908,1396"/>
                <TextEquiv>
                    <Unicode>„Das Märchen“ das uns Arthur Schnitzler, kThesenstück, das die eingewurzelte Auschauung, als ob</Unicode>
                </TextEquiv>
            </TextLine>
            <TextLine id="r1l22" custom="readingOrder {index:21;}">
                <Coords points="971,1444 2915,1452 2845,1394 971,1412"/>
                <Baseline points="983,1441 1079,1441 1175,1441 1271,1441 1367,1441 1463,1441 1559,1440 1655,1440 1751,1439 1847,1439 1943,1438 2039,1437 2135,1437 2231,1437 2327,1436 2423,1436 2519,1436 2615,1436 2711,1436 2807,1437 2904,1438"/>
                <TextEquiv>
                    <Unicode>der in „Liebelei“, „Freiwild“ und anderen ähnlichen g die gefallene Frau ein für allemal rettungsloser Ver¬</Unicode>
                </TextEquiv>
            </TextLine>
            <TextLine id="r1l23" custom="readingOrder {index:22;}">
                <Coords points="974,1479 2916,1513 2916,1452 2810,1442 974,1442"/>
                <Baseline points="986,1481 1081,1480 1177,1478 1273,1477 1369,1476 1465,1476 1561,1476 1656,1477 1752,1478 1848,1479 1944,1480 2040,1482 2136,1483 2232,1484 2327,1486 2423,1487 2519,1488 2615,1489 2711,1489 2807,1489 2903,1489"/>
                <TextEquiv>
                    <Unicode>Sachen und Sächelchen vielerfahrene Kenner und „derbniß preisgegeben sein müßte, als einen gesellschaft¬</Unicode>
                </TextEquiv>
            </TextLine>
            <TextLine id="r1l24" custom="readingOrder {index:23;}">
                <Coords points="971,1527 1900,1525 1932,1518 1932,1474 970,1476"/>
                <Baseline points="983,1517 1029,1516 1076,1515 1123,1514 1170,1514 1217,1513 1264,1513 1311,1513 1358,1514 1405,1514 1452,1514 1498,1514 1545,1514 1592,1514 1639,1514 1686,1514 1733,1513 1780,1512 1827,1511 1874,1510 1921,1507"/>
                <TextEquiv>
                    <Unicode>scharfe Beobachter, durch das Berliner Ensemble er¬</Unicode>
                </TextEquiv>
            </TextLine>
            <TextLine id="r1l25" custom="readingOrder {index:24;}">
                <Coords points="972,1564 2907,1560 2928,1511 971,1511"/>
                <Baseline points="983,1554 1079,1555 1176,1556 1272,1555 1369,1554 1466,1553 1562,1551 1659,1549 1756,1547 1852,1544 1949,1542 2046,1539 2142,1537 2239,1535 2336,1534 2432,1533 2529,1533 2626,1533 2722,1534 2819,1536 2916,1539"/>
                <TextEquiv>
                    <Unicode>zählen ließ, behandelt das wirkliche, nicht märchen dlichen Irrthum, als eine fable convenus, dls eis</Unicode>
                </TextEquiv>
            </TextLine>
            <TextLine id="r1l26" custom="readingOrder {index:25;}">
                <Coords points="975,1593 2901,1604 2920,1553 975,1562"/>
                <Baseline points="988,1594 1089,1593 1190,1591 1291,1590 1392,1589 1493,1588 1594,1587 1695,1586 1796,1585 1897,1585 1998,1584 2099,1584 2200,1583 2301,1583 2402,1583 2503,1584 2604,1584 2705,1585 2806,1586 2907,1587"/>
                <TextEquiv>
                    <Unicode>hafte Los der Gefallenen. Die Haupifigur in dem derbig Märchen hinstellt gegenüber der hochherzigen ens freien</Unicode>
                </TextEquiv>
            </TextLine>
            <TextLine id="r1l27" custom="readingOrder {index:26;}">
                <Coords points="973,1624 2913,1659 2913,1601 2784,1583 973,1592"/>
                <Baseline points="986,1633 1081,1629 1177,1627 1273,1625 1369,1625 1464,1624 1560,1624 1656,1625 1752,1625 1847,1627 1943,1628 2039,1629 2135,1630 2230,1632 2326,1633 2422,1633 2518,1634 2613,1634 2709,1633 2805,1632 2901,1630"/>
                <TextEquiv>
                    <Unicode>realistischen — Märchen ist eine kleine Schauspielerin,  Anschauung, welche keinen Menschen um des Natürlichen</Unicode>
                </TextEquiv>
            </TextLine>
            <TextLine id="r1l28" custom="readingOrder {index:27;}">
                <Coords points="978,1670 1930,1663 1929,1619 978,1631"/>
                <Baseline points="991,1665 1037,1665 1083,1664 1129,1664 1176,1664 1222,1664 1268,1664 1315,1664 1361,1664 1407,1663 1454,1663 1500,1663 1546,1662 1592,1662 1639,1661 1685,1660 1731,1659 1778,1658 1824,1657 1870,1655 1917,1654"/>
                <TextEquiv>
                    <Unicode>die an der Macht und Kraft einer dritten, diesmal</Unicode>
                </TextEquiv>
            </TextLine>
            <TextLine id="r1l29" custom="readingOrder {index:28;}">
                <Coords points="1917,1694 2880,1697 2927,1673 2927,1634 1917,1650"/>
                <Baseline points="1928,1679 1977,1679 2026,1679 2075,1680 2125,1680 2174,1681 2223,1681 2273,1682 2322,1682 2371,1682 2421,1683 2470,1683 2519,1683 2568,1683 2618,1683 2667,1683 2716,1683 2766,1683 2815,1682 2864,1681 2914,1681"/>
                <TextEquiv>
                    <Unicode>willen zu verachten oder zurückzustoßen gestattet. Dieser</Unicode>
                </TextEquiv>
            </TextLine>
            <TextLine id="r1l30" custom="readingOrder {index:29;}">
                <Coords points="976,1709 1826,1708 1925,1695 1925,1661 976,1668"/>
                <Baseline points="989,1705 1035,1704 1081,1703 1127,1702 1173,1702 1219,1701 1265,1701 1312,1701 1358,1701 1404,1701 1450,1700 1496,1700 1542,1700 1588,1700 1635,1699 1681,1698 1727,1698 1773,1697 1819,1695 1865,1694 1912,1692"/>
                <TextEquiv>
                    <Unicode>echten Liebe, sich aus dem sie umgebenden Schlamme</Unicode>
                </TextEquiv>
            </TextLine>
            <TextLine id="r1l31" custom="readingOrder {index:30;}">
                <Coords points="969,1758 2892,1756 2918,1681 969,1709"/>
                <Baseline points="981,1742 1077,1741 1173,1740 1269,1739 1366,1738 1462,1737 1558,1736 1655,1735 1751,1734 1847,1733 1944,1732 2040,1731 2136,1730 2232,1729 2329,1729 2425,1728 2521,1728 2618,1729 2714,1729 2810,1730 2907,1732"/>
                <TextEquiv>
                    <Unicode>emporarbeiten will. Im entscheidenden Momenie stößt interegante Conflict wird an einem ##ncreten Falle er¬</Unicode>
                </TextEquiv>
            </TextLine>
            <TextLine id="r1l32" custom="readingOrder {index:31;}">
                <Coords points="978,1787 1298,1765 1937,1786 1936,1725 977,1746"/>
                <Baseline points="989,1778 1035,1778 1082,1778 1129,1778 1176,1778 1223,1778 1269,1778 1316,1777 1363,1777 1410,1777 1457,1777 1503,1776 1550,1776 1597,1775 1644,1775 1691,1774 1737,1773 1784,1772 1831,1771 1878,1770 1925,1769"/>
                <TextEquiv>
                    <Unicode>sie der Mann, dem sie diese ihre Liebe fförmlich</Unicode>
                </TextEquiv>
            </TextLine>
            <TextLine id="r1l33" custom="readingOrder {index:32;}">
                <Coords points="1936,1801 2929,1797 2929,1751 2830,1726 2742,1750 1936,1738"/>
                <Baseline points="1948,1777 1996,1778 2044,1778 2093,1778 2141,1779 2190,1779 2238,1779 2286,1779 2335,1779 2383,1779 2432,1779 2480,1780 2528,1780 2577,1780 2625,1780 2674,1781 2722,1782 2770,1782 2819,1783 2867,1784 2916,1785"/>
                <TextEquiv>
                    <Unicode>probt, in dem sich die alten Mörchen stärker erweisen,</Unicode>
                </TextEquiv>
            </TextLine>
            <TextLine id="r1l34" custom="readingOrder {index:33;}">
                <Coords points="961,1833 1922,1820 1936,1774 960,1787"/>
                <Baseline points="973,1819 1020,1818 1068,1817 1115,1816 1163,1816 1210,1815 1258,1815 1305,1814 1353,1814 1400,1813 1448,1813 1496,1813 1543,1813 1591,1812 1638,1812 1686,1811 1733,1811 1781,1810 1828,1809 1876,1808 1924,1807"/>
                <TextEquiv>
                    <Unicode>aufbrängl, zurück in den Morast der Vergangenbeit:</Unicode>
                </TextEquiv>
            </TextLine>
            <TextLine id="r1l35" custom="readingOrder {index:34;}">
                <Coords points="1935,1829 2920,1835 2920,1804 2816,1786 1935,1802"/>
                <Baseline points="1948,1826 1996,1827 2044,1827 2092,1828 2140,1828 2188,1828 2236,1828 2284,1828 2332,1828 2380,1828 2428,1828 2476,1828 2524,1828 2572,1828 2620,1829 2668,1830 2716,1830 2764,1832 2812,1833 2860,1834 2908,1836"/>
                <TextEquiv>
                    <Unicode>als die stolze Doctrin von der vorurtheilslosen Erhebung</Unicode>
                </TextEquiv>
            </TextLine>
            <TextLine id="r1l36" custom="readingOrder {index:35;}">
                <Coords points="978,1853 1670,1863 1723,1831 1835,1861 1939,1845 1939,1818 977,1819"/>
                <Baseline points="989,1856 1035,1855 1082,1854 1129,1854 1176,1853 1223,1853 1270,1852 1316,1852 1363,1851 1410,1851 1457,1851 1504,1850 1551,1850 1598,1849 1644,1848 1691,1847 1738,1846 1785,1845 1832,1844 1879,1842 1926,1840"/>
                <TextEquiv>
                    <Unicode>eine Gefallene mache man nicht zur Frau d. b. zur</Unicode>
                </TextEquiv>
            </TextLine>
            <TextLine id="r1l37" custom="readingOrder {index:36;}">
                <Coords points="982,1894 2909,1876 2908,1827 981,1853"/>
                <Baseline points="993,1892 1088,1892 1183,1891 1278,1889 1373,1888 1468,1887 1563,1885 1659,1884 1754,1882 1849,1880 1944,1879 2039,1878 2134,1876 2229,1875 2325,1874 2420,1873 2515,1873 2610,1873 2705,1873 2800,1873 2896,1874"/>
                <TextEquiv>
                    <Unicode>eigen n. Von peinlicher, unnatürlicher Wirkung war der Gefallenen. Zwei edle Naturen gehen an dem un¬</Unicode>
                </TextEquiv>
            </TextLine>
            <TextLine id="r1l38" custom="readingOrder {index:37;}">
                <Coords points="981,1935 2867,1940 2915,1874 981,1893"/>
                <Baseline points="993,1931 1088,1929 1184,1927 1279,1926 1375,1925 1470,1924 1566,1923 1661,1923 1757,1923 1852,1923 1948,1923 2043,1923 2139,1923 2234,1923 2330,1923 2425,1924 2521,1924 2616,1923 2712,1923 2807,1923 2903,1922"/>
                <TextEquiv>
                    <Unicode>eine 5zene im zweiten Akte, in welchem die Gefallene A überbrückbaren Widerspruch zu Grunde. D%, Stück ist</Unicode>
                </TextEquiv>
            </TextLine>
            <TextLine id="r1l39" custom="readingOrder {index:38;}">
                <Coords points="975,1958 1842,1968 1929,1963 1929,1921 975,1932"/>
                <Baseline points="987,1966 1033,1966 1080,1966 1126,1966 1173,1966 1219,1965 1266,1965 1312,1965 1359,1964 1405,1964 1452,1964 1498,1963 1545,1962 1591,1962 1638,1961 1684,1960 1731,1960 1777,1959 1824,1958 1870,1957 1917,1956"/>
                <TextEquiv>
                    <Unicode>ihr Sündenregister dem geliebten Manne beichtet.</Unicode>
                </TextEquiv>
            </TextLine>
            <TextLine id="r1l40" custom="readingOrder {index:39;}">
                <Coords points="1934,1980 2909,1979 2909,1933 1934,1933"/>
                <Baseline points="1945,1972 1992,1972 2040,1973 2087,1973 2135,1973 2183,1973 2230,1973 2278,1973 2326,1973 2373,1973 2421,1973 2469,1973 2516,1972 2564,1972 2612,1972 2659,1972 2707,1972 2755,1972 2802,1972 2850,1973 2898,1973"/>
                <TextEquiv>
                    <Unicode>entschieden schwächer als „Liebelei“ und „Freiwild“, de</Unicode>
                </TextEquiv>
            </TextLine>
            <TextLine id="r1l41" custom="readingOrder {index:40;}">
                <Coords points="972,2024 1906,2002 1927,1943 971,1987"/>
                <Baseline points="983,2008 1029,2007 1076,2006 1122,2006 1169,2005 1216,2005 1262,2004 1309,2004 1355,2003 1402,2003 1449,2002 1495,2002 1542,2001 1588,2001 1635,2000 1682,1999 1728,1997 1775,1996 1821,1994 1868,1992 1915,1990"/>
                <TextEquiv>
                    <Unicode>während dieser jeden einzelnen Fall philosopbisch und</Unicode>
                </TextEquiv>
            </TextLine>
            <TextLine id="r1l42" custom="readingOrder {index:41;}">
                <Coords points="1930,2034 2923,2029 2923,1978 2297,1972 2173,2001 1930,1978"/>
                <Baseline points="1943,2019 1991,2019 2039,2019 2088,2019 2136,2019 2185,2019 2233,2019 2281,2019 2330,2019 2378,2019 2427,2019 2475,2019 2523,2019 2572,2019 2620,2020 2669,2020 2717,2020 2765,2021 2814,2021 2862,2021 2911,2022"/>
                <TextEquiv>
                    <Unicode>der geistvolle und elegante Dialog manche todte Stelle</Unicode>
                </TextEquiv>
            </TextLine>
            <TextLine id="r1l43" custom="readingOrder {index:42;}">
                <Coords points="976,2054 1940,2035 1920,1992 976,2008"/>
                <Baseline points="989,2046 1035,2044 1082,2043 1129,2041 1176,2041 1223,2040 1270,2040 1317,2039 1364,2039 1411,2039 1458,2039 1504,2039 1551,2039 1598,2039 1645,2038 1692,2038 1739,2036 1786,2035 1833,2033 1880,2031 1927,2028"/>
                <TextEquiv>
                    <Unicode>psychologisch zu — begründen sucht. Interessant war</Unicode>
                </TextEquiv>
            </TextLine>
            <TextLine id="r1l44" custom="readingOrder {index:43;}">
                <Coords points="1932,2073 2277,2069 2354,2098 2386,2072 2910,2073 2910,2037 2850,2024 1932,2034"/>
                <Baseline points="1944,2070 1991,2068 2039,2068 2087,2067 2135,2067 2182,2067 2230,2067 2278,2067 2326,2067 2373,2068 2421,2068 2469,2068 2517,2069 2564,2069 2612,2069 2660,2070 2708,2070 2755,2070 2803,2069 2851,2069 2899,2068"/>
                <TextEquiv>
                    <Unicode>aufweist und auch der Fortgang der an sich ärmlichen</Unicode>
                </TextEquiv>
            </TextLine>
            <TextLine id="r1l45" custom="readingOrder {index:44;}">
                <Coords points="967,2096 1916,2083 1929,2035 966,2053"/>
                <Baseline points="979,2083 1025,2082 1072,2081 1119,2080 1166,2080 1213,2079 1260,2078 1307,2078 1354,2077 1401,2077 1448,2076 1494,2075 1541,2075 1588,2074 1635,2073 1682,2072 1729,2071 1776,2070 1823,2069 1870,2067 1917,2066"/>
                <TextEquiv>
                    <Unicode>das „Märchen“, durch welches ein bedeutender Dichter</Unicode>
                </TextEquiv>
            </TextLine>
            <TextLine id="r1l46" custom="readingOrder {index:45;}">
                <Coords points="981,2122 2894,2131 2926,2080 981,2091"/>
                <Baseline points="994,2123 1095,2119 1196,2116 1297,2114 1398,2112 1499,2112 1600,2111 1701,2111 1802,2112 1903,2112 2004,2113 2105,2114 2206,2115 2307,2116 2408,2117 2509,2117 2610,2117 2711,2117 2812,2116 2913,2115"/>
                <TextEquiv>
                    <Unicode>zu uns sprach, aber erquicklich war es keinetwegs. Handlung schleppend ist. Das interessante Werk hat bei</Unicode>
                </TextEquiv>
            </TextLine>
            <TextLine id="r1l47" custom="readingOrder {index:46;}">
                <Coords points="978,2157 1932,2139 1902,2110 1649,2102 977,2120"/>
                <Baseline points="991,2157 1037,2157 1083,2156 1130,2155 1176,2155 1223,2154 1269,2153 1316,2153 1362,2152 1409,2151 1455,2150 1501,2149 1548,2149 1594,2148 1641,2147 1687,2146 1734,2145 1780,2145 1827,2144 1873,2143 1920,2142"/>
                <TextEquiv>
                    <Unicode>Ella Gadri brillirte durch eine außerordentlia zu¬</Unicode>
                </TextEquiv>
            </TextLine>
            <TextLine id="r1l48" custom="readingOrder {index:47;}">
                <Coords points="980,2206 2912,2161 2360,2117 979,2157"/>
                <Baseline points="991,2193 1086,2193 1181,2192 1277,2191 1372,2189 1468,2187 1563,2185 1659,2182 1754,2180 1850,2177 1945,2175 2040,2172 2136,2170 2231,2168 2327,2166 2422,2165 2518,2164 2613,2164 2709,2165 2804,2166 2900,2168"/>
                <TextEquiv>
                    <Unicode>treffende Wiedergabe der Hauptrolle. So und nichts dem gut besuchten Hause einen gemischten Eindruck</Unicode>
                </TextEquiv>
            </TextLine>
            <TextLine id="r1l49" custom="readingOrder {index:48;}">
                <Coords points="982,2244 1934,2234 1933,2185 981,2186"/>
                <Baseline points="993,2230 1039,2229 1085,2229 1132,2229 1178,2228 1225,2228 1271,2228 1317,2227 1364,2226 1410,2226 1457,2225 1503,2225 1549,2224 1596,2223 1642,2222 1689,2222 1735,2221 1781,2220 1828,2219 1874,2218 1921,2217"/>
                <TextEquiv>
                    <Unicode>anders ist dieses Leben. Der stürmische Applaus,</Unicode>
                </TextEquiv>
            </TextLine>
            <TextLine id="r1l50" custom="readingOrder {index:49;}">
                <Coords points="1927,2247 2798,2222 2901,2255 2899,2172 2807,2166 1926,2194"/>
                <Baseline points="1940,2234 1987,2233 2034,2233 2082,2232 2129,2231 2176,2230 2224,2229 2271,2228 2318,2227 2366,2226 2413,2224 2460,2223 2508,2222 2555,2222 2602,2221 2650,2220 2697,2220 2744,2220 2792,2220 2839,2221 2887,2221"/>
                <TextEquiv>
                    <Unicode>hervorgerufen. Die beiden ersten Acte gefielen und</Unicode>
                </TextEquiv>
            </TextLine>
            <TextLine id="r1l51" custom="readingOrder {index:50;}">
                <Coords points="986,2269 1877,2270 1942,2262 1941,2211 985,2235"/>
                <Baseline points="997,2266 1043,2267 1090,2267 1137,2267 1183,2267 1230,2266 1277,2266 1323,2265 1370,2265 1417,2264 1464,2264 1510,2263 1557,2262 1604,2261 1650,2261 1697,2260 1744,2259 1790,2258 1837,2257 1884,2257 1931,2256"/>
                <TextEquiv>
                    <Unicode>der ihr zu Theil wurde, war ein wohlverdienter. Hr.</Unicode>
                </TextEquiv>
            </TextLine>
            <TextLine id="r1l52" custom="readingOrder {index:51;}">
                <Coords points="984,2320 2891,2265 2890,2218 983,2264"/>
                <Baseline points="997,2307 1091,2306 1185,2305 1279,2303 1373,2302 1467,2300 1561,2298 1656,2296 1750,2294 1844,2291 1938,2289 2032,2287 2126,2285 2220,2282 2315,2280 2409,2278 2503,2276 2597,2275 2691,2273 2785,2272 2880,2271"/>
                <TextEquiv>
                    <Unicode>Richard Wirtd spielte den prodlernatischen Helden Frachten den Darstellern, in erster Neihe Herrn Richard</Unicode>
                </TextEquiv>
            </TextLine>
            <TextLine id="r1l53" custom="readingOrder {index:52;}">
                <Coords points="977,2333 2895,2322 2782,2275 977,2316"/>
                <Baseline points="989,2346 1083,2344 1178,2342 1273,2340 1367,2339 1462,2337 1557,2336 1651,2335 1746,2333 1841,2332 1936,2331 2030,2330 2125,2329 2220,2328 2314,2327 2409,2326 2504,2325 2598,2324 2693,2322 2788,2321 2883,2319"/>
                <TextEquiv>
                    <Unicode>anfangs etwas unsicher, dann aber um so wirkungs. [Wirth und Frl. Gabri, Beifall und Hervorrufe, der</Unicode>
                </TextEquiv>
            </TextLine>
            <TextLine id="r1l54" custom="readingOrder {index:53;}">
                <Coords points="2624,2376 2767,2377 2777,2367 2796,2376 2838,2376 2862,2366 2861,2342 2842,2344 2820,2328 2796,2328 2779,2340 2759,2338 2747,2326 2718,2334 2711,2327 2694,2334 2660,2327 2641,2347 2624,2347"/>
                <Baseline points="2637,2367 2663,2368 2690,2368 2716,2368 2743,2368 2769,2367 2796,2366 2822,2366 2849,2365"/>
                <TextEquiv>
                    <Unicode>Dr. A. G.</Unicode>
                </TextEquiv>
            </TextLine>
            <TextLine id="r1l55" custom="readingOrder {index:54;}">
                <Coords points="988,2387 2213,2392 2308,2382 2308,2348 987,2343"/>
                <Baseline points="1000,2385 1064,2382 1129,2380 1194,2378 1259,2376 1324,2375 1388,2374 1453,2373 1518,2372 1583,2372 1648,2372 1712,2372 1777,2372 1842,2373 1907,2374 1972,2374 2036,2375 2101,2377 2166,2378 2231,2379 2296,2381"/>
                <TextEquiv>
                    <Unicode>voller. Die übrigen Rollen waren ziemlich belanglos, britte Aufzug fiel ab.</Unicode>
                </TextEquiv>
            </TextLine>
            <TextLine id="r1l56" custom="readingOrder {index:55;}">
                <Coords points="966,2451 1180,2416 1932,2416 1931,2373 1740,2366 965,2383"/>
                <Baseline points="977,2420 1024,2419 1071,2419 1118,2418 1165,2417 1212,2417 1259,2416 1307,2416 1354,2415 1401,2414 1448,2414 1495,2413 1542,2412 1589,2412 1637,2411 1684,2410 1731,2409 1778,2408 1825,2406 1872,2405 1920,2404"/>
                <TextEquiv>
                    <Unicode>von der Darstellung wie von der Regie im Grund¬</Unicode>
                </TextEquiv>
            </TextLine>
            <TextLine id="r1l57" custom="readingOrder {index:56;}">
                <Coords points="2163,2455 2260,2450 2282,2431 2321,2446 2384,2420 2471,2457 2610,2419 2610,2365 2569,2363 2547,2380 2394,2381 2372,2366 2299,2388 2163,2387"/>
                <Baseline points="2175,2420 2201,2420 2227,2420 2254,2420 2280,2421 2307,2421 2333,2421 2360,2422 2386,2422 2412,2422 2439,2423 2465,2423 2492,2423 2518,2423 2545,2422 2571,2422 2598,2421"/>
                <TextEquiv>
                    <Unicode>ne spracision ausgeführt.</Unicode>
                </TextEquiv>
            </TextLine>
            <TextLine id="r1l58" custom="readingOrder {index:57;}">
                <Coords points="959,2476 1605,2485 1755,2448 1932,2452 1934,2410 958,2433"/>
                <Baseline points="972,2467 1019,2465 1067,2462 1114,2461 1162,2459 1209,2458 1257,2457 1304,2456 1352,2455 1399,2455 1447,2454 1495,2453 1542,2453 1590,2452 1637,2451 1685,2450 1732,2449 1780,2448 1827,2447 1875,2445 1923,2443"/>
                <TextEquiv>
                    <Unicode>#lane der Stimmung festgehalten. — Montag erheiterte</Unicode>
                </TextEquiv>
            </TextLine>
            <TextLine id="r1l59" custom="readingOrder {index:58;}">
                <Coords points="2624,2475 2680,2493 2702,2486 2716,2496 2740,2476 2779,2465 2806,2477 2857,2477 2857,2434 2831,2436 2794,2419 2787,2426 2726,2418 2702,2423 2678,2405 2658,2413 2642,2398 2625,2398"/>
                <Baseline points="2636,2458 2662,2463 2688,2465 2714,2466 2741,2466 2767,2466 2793,2464 2819,2464 2846,2463"/>
                <TextEquiv>
                    <Unicode>Dr. A. G.</Unicode>
                </TextEquiv>
            </TextLine>
            <TextLine id="r1l60" custom="readingOrder {index:59;}">
                <Coords points="972,2521 1929,2547 1929,2479 973,2475"/>
                <Baseline points="984,2515 1030,2514 1077,2513 1123,2513 1170,2513 1217,2513 1263,2513 1310,2513 1356,2514 1403,2514 1450,2514 1496,2515 1543,2515 1589,2515 1636,2515 1683,2515 1729,2515 1776,2515 1822,2514 1869,2513 1916,2513"/>
                <TextEquiv>
                    <Unicode>ereichen soll, die rege Theilnahme der Stammesgenossen</Unicode>
                </TextEquiv>
            </TextLine>
            <TextLine id="r1l61" custom="readingOrder {index:60;}">
                <Coords points="2009,2526 2601,2536 2705,2507 2897,2535 2897,2462 2727,2488 2497,2443 2366,2482 2325,2455 2009,2482"/>
                <Baseline points="2021,2514 2064,2514 2107,2514 2150,2515 2193,2515 2236,2516 2279,2516 2323,2516 2366,2517 2409,2517 2452,2517 2495,2518 2538,2518 2581,2518 2625,2518 2668,2518 2711,2518 2754,2518 2797,2517 2840,2517 2884,2516"/>
                <TextEquiv>
                    <Unicode>*—. Deutsches Volkstheater. („Das</Unicode>
                </TextEquiv>
            </TextLine>
            <TextLine id="r1l62" custom="readingOrder {index:61;}">
                <Coords points="961,2584 1000,2596 1031,2569 1124,2582 1172,2567 1379,2582 1417,2562 1481,2582 1566,2548 1566,2521 1439,2524 1420,2541 1032,2521 961,2543"/>
                <Baseline points="974,2561 1003,2561 1032,2561 1061,2562 1090,2562 1119,2562 1148,2563 1177,2563 1206,2563 1235,2563 1264,2563 1293,2564 1322,2564 1351,2564 1380,2563 1409,2563 1438,2563 1467,2562 1496,2562 1525,2561 1554,2560"/>
                <TextEquiv>
                    <Unicode>on Nah und Fern finden wird.</Unicode>
                </TextEquiv>
            </TextLine>
            <TextLine id="r1l63" custom="readingOrder {index:62;}">
                <Coords points="1906,2592 2124,2558 2221,2585 2901,2568 2901,2525 2709,2510 2595,2537 1906,2519"/>
                <Baseline points="1919,2567 1967,2567 2016,2566 2064,2566 2113,2565 2161,2566 2210,2566 2258,2566 2307,2566 2355,2567 2404,2567 2453,2568 2501,2568 2550,2568 2598,2568 2647,2568 2695,2568 2744,2567 2792,2567 2841,2565 2890,2564"/>
                <TextEquiv>
                    <Unicode>[Märchen“. Schauspiel in drei Aufzügen</Unicode>
                </TextEquiv>
            </TextLine>
            <TextLine id="r1l64" custom="readingOrder {index:63;}">
                <Coords points="1038,2618 1903,2631 1922,2572 1038,2584"/>
                <Baseline points="1050,2610 1093,2612 1136,2613 1179,2614 1222,2615 1265,2615 1308,2615 1351,2615 1394,2615 1437,2615 1480,2614 1523,2614 1566,2614 1609,2613 1652,2613 1695,2612 1738,2612 1781,2612 1824,2612 1867,2613 1910,2613"/>
                <TextEquiv>
                    <Unicode>Teplitz, 13. August. (Wohlthätigkeits¬</Unicode>
                </TextEquiv>
            </TextLine>
            <TextLine id="r1l65" custom="readingOrder {index:64;}">
                <Coords points="1917,2611 2905,2633 2905,2575 2861,2570 1917,2565"/>
                <Baseline points="1929,2614 1977,2614 2025,2614 2073,2614 2121,2614 2169,2614 2217,2615 2266,2615 2314,2616 2362,2617 2410,2617 2458,2618 2506,2618 2554,2618 2603,2618 2651,2618 2699,2618 2747,2617 2795,2616 2843,2614 2892,2613"/>
                <TextEquiv>
                    <Unicode>vonAkkhur Schnitzler.) In der bekannten</Unicode>
                </TextEquiv>
            </TextLine>
            <TextLine id="r1l66" custom="readingOrder {index:65;}">
                <Coords points="968,2676 1918,2667 1917,2626 1876,2618 968,2627"/>
                <Baseline points="981,2663 1027,2663 1073,2663 1119,2663 1165,2663 1212,2663 1258,2663 1304,2663 1350,2663 1396,2662 1443,2662 1489,2662 1535,2662 1581,2662 1627,2662 1674,2662 1720,2662 1766,2662 1812,2662 1858,2662 1905,2661"/>
                <TextEquiv>
                    <Unicode>soncert.) Das aus Anlaß des 50jährigen Regierungs¬</Unicode>
                </TextEquiv>
            </TextLine>
            <TextLine id="r1l67" custom="readingOrder {index:66;}">
                <Coords points="1921,2668 2892,2680 2911,2614 2710,2641 2598,2611 1921,2626"/>
                <Baseline points="1932,2661 1980,2662 2028,2662 2077,2663 2125,2663 2174,2664 2222,2664 2270,2665 2319,2665 2367,2665 2416,2666 2464,2666 2512,2666 2561,2666 2609,2666 2658,2666 2706,2665 2754,2665 2803,2664 2851,2663 2900,2662"/>
                <TextEquiv>
                    <Unicode>Scenenreihe, die unter dem Collectivtitel: „Anatol“,</Unicode>
                </TextEquiv>
            </TextLine>
            <TextLine id="r1l68" custom="readingOrder {index:67;}">
                <Coords points="969,2725 1918,2725 1918,2667 969,2679"/>
                <Baseline points="982,2712 1028,2711 1074,2710 1120,2710 1166,2709 1212,2709 1258,2709 1305,2710 1351,2710 1397,2711 1443,2711 1489,2712 1535,2713 1581,2713 1628,2714 1674,2714 1720,2714 1766,2713 1812,2713 1858,2712 1905,2710"/>
                <TextEquiv>
                    <Unicode>tbiläums unseres Kaisers vom hiesigen Lesevereine am</Unicode>
                </TextEquiv>
            </TextLine>
            <TextLine id="r1l69" custom="readingOrder {index:68;}">
                <Coords points="1924,2722 2914,2719 2914,2675 2883,2671 1924,2666"/>
                <Baseline points="1935,2715 1983,2714 2031,2714 2080,2713 2128,2713 2176,2713 2225,2713 2273,2713 2321,2714 2370,2714 2418,2714 2466,2714 2515,2714 2563,2714 2611,2714 2660,2713 2708,2713 2756,2712 2805,2711 2853,2709 2902,2708"/>
                <TextEquiv>
                    <Unicode>sieben Episoden aus dem Liebesleben eines jungen</Unicode>
                </TextEquiv>
            </TextLine>
            <TextLine id="r1l70" custom="readingOrder {index:69;}">
                <Coords points="959,2768 1883,2774 1920,2764 1920,2721 958,2729"/>
                <Baseline points="971,2764 1017,2762 1064,2761 1111,2761 1158,2760 1205,2759 1252,2759 1298,2759 1345,2759 1392,2759 1439,2759 1486,2760 1533,2760 1580,2760 1626,2760 1673,2760 1720,2760 1767,2760 1814,2760 1861,2759 1908,2759"/>
                <TextEquiv>
                    <Unicode>.d. M. veranstaltete Wohlthätigkeits=Concert nahm einen</Unicode>
                </TextEquiv>
            </TextLine>
            <TextLine id="r1l71" custom="readingOrder {index:70;}">
                <Coords points="1930,2775 2833,2779 2903,2772 2903,2721 1930,2724"/>
                <Baseline points="1942,2763 1989,2762 2037,2762 2084,2761 2132,2761 2179,2761 2227,2761 2274,2761 2322,2761 2369,2762 2417,2762 2464,2762 2512,2762 2559,2762 2607,2763 2654,2762 2702,2762 2749,2762 2797,2761 2844,2761 2892,2760"/>
                <TextEquiv>
                    <Unicode>Mannes schildert, führt ein Erlebniß die Bezeichnung:</Unicode>
                </TextEquiv>
            </TextLine>
            <TextLine id="r1l72" custom="readingOrder {index:71;}">
                <Coords points="962,2805 1139,2834 1933,2824 1908,2765 961,2766"/>
                <Baseline points="973,2810 1020,2811 1067,2811 1115,2811 1162,2811 1210,2811 1257,2811 1304,2811 1352,2811 1399,2810 1447,2810 1494,2810 1541,2810 1589,2809 1636,2809 1684,2809 1731,2809 1778,2809 1826,2808 1873,2808 1921,2808"/>
                <TextEquiv>
                    <Unicode>roßartigen Verlauf. Das günstige Wetter lockte das</Unicode>
                </TextEquiv>
            </TextLine>
            <TextLine id="r1l73" custom="readingOrder {index:72;}">
                <Coords points="1922,2823 2903,2814 2903,2785 2815,2765 1922,2769"/>
                <Baseline points="1935,2811 1982,2811 2030,2811 2078,2811 2126,2811 2173,2811 2221,2811 2269,2811 2317,2811 2364,2811 2412,2811 2460,2810 2508,2810 2555,2810 2603,2810 2651,2810 2699,2810 2746,2810 2794,2810 2842,2810 2890,2810"/>
                <TextEquiv>
                    <Unicode>„Denksteine“. Es ist ein dramatisirtes Apergu, das</Unicode>
                </TextEquiv>
            </TextLine>
            <TextLine id="r1l74" custom="readingOrder {index:73;}">
                <Coords points="957,2862 2902,2871 2887,2810 957,2818"/>
                <Baseline points="969,2861 1065,2860 1161,2859 1257,2859 1353,2858 1449,2858 1545,2858 1641,2858 1737,2858 1833,2858 1929,2858 2025,2859 2121,2859 2217,2859 2313,2859 2409,2859 2505,2859 2601,2859 2697,2859 2793,2858 2890,2857"/>
                <TextEquiv>
                    <Unicode>zublicum zu Tausenden auf den Concertplatz im fürstl. durch die überlegene Dialogführung wie durch die</Unicode>
                </TextEquiv>
            </TextLine>
            <TextLine id="r1l75" custom="readingOrder {index:74;}">
                <Coords points="966,2909 2910,2921 2910,2867 2818,2860 966,2870"/>
                <Baseline points="977,2907 1073,2907 1169,2907 1265,2907 1361,2907 1457,2907 1553,2907 1649,2907 1745,2908 1841,2908 1937,2908 2033,2908 2129,2908 2225,2908 2321,2907 2417,2907 2513,2906 2609,2905 2705,2904 2801,2903 2898,2902"/>
                <TextEquiv>
                    <Unicode>kari'schen Schloßgarten woselbst sich bei den Klängenmeisterliche Knappheit in der Auseinandersetzung des</Unicode>
                </TextEquiv>
            </TextLine>
            <TextLine id="r1l76" custom="readingOrder {index:75;}">
                <Coords points="973,2956 2840,2969 2903,2903 973,2917"/>
                <Baseline points="985,2955 1080,2955 1175,2955 1271,2954 1366,2954 1461,2954 1557,2954 1652,2954 1747,2955 1843,2955 1938,2955 2033,2955 2129,2955 2224,2955 2319,2955 2415,2955 2510,2954 2605,2954 2701,2953 2796,2952 2892,2951"/>
                <TextEquiv>
                    <Unicode>er 94. Militär=Capelle alsbald ein fröhliches Leben tragischen Motivs — die Unmöglichkeit einer Ehe zwi¬</Unicode>
                </TextEquiv>
            </TextLine>
            <TextLine id="r1l77" custom="readingOrder {index:76;}">
                <Coords points="956,3009 2905,2996 2879,2947 956,2960"/>
                <Baseline points="969,3005 1065,3004 1161,3003 1257,3003 1353,3003 1450,3003 1546,3003 1642,3003 1738,3003 1834,3003 1931,3004 2027,3004 2123,3004 2219,3004 2315,3004 2412,3003 2508,3003 2604,3002 2700,3001 2796,2999 2893,2997"/>
                <TextEquiv>
                    <Unicode>nifaltete. Nach Aubruch der Dunkelheit wurde ein schen einem Manne von feinerer Empfindung und einer</Unicode>
                </TextEquiv>
            </TextLine>
            <TextLine id="r1l78" custom="readingOrder {index:77;}">
                <Coords points="968,3062 2900,3045 2784,2999 968,3006"/>
                <Baseline points="979,3052 1074,3051 1169,3051 1265,3050 1360,3050 1456,3050 1551,3051 1646,3051 1742,3051 1837,3051 1933,3052 2028,3052 2123,3052 2219,3052 2314,3052 2410,3051 2505,3050 2600,3050 2696,3048 2791,3046 2887,3045"/>
                <TextEquiv>
                    <Unicode>roßes Brillant=Feuerwerk abgebrannt. Als zum Schluß Verlorenen — besticht. Die Besucher des Volkstheaters</Unicode>
                </TextEquiv>
            </TextLine>
            <TextLine id="r1l79" custom="readingOrder {index:78;}">
                <Coords points="959,3102 2909,3110 2833,3049 959,3068"/>
                <Baseline points="971,3101 1067,3100 1163,3100 1259,3100 1356,3099 1452,3099 1548,3099 1645,3099 1741,3099 1837,3099 1934,3099 2030,3099 2126,3099 2222,3099 2319,3098 2415,3098 2511,3097 2608,3096 2704,3094 2800,3093 2897,3091"/>
                <TextEquiv>
                    <Unicode>as Kaiserlied intenirt wurde und die Kaiserkrone imwerden sich der geistvollen Kleinigkeit, die mit Fräulein</Unicode>
                </TextEquiv>
            </TextLine>
            <TextLine id="r1l80" custom="readingOrder {index:79;}">
                <Coords points="962,3149 2901,3163 2901,3107 961,3095"/>
                <Baseline points="973,3151 1068,3150 1164,3149 1260,3149 1356,3149 1452,3148 1547,3148 1643,3148 1739,3148 1835,3148 1931,3148 2026,3148 2122,3148 2218,3148 2314,3148 2410,3147 2505,3147 2601,3146 2697,3145 2793,3145 2889,3143"/>
                <TextEquiv>
                    <Unicode>ollen Lichtglanze erstrahlte, entstand ein nicht enden= Gabri als Emilie sehr gefallen hat, vom Vorjahre noch</Unicode>
                </TextEquiv>
            </TextLine>
            <TextLine id="r1l81" custom="readingOrder {index:80;}">
                <Coords points="956,3192 2781,3209 2905,3194 2905,3143 955,3143"/>
                <Baseline points="968,3197 1064,3197 1160,3197 1256,3197 1352,3197 1449,3197 1545,3197 1641,3196 1737,3196 1833,3196 1930,3196 2026,3196 2122,3196 2218,3195 2314,3195 2411,3194 2507,3194 2603,3193 2699,3193 2795,3192 2892,3191"/>
                <TextEquiv>
                    <Unicode>vollender Jubel. Eine Fackelpolonaise, die als originelle erinnern. Denselben Gegenstand nun hat Schnitzler</Unicode>
                </TextEquiv>
            </TextLine>
            <TextLine id="r1l82" custom="readingOrder {index:81;}">
                <Coords points="963,3241 2905,3258 2883,3194 963,3198"/>
                <Baseline points="975,3245 1076,3246 1177,3246 1278,3246 1379,3246 1480,3245 1581,3245 1682,3245 1783,3244 1884,3244 1985,3243 2086,3243 2187,3242 2288,3241 2389,3241 2490,3240 2591,3240 2692,3240 2793,3239 2894,3239"/>
                <TextEquiv>
                    <Unicode>seuheit im Garten getanzt wurde, fand den lebhaften noch ein zweites Mal behandelt, und zwar in dem drei¬</Unicode>
                </TextEquiv>
            </TextLine>
            <TextLine id="r1l83" custom="readingOrder {index:82;}">
                <Coords points="956,3304 2876,3308 2903,3235 956,3255"/>
                <Baseline points="969,3293 1065,3293 1161,3293 1257,3294 1353,3294 1449,3294 1545,3294 1641,3293 1737,3293 1833,3293 1930,3293 2026,3293 2122,3293 2218,3292 2314,3292 2410,3291 2506,3291 2602,3290 2698,3289 2794,3288 2891,3287"/>
                <TextEquiv>
                    <Unicode>Leifall der Zuschauer. Der Verein kann mit vollster Be=actigen Schauspiel: „Das Märchen.“ Allerdings</Unicode>
                </TextEquiv>
            </TextLine>
            <TextLine id="r1l84" custom="readingOrder {index:83;}">
                <Coords points="965,3347 2771,3357 2902,3308 965,3313"/>
                <Baseline points="977,3339 1072,3340 1168,3341 1263,3342 1359,3342 1455,3343 1550,3343 1646,3343 1741,3343 1837,3343 1933,3343 2028,3342 2124,3342 2219,3342 2315,3341 2411,3341 2506,3340 2602,3340 2697,3340 2793,3339 2889,3339"/>
                <TextEquiv>
                    <Unicode>riedigung auf die gelungene Veranstaltung zurückblicken, nicht mit gleichem Glück. Sei es, daß das Motiv an</Unicode>
                </TextEquiv>
            </TextLine>
            <TextLine id="r1l85" custom="readingOrder {index:84;}">
                <Coords points="1056,3404 2904,3406 2904,3336 1056,3365"/>
                <Baseline points="1069,3385 1160,3388 1251,3389 1342,3391 1433,3392 1524,3393 1615,3393 1707,3393 1798,3393 1889,3392 1980,3392 2071,3391 2162,3390 2253,3389 2345,3389 2436,3388 2527,3388 2618,3388 2709,3388 2800,3388 2892,3389"/>
                <TextEquiv>
                    <Unicode>s. Weipert, 13. August. [O.=C.] (Verhaf=sich eine so breite Behandlung nicht verträgt, oder daß</Unicode>
                </TextEquiv>
            </TextLine>
            <TextLine id="r1l86" custom="readingOrder {index:85;}">
                <Coords points="972,3451 2671,3456 2897,3448 2897,3397 972,3400"/>
                <Baseline points="984,3441 1079,3441 1174,3441 1269,3441 1364,3441 1459,3441 1554,3441 1649,3441 1744,3441 1839,3441 1934,3441 2029,3441 2124,3440 2219,3440 2314,3439 2409,3439 2504,3438 2599,3437 2694,3436 2789,3435 2885,3434"/>
                <TextEquiv>
                    <Unicode>ung.) Der von Deutschland aus wegen dortselbst be= die doctrinäre Art, mit der das Für und Wider der</Unicode>
                </TextEquiv>
            </TextLine>
            <TextLine id="r1l87" custom="readingOrder {index:86;}">
                <Coords points="968,3509 2878,3498 2898,3440 968,3451"/>
                <Baseline points="981,3488 1076,3488 1171,3489 1266,3489 1361,3490 1457,3490 1552,3490 1647,3490 1742,3490 1837,3489 1933,3489 2028,3489 2123,3488 2218,3488 2313,3487 2409,3486 2504,3486 2599,3485 2694,3484 2789,3483 2885,3482"/>
                <TextEquiv>
                    <Unicode>angener Unterschlagung und wegen Betruges verfolgteMeinungen über dieses Thema erörtert wird, dem</Unicode>
                </TextEquiv>
            </TextLine>
            <TextLine id="r1l88" custom="readingOrder {index:87;}">
                <Coords points="968,3531 2696,3551 2905,3492 968,3502"/>
                <Baseline points="979,3536 1074,3536 1170,3537 1266,3537 1361,3537 1457,3537 1553,3537 1648,3537 1744,3537 1840,3537 1936,3537 2031,3537 2127,3536 2223,3536 2318,3535 2414,3534 2510,3533 2605,3532 2701,3530 2797,3529 2893,3527"/>
                <TextEquiv>
                    <Unicode>lgent der Allgemeinen Versicherungs=Actiengesellschaft Werke schadet, oder aber endlich, daß technische Mängel</Unicode>
                </TextEquiv>
            </TextLine>
            <TextLine id="r1l89" custom="readingOrder {index:88;}">
                <Coords points="966,3597 2787,3603 2908,3539 966,3548"/>
                <Baseline points="977,3584 1072,3586 1168,3587 1264,3588 1360,3588 1456,3588 1552,3588 1648,3588 1744,3588 1840,3588 1936,3587 2031,3586 2127,3586 2223,3585 2319,3584 2415,3584 2511,3583 2607,3582 2703,3582 2799,3582 2895,3581"/>
                <TextEquiv>
                    <Unicode>Victoria“, Emil Schlick, wurde in einem hiesigen Gast= den Eindruck des in vielfacher Hinsicht sehr interessanten</Unicode>
                </TextEquiv>
            </TextLine>
            <TextLine id="r1l90" custom="readingOrder {index:89;}">
                <Coords points="963,3659 2888,3657 2905,3570 963,3596"/>
                <Baseline points="975,3633 1070,3634 1166,3634 1262,3634 1358,3634 1454,3634 1550,3634 1646,3634 1742,3633 1838,3633 1934,3633 2029,3632 2125,3632 2221,3632 2317,3632 2413,3632 2509,3632 2605,3632 2701,3632 2797,3633 2893,3633"/>
                <TextEquiv>
                    <Unicode>ause verhaftet und dem k. k. Bezirksgerichte in Preßnitz Drama beeinträchtigen — Thatsache ist, daß es uns</Unicode>
                </TextEquiv>
            </TextLine>
            <TextLine id="r1l91" custom="readingOrder {index:90;}">
                <Coords points="1930,3710 1983,3699 2010,3714 2046,3686 2122,3695 2143,3680 2160,3692 2228,3696 2308,3680 2308,3654 2279,3661 2254,3640 2213,3638 1929,3647"/>
                <Baseline points="1942,3680 1967,3680 1992,3680 2017,3680 2043,3680 2068,3680 2093,3679 2119,3679 2144,3679 2169,3678 2194,3678 2220,3677 2245,3676 2270,3676 2296,3676"/>
                <TextEquiv>
                    <Unicode>unbefriedigt entläßt.</Unicode>
                </TextEquiv>
            </TextLine>
            <TextLine id="r1l92" custom="readingOrder {index:91;}">
                <Coords points="973,3712 1002,3716 1031,3708 1057,3688 1086,3700 1169,3685 1191,3695 1190,3649 1165,3652 1146,3645 1127,3652 1073,3639 1058,3647 1017,3648 1010,3641 971,3646"/>
                <Baseline points="985,3679 1012,3681 1039,3681 1067,3680 1094,3679 1122,3678 1149,3677 1177,3677"/>
                <TextEquiv>
                    <Unicode>ingeliefert.</Unicode>
                </TextEquiv>
            </TextLine>
            <TextLine id="r1l93" custom="readingOrder {index:92;}">
                <Coords points="2014,3729 2832,3746 2892,3729 2892,3695 2487,3687 2404,3656 2346,3693 2013,3699"/>
                <Baseline points="2026,3729 2068,3729 2111,3728 2154,3728 2196,3728 2239,3727 2282,3727 2324,3727 2367,3727 2410,3727 2453,3727 2495,3727 2538,3727 2581,3726 2623,3726 2666,3726 2709,3726 2751,3725 2794,3725 2837,3724 2880,3724"/>
                <TextEquiv>
                    <Unicode>Das Stück spielt — bei Schnitzler, dem ange¬</Unicode>
                </TextEquiv>
            </TextLine>
            <TextLine id="r1l94" custom="readingOrder {index:93;}">
                <Coords points="1108,3727 1761,3748 1894,3740 1928,3728 1928,3692 1755,3673 1438,3694 1360,3667 1316,3692 1107,3693"/>
                <Baseline points="1120,3731 1159,3732 1199,3733 1239,3734 1279,3734 1319,3734 1358,3735 1398,3735 1438,3735 1478,3735 1518,3735 1557,3735 1597,3734 1637,3734 1677,3733 1717,3733 1756,3732 1796,3731 1836,3730 1876,3730 1916,3728"/>
                <TextEquiv>
                    <Unicode>Joachiristhal, 13. August. [O.=C.] (Gen¬</Unicode>
                </TextEquiv>
            </TextLine>
            <TextLine id="r1l95" custom="readingOrder {index:94;}">
                <Coords points="976,3793 1923,3784 1923,3729 976,3735"/>
                <Baseline points="989,3776 1035,3775 1081,3775 1127,3775 1173,3776 1219,3776 1265,3776 1312,3776 1358,3777 1404,3777 1450,3777 1496,3778 1542,3778 1588,3778 1635,3778 1681,3778 1727,3778 1773,3778 1819,3778 1865,3778 1912,3777"/>
                <TextEquiv>
                    <Unicode>armerie= Posten.) Im südlichen Theile des Be¬</Unicode>
                </TextEquiv>
            </TextLine>
            <TextLine id="r1l96" custom="readingOrder {index:95;}">
                <Coords points="1919,3781 2892,3787 2892,3734 1919,3740"/>
                <Baseline points="1930,3781 1977,3780 2025,3780 2072,3779 2120,3778 2167,3778 2215,3777 2262,3777 2310,3776 2357,3776 2405,3776 2452,3775 2500,3775 2547,3775 2595,3775 2642,3775 2690,3776 2737,3776 2785,3777 2832,3777 2880,3778"/>
                <TextEquiv>
                    <Unicode>sehensten Vertreter des literarisch=künstlerischen Jung¬</Unicode>
                </TextEquiv>
            </TextLine>
            <TextLine id="r1l97" custom="readingOrder {index:96;}">
                <Coords points="1931,3844 2555,3821 2805,3843 2899,3835 2899,3780 1930,3790"/>
                <Baseline points="1943,3830 1990,3830 2037,3829 2084,3829 2131,3829 2179,3828 2226,3828 2273,3828 2320,3828 2367,3827 2415,3827 2462,3827 2509,3826 2556,3826 2603,3825 2651,3825 2698,3824 2745,3824 2792,3823 2839,3822 2887,3821"/>
                <TextEquiv>
                    <Unicode>Wien, ist das fast selbstverständlich — in Wien in unseren</Unicode>
                </TextEquiv>
            </TextLine>
            <TextLine id="r1l98" custom="readingOrder {index:97;}">
                <Coords points="976,3837 1934,3850 1935,3789 976,3795"/>
                <Baseline points="988,3825 1034,3825 1081,3826 1128,3827 1174,3828 1221,3828 1268,3829 1314,3829 1361,3830 1408,3830 1455,3830 1501,3830 1548,3830 1595,3830 1641,3830 1688,3829 1735,3829 1781,3828 1828,3827 1875,3826 1922,3825"/>
                <TextEquiv>
                    <Unicode>irkes wird mit October d. J. in der Ortschaft Wickwitz</Unicode>
                </TextEquiv>
            </TextLine>
            <TextLine id="r1l99" custom="readingOrder {index:98;}">
                <Coords points="977,3888 2868,3890 2900,3837 977,3838"/>
                <Baseline points="989,3873 1088,3874 1188,3876 1288,3877 1388,3877 1488,3878 1588,3878 1688,3878 1788,3878 1888,3878 1988,3878 2088,3878 2188,3877 2288,3877 2388,3876 2488,3876 2588,3876 2688,3875 2788,3875 2888,3874"/>
                <TextEquiv>
                    <Unicode>in 3 Mann starker k. k. Gendarmerie=Posten errichtet. Tagen. Es gibt sich aber nicht etwa bloß äußerlich als</Unicode>
                </TextEquiv>
            </TextLine>
            <TextLine id="r1l100" custom="readingOrder {index:99;}">
                <Coords points="1070,3924 2766,3937 2900,3930 2900,3884 1070,3892"/>
                <Baseline points="1081,3919 1171,3920 1261,3921 1352,3922 1442,3923 1533,3924 1623,3924 1713,3924 1804,3924 1894,3924 1985,3924 2075,3924 2165,3924 2256,3924 2346,3924 2437,3923 2527,3923 2617,3923 2708,3923 2798,3922 2889,3922"/>
                <TextEquiv>
                    <Unicode>r. Platten, 13. August. [O.=C.] (Ernennung.)modernel Drama, sondern das eigenilich Moderne darin</Unicode>
                </TextEquiv>
            </TextLine>
            <TextLine id="r1l101" custom="readingOrder {index:100;}">
                <Coords points="976,3967 1925,3964 1925,3928 1889,3923 976,3923"/>
                <Baseline points="989,3959 1035,3959 1081,3960 1127,3960 1173,3960 1219,3961 1265,3961 1312,3962 1358,3962 1404,3963 1450,3963 1496,3963 1542,3964 1588,3964 1635,3964 1681,3963 1727,3963 1773,3962 1819,3961 1865,3960 1912,3958"/>
                <TextEquiv>
                    <Unicode>In Stelle des nach Reichenberg versetzten k. k. Landes¬</Unicode>
                </TextEquiv>
            </TextLine>
            <TextLine id="r1l102" custom="readingOrder {index:101;}">
                <Coords points="1935,3980 2896,3991 2913,3925 1935,3936"/>
                <Baseline points="1947,3974 1994,3973 2042,3972 2090,3972 2137,3971 2185,3971 2233,3971 2280,3971 2328,3972 2376,3972 2424,3972 2471,3972 2519,3972 2567,3972 2614,3972 2662,3971 2710,3971 2757,3969 2805,3969 2853,3967 2901,3965"/>
                <TextEquiv>
                    <Unicode>ist die kühne, einfache, ja naive, weil natürlich gefaßte</Unicode>
                </TextEquiv>
            </TextLine>
            <TextLine id="r1l103" custom="readingOrder {index:102;}">
                <Coords points="974,3996 1930,4011 1931,3975 974,3965"/>
                <Baseline points="986,3999 1032,3999 1079,3999 1125,3999 1172,3999 1219,3999 1265,3999 1312,3999 1358,3999 1405,3999 1452,4000 1498,4000 1545,4000 1591,4000 1638,4000 1685,4001 1731,4001 1778,4001 1824,4001 1871,4001 1918,4001"/>
                <TextEquiv>
                    <Unicode>erichtsrathes Herrn Taud wurde der k. k. Gerichts</Unicode>
                </TextEquiv>
            </TextLine>
            <TextLine id="r1l104" custom="readingOrder {index:103;}">
                <Coords points="1933,4026 2878,4035 2914,4025 2914,3979 1933,3985"/>
                <Baseline points="1946,4026 1993,4024 2041,4023 2089,4021 2137,4020 2185,4019 2232,4019 2280,4018 2328,4018 2376,4018 2424,4017 2471,4017 2519,4017 2567,4017 2615,4018 2663,4018 2710,4018 2758,4018 2806,4018 2854,4018 2902,4018"/>
                <TextEquiv>
                    <Unicode>Selbstverständlichkrit. mit der die erotischen Verhältnisse</Unicode>
                </TextEquiv>
            </TextLine>
            <TextLine id="r1l105" custom="readingOrder {index:104;}">
                <Coords points="974,4064 1166,4038 1928,4057 1928,4004 974,3999"/>
                <Baseline points="987,4037 1033,4037 1079,4038 1126,4038 1172,4039 1219,4039 1265,4039 1312,4039 1358,4039 1405,4039 1451,4039 1497,4039 1544,4038 1590,4038 1637,4038 1683,4038 1730,4038 1776,4038 1823,4039 1869,4039 1916,4039"/>
                <TextEquiv>
                    <Unicode>djunct in Eger, Herr Dr. Adam Brandner, zum</Unicode>
                </TextEquiv>
            </TextLine>
            <TextLine id="r1l106" custom="readingOrder {index:105;}">
                <Coords points="1930,4084 2889,4078 2903,4024 1929,4028"/>
                <Baseline points="1942,4072 1989,4071 2037,4070 2084,4069 2132,4068 2179,4068 2227,4067 2274,4067 2322,4066 2369,4066 2417,4066 2464,4066 2512,4066 2559,4066 2607,4066 2654,4067 2702,4067 2749,4067 2797,4067 2844,4067 2892,4068"/>
                <TextEquiv>
                    <Unicode>und geschlechtlichen Beziehungen zwischen Mann und</Unicode>
                </TextEquiv>
            </TextLine>
            <TextLine id="r1l107" custom="readingOrder {index:106;}">
                <Coords points="978,4085 1497,4094 1686,4079 1686,4043 977,4055"/>
                <Baseline points="989,4080 1023,4078 1057,4077 1091,4077 1126,4076 1160,4076 1194,4076 1229,4076 1263,4076 1297,4076 1332,4076 1366,4076 1400,4077 1434,4077 1469,4077 1503,4077 1537,4077 1572,4077 1606,4077 1640,4076 1675,4075"/>
                <TextEquiv>
                    <Unicode>k. Bezirksrichter für Platten ernannt.</Unicode>
                </TextEquiv>
            </TextLine>
            <TextLine id="r1l108" custom="readingOrder {index:107;}">
                <Coords points="1051,4133 2903,4130 2902,4077 2812,4068 1050,4094"/>
                <Baseline points="1063,4122 1154,4124 1245,4124 1337,4125 1428,4125 1520,4125 1611,4124 1702,4123 1794,4123 1885,4121 1977,4120 2068,4119 2159,4118 2251,4117 2342,4115 2434,4115 2525,4114 2616,4113 2708,4113 2799,4113 2891,4114"/>
                <TextEquiv>
                    <Unicode>H. Beusen, 14. Aug. [O.=C.] (Brand. — Weib besprochen werden. Es bedarf nicht erst besonderer</Unicode>
                </TextEquiv>
            </TextLine>
            <TextLine id="r1l109" custom="readingOrder {index:108;}">
                <Coords points="977,4178 2693,4183 2909,4130 977,4134"/>
                <Baseline points="989,4169 1084,4171 1179,4173 1275,4174 1370,4174 1465,4174 1561,4174 1656,4173 1751,4173 1847,4172 1942,4171 2037,4169 2133,4168 2228,4167 2323,4166 2419,4164 2514,4163 2609,4163 2705,4162 2800,4162 2896,4162"/>
                <TextEquiv>
                    <Unicode>Truppendurchzüge.) Am 9. d. M. schlug der Hervorhebung, daß ein Künstler von der seinen, ja über¬</Unicode>
                </TextEquiv>
            </TextLine>
            <TextLine id="r1l110" custom="readingOrder {index:109;}">
                <Coords points="969,4221 2909,4221 2889,4166 969,4187"/>
                <Baseline points="981,4216 1076,4219 1172,4220 1268,4222 1364,4223 1460,4223 1555,4223 1651,4223 1747,4223 1843,4222 1939,4221 2034,4220 2130,4219 2226,4218 2322,4216 2418,4215 2513,4214 2609,4213 2705,4212 2801,4211 2897,4210"/>
                <TextEquiv>
                    <Unicode>slitz während eines heftigen Gewitters in das dem feinerten Empfindung Schnitzler's sich von Cynismen</Unicode>
                </TextEquiv>
            </TextLine>
            <TextEquiv>
                <Unicode>Das Maerchen
box 7/2
J. D22 nderenen
R. Brüx, 15. Ang. [Tel.=Ber.] (Vonderi
Theater.
lusstellung.) Heute Vormittag besuchte der Protector
*— Neues deutsches Theater. Jules
er Ausstellung Seine Excellenz Graf Thun=Salm
ait seinen Söhnen abermals die Ausstellung. Gestern] Verne's altbekanntes Ausstattungssück „Die Reise
par die Ausstellung von 9000, heute von 6500 Personensum die Erde in 80 Tagen“, zu dem Suppé
eine gefällige Musik seichrichen hat finhet immer bein
esucht.
— Deutsches Volkstheater. Zum Besten des
P. Winterberg, 12. August. [O.=C.] (Ausstel¬
ung für Gewerbe, Laud= und Forstwirth=Deutschen Journalistenverbandes gelangte gestern „Das
ch. Deutsches Volkstheater. Als letzte Neuheit uMexcen“, Schauspiel in drei Aufzügen von Arthur
Fachte uns diese Bühre in Märchen. Dasielbe hatte z[Schnitzier, zur Erstaufführung. Es ist wie das von
jedoch nichts gemein mit jenen Erzählungen, die di
igder Landesbühne her bekannte Drama „Freiwild“ ein
Phantasse unserer Kleinen mächtig anregt und bewegt.
„Das Märchen“ das uns Arthur Schnitzler, kThesenstück, das die eingewurzelte Auschauung, als ob
der in „Liebelei“, „Freiwild“ und anderen ähnlichen g die gefallene Frau ein für allemal rettungsloser Ver¬
Sachen und Sächelchen vielerfahrene Kenner und „derbniß preisgegeben sein müßte, als einen gesellschaft¬
scharfe Beobachter, durch das Berliner Ensemble er¬
zählen ließ, behandelt das wirkliche, nicht märchen dlichen Irrthum, als eine fable convenus, dls eis
hafte Los der Gefallenen. Die Haupifigur in dem derbig Märchen hinstellt gegenüber der hochherzigen ens freien
realistischen — Märchen ist eine kleine Schauspielerin,  Anschauung, welche keinen Menschen um des Natürlichen
die an der Macht und Kraft einer dritten, diesmal
willen zu verachten oder zurückzustoßen gestattet. Dieser
echten Liebe, sich aus dem sie umgebenden Schlamme
emporarbeiten will. Im entscheidenden Momenie stößt interegante Conflict wird an einem ##ncreten Falle er¬
sie der Mann, dem sie diese ihre Liebe fförmlich
probt, in dem sich die alten Mörchen stärker erweisen,
aufbrängl, zurück in den Morast der Vergangenbeit:
als die stolze Doctrin von der vorurtheilslosen Erhebung
eine Gefallene mache man nicht zur Frau d. b. zur
eigen n. Von peinlicher, unnatürlicher Wirkung war der Gefallenen. Zwei edle Naturen gehen an dem un¬
eine 5zene im zweiten Akte, in welchem die Gefallene A überbrückbaren Widerspruch zu Grunde. D%, Stück ist
ihr Sündenregister dem geliebten Manne beichtet.
entschieden schwächer als „Liebelei“ und „Freiwild“, de
während dieser jeden einzelnen Fall philosopbisch und
der geistvolle und elegante Dialog manche todte Stelle
psychologisch zu — begründen sucht. Interessant war
aufweist und auch der Fortgang der an sich ärmlichen
das „Märchen“, durch welches ein bedeutender Dichter
zu uns sprach, aber erquicklich war es keinetwegs. Handlung schleppend ist. Das interessante Werk hat bei
Ella Gadri brillirte durch eine außerordentlia zu¬
treffende Wiedergabe der Hauptrolle. So und nichts dem gut besuchten Hause einen gemischten Eindruck
anders ist dieses Leben. Der stürmische Applaus,
hervorgerufen. Die beiden ersten Acte gefielen und
der ihr zu Theil wurde, war ein wohlverdienter. Hr.
Richard Wirtd spielte den prodlernatischen Helden Frachten den Darstellern, in erster Neihe Herrn Richard
anfangs etwas unsicher, dann aber um so wirkungs. [Wirth und Frl. Gabri, Beifall und Hervorrufe, der
Dr. A. G.
voller. Die übrigen Rollen waren ziemlich belanglos, britte Aufzug fiel ab.
von der Darstellung wie von der Regie im Grund¬
ne spracision ausgeführt.
#lane der Stimmung festgehalten. — Montag erheiterte
Dr. A. G.
ereichen soll, die rege Theilnahme der Stammesgenossen
*—. Deutsches Volkstheater. („Das
on Nah und Fern finden wird.
[Märchen“. Schauspiel in drei Aufzügen
Teplitz, 13. August. (Wohlthätigkeits¬
vonAkkhur Schnitzler.) In der bekannten
soncert.) Das aus Anlaß des 50jährigen Regierungs¬
Scenenreihe, die unter dem Collectivtitel: „Anatol“,
tbiläums unseres Kaisers vom hiesigen Lesevereine am
sieben Episoden aus dem Liebesleben eines jungen
.d. M. veranstaltete Wohlthätigkeits=Concert nahm einen
Mannes schildert, führt ein Erlebniß die Bezeichnung:
roßartigen Verlauf. Das günstige Wetter lockte das
„Denksteine“. Es ist ein dramatisirtes Apergu, das
zublicum zu Tausenden auf den Concertplatz im fürstl. durch die überlegene Dialogführung wie durch die
kari'schen Schloßgarten woselbst sich bei den Klängenmeisterliche Knappheit in der Auseinandersetzung des
er 94. Militär=Capelle alsbald ein fröhliches Leben tragischen Motivs — die Unmöglichkeit einer Ehe zwi¬
nifaltete. Nach Aubruch der Dunkelheit wurde ein schen einem Manne von feinerer Empfindung und einer
roßes Brillant=Feuerwerk abgebrannt. Als zum Schluß Verlorenen — besticht. Die Besucher des Volkstheaters
as Kaiserlied intenirt wurde und die Kaiserkrone imwerden sich der geistvollen Kleinigkeit, die mit Fräulein
ollen Lichtglanze erstrahlte, entstand ein nicht enden= Gabri als Emilie sehr gefallen hat, vom Vorjahre noch
vollender Jubel. Eine Fackelpolonaise, die als originelle erinnern. Denselben Gegenstand nun hat Schnitzler
seuheit im Garten getanzt wurde, fand den lebhaften noch ein zweites Mal behandelt, und zwar in dem drei¬
Leifall der Zuschauer. Der Verein kann mit vollster Be=actigen Schauspiel: „Das Märchen.“ Allerdings
riedigung auf die gelungene Veranstaltung zurückblicken, nicht mit gleichem Glück. Sei es, daß das Motiv an
s. Weipert, 13. August. [O.=C.] (Verhaf=sich eine so breite Behandlung nicht verträgt, oder daß
ung.) Der von Deutschland aus wegen dortselbst be= die doctrinäre Art, mit der das Für und Wider der
angener Unterschlagung und wegen Betruges verfolgteMeinungen über dieses Thema erörtert wird, dem
lgent der Allgemeinen Versicherungs=Actiengesellschaft Werke schadet, oder aber endlich, daß technische Mängel
Victoria“, Emil Schlick, wurde in einem hiesigen Gast= den Eindruck des in vielfacher Hinsicht sehr interessanten
ause verhaftet und dem k. k. Bezirksgerichte in Preßnitz Drama beeinträchtigen — Thatsache ist, daß es uns
unbefriedigt entläßt.
ingeliefert.
Das Stück spielt — bei Schnitzler, dem ange¬
Joachiristhal, 13. August. [O.=C.] (Gen¬
armerie= Posten.) Im südlichen Theile des Be¬
sehensten Vertreter des literarisch=künstlerischen Jung¬
Wien, ist das fast selbstverständlich — in Wien in unseren
irkes wird mit October d. J. in der Ortschaft Wickwitz
in 3 Mann starker k. k. Gendarmerie=Posten errichtet. Tagen. Es gibt sich aber nicht etwa bloß äußerlich als
r. Platten, 13. August. [O.=C.] (Ernennung.)modernel Drama, sondern das eigenilich Moderne darin
In Stelle des nach Reichenberg versetzten k. k. Landes¬
ist die kühne, einfache, ja naive, weil natürlich gefaßte
erichtsrathes Herrn Taud wurde der k. k. Gerichts
Selbstverständlichkrit. mit der die erotischen Verhältnisse
djunct in Eger, Herr Dr. Adam Brandner, zum
und geschlechtlichen Beziehungen zwischen Mann und
k. Bezirksrichter für Platten ernannt.
H. Beusen, 14. Aug. [O.=C.] (Brand. — Weib besprochen werden. Es bedarf nicht erst besonderer
Truppendurchzüge.) Am 9. d. M. schlug der Hervorhebung, daß ein Künstler von der seinen, ja über¬
slitz während eines heftigen Gewitters in das dem feinerten Empfindung Schnitzler's sich von Cynismen</Unicode>
            </TextEquiv>
        </TextRegion>
    </Page>
</PcGts>
