3484 4352
286 262 1030 336 3. Das Maerchen
1160 258 1548 347 box 7/2
438 300 1015 380 ne neene
1205 878 1592 953 Telephon 12801.
488 1008 1572 1141 AA WESEIm
435 1040 487 1114 2
446 1112 1580 1209 O l. österr. behördl. konz. Unternehmen für Zeitungs-Ausschnitte
444 1145 507 1191 60
598 1159 1485 1270 Wien, I., Concordiaplatz 4.
416 1226 532 1279 2
830 1246 1255 1323 Vertretungen
477 1287 1571 1374 0 in Berlin, Budapest, Chicago, Christiania, Genf, Kopen¬
425 1330 1578 1414 hagen, Londen, Madrid, Mailand, Minneapolis, New-Vork,
522 1377 1551 1456 Paris, Rom, San Francisco, Stockholm, St. Petersburg.
435 1375 487 1453 9
839 1427 1236 1480 (Quellenaugabe ohne Gewähr.)
425 1448 1597 1570 5 Ausschnitt Beutsches Volksblatt, Wien
424 1524 482 1571 530
647 1540 695 1600 6
695 1543 878 1623 9. 1907
415 1565 660 1623 E vom:
578 1659 1600 1716 Wiener Bürgertheater. Arzneien zu verschreiben
506 1704 1610 1758 ist kein so gefährliches Wagnis, wie sie selbst einzunehmen.
491 1747 1614 1800 Ebenso kann man davon überzeugt sein, daß ein Mann,
497 1792 1614 1847 der im ersten Akte das gewisse Vorurteil gegen gefallene
487 1841 1618 1890 Mädchen als ein grausames Märchen bezeichnet, daß dieser selbe
492 1879 1617 1941 Mann im dritten und letzten Akte sich entschieden für die Ehre
485 1920 1608 1975 bedankt, sich als Ehegatte zum legitimen Nachfolger illegi¬
486 1966 1622 2035 timer Vorgänger herzugeben. Damit ist auch der Inhalt des
490 2012 1613 2081 Schauspieles „Das Märchen“ von Artur Schnitzler
487 2050 1613 2105 erzählt, das gestern im Bürgertheater zum erftenmar auf¬
486 2097 1607 2159 geführt wurde. Der Vollständigkeit halber ist nur zu er¬
496 2138 1608 2197 gänzen, daß zwischen dem ersten und dem dritten Akte noch
499 2188 1619 2236 ein zweiter Akt eingeschoben ist, in dem sich der kluge
490 2238 1617 2297 Mann von dem unklugen Mädchen ausbrücklich bestätigen
500 2271 1611 2329 läßt, daß es tatsächlich gefallen ist. Die blödsinnigste
1508 2318 1620 2366 bei
1388 2319 1481 2371 die
1124 2315 1325 2381 herhalten,
935 2312 1088 2377 dazu
489 2314 935 2381 Konversation muß
498 2351 1620 2431 Dreiaktern gebräuchliche Spieldauer auszufüllen. Von
1339 2399 1614 2463 langweiligen
1161 2405 1308 2458 dem
943 2409 1016 2467 ist
1065 2411 1153 2459 in
493 2400 878 2471 einer Handlung
490 2453 1620 2502 und auf abgedroschenen Phrasen dahinstelzenden Stücke
500 2492 1613 2542 auch nicht eine Spur zu entdecken. Mit einem Worte, die
497 2542 1618 2592 technische Unbeholfenheit und die Gedankenarmut sehen bei
492 2586 1612 2641 diesem Schauspiele an allen Ecken und Enden hervor. Was
492 2622 1625 2692 der Autor versäumt hatte, das holte die Claque ein, denn
500 2667 1612 2717 sie brachte durch ihr wütendes Klatschen und Bravorufen
499 2701 1623 2763 Handlung und Leben in die Oede. Die Darstellung machte
493 2751 1623 2802 das Stück nicht besser. Von den neuen schauspielerischen
491 2796 1617 2852 Kräften, die sich das Bürgertheater eingewirtschaftet hat,
496 2836 1620 2891 z igten sich die Herren Hermann John, Robert Hart¬
629 2883 1622 2944 und Fräulein Olga Weede zum erstenmal dem
501 2919 1621 2992 Wiener Publikum. Herr John und Fräulein Weede
488 2969 1615 3019 treffen, wie wenigstens gestern zu bemerken war, den rich¬
505 3005 1622 3051 tigen Ton in Leidenschaftsausbrüchen besser als in der
501 3070 1625 3116 Kenvrsation, Herr Hartberg spielt mit ruhiger
1473 3094 1619 3148 war?
762 3086 1442 3158 Wie das Theater besucht
500 3103 738 3162 Sicherbeit.
1502 3136 1611 3191 weil
498 3130 1469 3212 Vorzüglich! Viele waren wohl gekommen,
713 3163 1622 3241 unter dem „Märchen“ etwas besonders
495 3232 1621 3282 Pikantes vorstellten und erwarteten — doch ach, sie wurden
504 3274 1612 3328 grausam enttäuscht! Auf ihre Kosten kam gestern gewiß
496 3306 1623 3367 nur die Claque. Im ersten Akte hat einmal Frau Russeck
498 3362 1624 3412 mit den Worten abzugehen: Gehen wir schlafen!“ Gähnend,
507 3402 1627 3458 wie es sich gebührt, tat sie ihre Pflicht und das ganze
505 3446 1620 3495 Haus gähnte voll sympathischen Verständnisses mit ihr.
503 3490 1627 3547 Schon im ersten Akt — das ist sicherlich geuug, wenn nicht
1352 3526 1601 3604 Dr. H. P.
493 3532 697 3614 zu viel!
2646 761 3036 842 Telephon 12801.
2024 921 3035 1034 WM A BRInnnn
1879 989 1978 1038 —
1892 1014 3045 1098 O l. österr. behördl. konz. Unternehmen für Zeitungs-Ausschnitte
2048 1065 2931 1154 Wien, I., Concordiaplatz 4.
1887 1113 1989 1205 2
2282 1141 2723 1211 Vertretungen
1899 1196 3034 1256 0 in Berlin, Budapest, Chicago, Christiania, Genf, Kopen¬
1903 1244 1936 1280 *
1884 1255 3037 1308 # hagen, London, Madrid, Mailand, Minneapolis, New-Vork,
1991 1281 3005 1334 Paris, Rom, San Francisco, Stockholm, St. Petersburg.
2312 1329 2694 1382 (Quellenangabe ohne Gewähr.
1889 1368 1974 1427 *
1955 1366 2375 1450 Ausschnitt aus:
1894 1447 1968 1493 520
2492 1396 3060 1543 „Wiener Tagblati
1890 1463 2496 1583 & SOm SDTEMFTOD
2604 1529 2745 1620 GUEr
1967 1583 2947 1682 Theater, Kunst und Titeratur.
2018 1678 2965 1734 Bürgertheater. Unter das Bürgertheater wurde
1926 1726 2966 1792 eine literarische Stufe gelegt, damit das Niveau höher
1930 1775 2962 1835 erscheine, und man schritt zu einem interessanten Wagnis.
1935 1823 2974 1866 Arthur Schnitzlers erstes größeres Schauspiel, „Das!
1924 1872 2966 1912 Märchen“ das nöch aus der Zeit der dichterischen Stirn¬
1935 1915 2968 1984 locke stammt, wurde vorgeführt. Ein Erstlingswerk des
1925 1946 2958 2028 Dichters, dessen Name jetzt der Welt gehört, darf man
1930 2004 2953 2069 getrost seinen reisen Schöpfungen gegenüberstellen. Das
1932 2063 2951 2122 biograßhische Kuriosum bringt den gefestigten Ruf nicht ins
1925 2115 2956 2180 Wanken. Blinken doch durch die Fehler des Stückes schon
1926 2144 2952 2208 die Tugenden des Schnitzlerschen Wesens, die wir heute
1930 2196 2955 2266 schätzen. Geist, der seitdem in Schnitzlers Werken reicher
1924 2247 2948 2321 flutete, und Wahrheit, die Schnitzler seitdem tiefer aus der
1916 2296 2950 2357 Seele holte, bricht schon hell aus dem „Märchen“
1914 2329 2953 2417 hervor. Wohl erkennbar ist auch schon Schnitzlers besondere
1923 2404 2957 2452 Art, den Dialog leicht, frei, natürlich und doch
1924 2432 2944 2499 im eigentlichen Begriffe künstlerisch zu bilden, die Rede nicht
1922 2478 2958 2537 spielerisch, sondern durchaus sinnvoll und zweckbewußt dras
1914 2537 2955 2590 matisch zu gestalten. Das „Märchen“ wurde vor vierzehn
1921 2574 2959 2655 Jahren verhöhnt; den Freunden aber, die damals bei der
1911 2615 2950 2690 stürmischen Aufführung des Deutschen Volkstheaters in leb¬
1920 2656 2960 2735 haftem Protest auf die Begabung des jungen Dichters pochten,
1912 2717 2946 2774 hat die Zeit, die Entwicklung des Talents recht gegeben. Un¬
1910 2765 2953 2839 bestimmtheit des Problems und Mezzo=Charaktere auf der
1906 2816 2945 2877 einen Seite, dann aber allzu feine und zugespitzte Be¬
1905 2868 2943 2923 rechnungen, wie sie Schnitzler noch heute liebt, greist man
1918 2901 2955 2974 ruhiger auf als vor dreizehn Jahren, da die Bühne für
1913 2951 2952 3021 solche Dinge erst zubereitet werden mußte. Undwer nimmt jetzt
1907 3011 2945 3061 Anstoß an der rücksichtslos unsympathischen Zeichnung eines
1906 3055 2947 3118 grüblerischen Menschen, der in akademischer Erörterung für die
1903 3095 2952 3170 Aufrichtung der gefallenen Mädchen streitet und im prak¬
1895 3132 2944 3213 tischen Leben das „Märchen“ von der Verlorenen nicht
1902 3177 2951 3248 zu überwinden vermag? So wurde denn dem Experimente
1889 3239 2943 3308 des Bürgertheaters gestern ein literarischer Erfolg zuteil,
1894 3293 2930 3364 Her sich schon in der Zusammensetzung des vornehmen, auf
1897 3346 2943 3394 Schnitzler gestimmten Publikums aussprach. Aber nur in
1900 3394 2933 3439 der Tatsache der Aufführung liegt ein Verdienst — das
1899 3421 2942 3484 Ensemble des Bürgertheaters, so redliche Mühe auch auf¬
1902 3480 2929 3551 gewendet wurde, blieb dem Werke fremd; der Mechanismus
1909 3524 2938 3596 knarrte; Risse, Sprünge, salsche Töne störten; die Darstellung
1898 3583 2932 3641 schob sich schwerfällig von Szene zu Szene; vieles wurde zu
1907 3625 2935 3666 hatt und derb vorgebracht, vieles wieder gänzlich verschlucktt
1898 3675 2936 3741 und so der Aufnahme entzogen. Den Damen Brenneis,
1904 3722 2935 3797 Olga Weede, den Herren John, Brückner, Jules,
1891 3758 2941 3817 Berger, Stollberg und Hartbekg sei jedoch der
1884 3810 2940 3896 Dank für die geleistete Arbeit nicht vorenthalten. Rob. f.
