3484 4256
10 2001 67 2066 uf
2 2047 91 2111 das
1176 123 1573 218 box 7/2
300 126 1052 237 3. Das Maerchen
454 184 1054 255 Das naeicnen
179 977 1880 1055 mtreiches so wesentlich stärkendes Minister zugesprochen werden, der gestern hierr Murf
187 1045 837 1122 t der neuen Regierung geworden
828 1009 2231 1114 das Wort ergriff und gewissermaßen Oel in den mittag verschoben.
186 1095 1747 1161 uen Parlamentsmehrheit glänzend Mechanismus der Debatte einzuträufeln wußte.“
817 1205 2930 1273 oder geistreich sein wollender Causeur; hat bei Alfred von länders uns völlig befriedigt hat. Zur Pariser Mache
1877 1258 2927 1325 fehlt ihm Mussets Grazie und Dumas' Geist, zur
828 1256 1868 1310 Musset und Octave Feuillet gelernt, die höhere Aus¬
189 1216 580 1354 uilleton.
1868 1315 2921 1376 Herrschaft über unser Gehirn und unser Herz die
830 1310 1874 1371 bildung bei Dumas und Sardou genossen und war
1863 1353 2927 1420 Kraft des flammenden Erdgeistes Ibsen. Er hat von
820 1363 1863 1427 vielleicht eben im Begriffe, vom französischen Olymp
1869 1411 2923 1478 Beiden etwas, aber aus sich allein heraus nicht hin¬
819 1413 1866 1474 herab in den theatralischen See zu springen, als ihm
826 1454 1863 1523 die Sturmflut des nordischen Verismus entgegenbrauste.
1866 1459 2934 1536 reichend jene Gewalt, welche festzuhalten und nach
190 1444 506 1545 heater.
1869 1509 2414 1574 Belieben zu lenken vermag.
823 1494 1870 1570 Kühn hat er ihr die Brust geboten und sich von ihr
190 1518 830 1602 ter: „Das Märchen“, Schau¬
825 1554 1876 1635 auf dem wellenden Rücken dahintragen lassen; aber
1905 1558 2918 1629 Daraus ergeben sich denn auch die Irrthümer und
197 1593 830 1667 Arthur Schnitzler. Zum ersten
827 1604 1867 1683 was Hänschen gelernt hat, das ist auch dem theatrali¬
1861 1607 2919 1675 Fehler, das Ungenügende und theilweise Schiefe, welche
194 1633 669 1717 hrt am 1. December 1893.
831 1652 1868 1727 schen Wahrheitsmanne von heute wie ein Mantel, den
1860 1658 2917 1722 das Schauspiel: „Märchen“ charakterisiren. Es wird
218 1680 835 1779 Arthur Schnitzlers oreht sich
1857 1710 2914 1771 viel in dem Stücke behauptet, aber nichts bewiesen.
832 1712 1869 1773 man nicht los wird, an den Schultern hängen ge¬
178 1745 825 1816 in, sondern um zwei Märchen.
824 1750 1864 1825 blieben. So bietet denn sein Stück: „Das Märchen“
1861 1747 2918 1822 Man geht, um ein recht banales Wort auszusprechen,
180 1798 828 1872 ie These erklärt: daß man sich
826 1810 1856 1877 eine Art von Conglomerat zwischen der älteren, fein¬
1864 1812 2921 1867 so gescheit aus dem Theater heraus, als man in
186 1841 847 1926 icht verbinden dürfe, welches eine
824 1858 1860 1927 geschliffenen französischen und der jüngeren herben
1868 1859 2918 1934 dasselbe hineingegangen ist. Ja, um uns recht boden¬
199 1909 832 1963 habe, und zweitens wird später
818 1893 1855 1976 norwegischen Schule. Die Thesen sind von den Fran¬
1861 1898 2922 1969 duftig auszudrücken: Wir glauben nicht, daß irgend
204 1959 820 2013 daß ein Mann jemals die pein¬
825 1963 1855 2024 zosen, aber die Methode, ein ebenerdiges Stück aufzu¬
1860 1964 2921 2032 jemand aus dem „Märchen“ klug geworden ist. Die
189 2002 819 2080 rden könne, welche die Vergangen¬
821 2010 1857 2085 richten, zu bauen, von der Grundmauer bis zur Gleiche,
1854 2012 2914 2060 große Unparteilichkeit des modernen dramatischen
194 2055 825 2128 minder Gefallenen in dem sich
817 2065 1857 2129 ohne sich viel um Ereignisse und Begebenheiten zu
1855 2059 2916 2120 Richters, nicht Dichters, welche Herr Arthur
194 2108 1858 2176 unaufhörlich erweckt. „Märchen“ kümmern, Alles nur aus den Personen herauszu¬
1863 2103 2910 2164 Schnitzler, nach Ibsens Beispiel, einnehmen wollte,
177 2160 831 2224 inne eines mit der Wirklichkeit
830 2159 2914 2230 entwickeln und in Rede und Gegenrede durchzuführen, besteht darin, daß er beide aufgestellten, von uns am
178 2206 821 2270 nung stehenden Satzes gebraucht.
824 2211 1857 2271 von den modernen Gothen. Das „Märchen“ ist
1859 2210 2913 2278 Anfange dieser Zeilen nachgeschriebenen Thesen einem
173 2254 827 2330 thur Schnitzler nicht vollständig
1863 2262 2914 2333 und demselben Menschen in den Mund legen, bald
817 2259 1857 2327 mehr eine Debatte als ein Drama. Es kommt also,
816 2315 1859 2376 da man keiner Richtung unerbittlich den Weg ver¬
185 2309 829 2388 on ihm aufgestellten Thesen nicht
1857 2300 2914 2374 vertheidigen und rasch darauf angreifen läßt. Derselbe
185 2350 836 2428 so ist dies nicht ganz unsere
821 2357 1862 2435 sperren darf, nur darauf an, wie die gewählte Form
1855 2349 2918 2437 Fedor Denner, welcher behauptet, es sei eine veraltete
184 2416 1865 2490 der Verantwortung muß der ge= durchgeführt wird. Ibsen hat öfter mit Glück die
1855 2407 2912 2478 Anschauung, daß ein gefallenes Mädchen sich nicht
184 2453 1854 2534 hr tragen. Es ist, naturalistisch ge= Dialektik den Vorgängen jubstituirt, der Satz aber,
1862 2452 2913 2518 wieder völlig aufrichten und daß ein Mann von Geist
187 2492 822 2580 die, wie Mandeln und Rosinen
822 2512 1852 2577 um den es sich handelte, der bewiesen werden sollte,
1856 2504 2919 2571 und Bildung mit demselben nicht glücklich werden
187 2554 824 2623 tuch bedeckenden Strudelteig, hin¬
825 2565 1861 2620 war immer neu, anregend, bedeutend, er zwang zum
1852 2562 2902 2623 könne, geräth, als ihm die Liebe eines solchen Mädchens
176 2605 833 2680 eln zu fassen. Der Autor ist voll
818 2602 1862 2671 Mitdenken und zum Mitfühlen, brachte den ganzen
1857 2609 2911 2676 die Arme um den Hals schlingt, nach und nach in
188 2666 829 2742 alle jungen Theater=Schriftsteller,
819 2657 1856 2724 Menschen in Alarm, beschäftigte Geist und Herz, und
1856 2660 2916 2728 die peinlichsten Qualen, weil ihm bei der geringsten
828 2708 1861 2776 einmal wie eine Bombe in uns hineingeworfen,
180 2712 831 2788 eist und Scharfsinn, Witz und
1862 2698 2912 2776 Veranlassung alle alten Sünden der sich Aufrichtenden
825 2745 1856 2819 brachte man den Eindruck nicht mehr los und mußte
165 2762 823 2832 Glut in sich aufgespeichert hat,
1859 2762 2900 2833 vor die Augen treten, an seinem Geiste nagen und
826 2803 1859 2877 immer und immer wieder über das Gesehene und Ge¬
189 2811 830 2879 r uns ausschütten. Er will des
1857 2817 2887 2875 sein Herz zerfleischen, welche ihm das zum Geständ¬
822 2852 1852 2930 hörte nachdenken, ob man sich nun von demselben an¬
190 2860 824 2921 und reicht andererseits zu wenig,
1851 2856 2891 2925 nisse gezwungene Mädchen frei und offen dargelegt hat.
187 2910 821 2976 Hunger zu stillen. E###ed in
823 2916 1860 2980 gezogen fühlte oder abgestoßen worden war. So viel
1857 2910 2903 2960 Agathe Müller hatte gefehlt, ist eine berühmte
815 2957 1865 3036 Talent man aber auch Herrn Arthur Schnitzler zu¬
1849 2958 2909 3040 Schauspielerin geworden, ihr Herz voll Liebe kocht
183 2954 817 3018 gesprochen und zu wenig gehandelt.
190 3006 830 3082 t aus der einactigen französischen
821 3010 1813 3074 sprechen mag — und er besitzt keine geringe Begabung —
1844 3013 2901 3068 hoch auf, sie richtet sich, wie die Magnetnadel
170 3062 827 3128 nten Proverbe, hervorgegangen. Er
819 3067 2902 3128 sagen muß man doch, daß er weder in der Maske nach Norden, jetzt nur nach dem vergötterten Manne —
187 3099 2930 3194 llerischen Jugend an als geistreicher eines Franzosen, noch in jener eines kühlen Nord= nichts da, Alles vergebens! Jede Blume, welche sie
1564 3169 2245 3404 Gchund
2377 3166 2791 3399 2
1903 3348 1982 3443 4
