3436 4352
1174 221 1538 316 box 7/2
434 223 1009 309 Das Maerchen
276 244 1036 346 3
395 369 2190 477 der Premiere dieses Stückes erinnern kann, wird Bald wurde in die eensthaftesten Szenen hinein¬
389 463 2163 537 einer Wiedererweckung jenes Schauspiels gewiß mit gelacht, gesprochen und getobt, kurz, die Sache,
388 503 2173 588 besonderer Spannung entgegenharren. Es war die so schön begonnen hatte, nahm einen
392 545 2172 645 in der ersten Hälfte der neunziger Jahre, als überaus peinlichen Verlauf. Ein Theaterskandal
385 604 2163 655 Arthur Schnitzler's „Märchen“ zum ersten Male nach allen Regeln der Berliner Theaterskandale,
383 654 2177 729 am Deutschen Volkstheater in Wien unte der Direk= die man bis dahin in Wien nur vom Hörensagen
385 691 2174 747 tion des verstorbenen Buckovics in Seene ging. gekannt hatte. So hatte sich Arthur Schnitzler's
386 741 2168 810 Man wußte damals von Arthur Schnitzler] Debut in seiner Vaterstadt Wien gestaltet. Dieser
376 788 2165 878 in der Wiener Gesellschaft nichts anderes, unglückliche Anfang hat aber doch nicht verhindert,
392 846 2167 924 als daß er der liebenswürdige Sohn daß aus ihm in nicht allzu langer Zeit ein ganzer
388 886 2166 945 eines der populärsten und genialsten Aerzte der Kerl geworden ist, jedenfalls einer der größten
376 932 2161 1025 österreichischen Hauptstadt war, und daß er dem Be= Dramatiker, deren sich heute das deutsche Theater
387 989 1266 1055 rufe seines verblichenen Vaters gefolgt sei. Als
1258 1004 2165 1084 zu erfreuen vermag. In rascher Folge drängte
386 1031 2166 1100 dramatischer Dichter hatte er sich noch nicht vor= sich auf das „Märchen“ die prachtvolle „Liebelei“, dem,
388 1091 2164 1184 gestellt gehabt. Aber auch das Wenige, was man wenn wir wichtigeren Erzeugnissen gedenken wollen,
379 1135 1257 1202 von ihm wußte, hatte genügt, um den Abend, an
1274 1149 2155 1218 „Freiwild“, der „Grüne Kakadu“, der „Schleier
384 1178 1265 1254 dem dieser jüngste Mann, den man bisher nur
1264 1193 2160 1271 der Beatrice“ und der „Einsame Weg“ gefolgt
382 1227 1255 1288 von der Ringstraße aus gekannt hatte, zum Worte
1267 1240 2152 1304 sind. Wird in der nächsten Saison das Wiener
383 1279 1267 1344 kommen sollte, zu einer sogenannten Sensations¬
1262 1285 2138 1367 Publikum sein erstes Urteil über das „Märchen“
371 1337 2160 1414 Premiere zu gestalten. Kaum war der Vorhang einer Revision unterziehen? Es ist dies kaum
375 1377 1262 1452 in die Höhe gegangen, so hatte man bereits nach
1256 1386 2153 1462 anzunehmen; wenn auch immerhin zugegeben
376 1410 2156 1509 den ersten Szeuen die Empfindung, einem außer= werden muß, daß man sich einerseits im Laufe der
375 1473 2155 1534 ordentlich starken und eigenartigen Taleute gegen= letzten dreizehn oder vierzehn Jahre im deutschen
370 1515 2157 1605 über zu stehen. Das ging, solange es ging, d. h. Theaterleben an vieles hat gewöhnen
375 1579 2140 1654 während der beiden ersten Akte. Bis dahin lernen, was bis dahin noch fremd an¬
361 1625 2135 1704 war man dem jungen Dichter mit Spannung und gemutet haben mag, und daß endlich
366 1675 1258 1748 Teilnahme gefolgt. Aber man soll keinen Autor vor
1261 1674 2143 1753 auch Arthur Schnitzler's Autorität als Bühnen¬
363 1732 2152 1789 dem Ende seiner Première glücklich preisen. Es dichter eine so mächtige Steigerung erfahren hat,
354 1759 2144 1844 kam der dritte und letzte Akt und mit diesem ein daß man ihm nunmehr auch gelegentlich einer
356 1808 2136 1889 Umschlag in der Stimmung des Publikums, wie man Wiederaufführung des „Märchens“ mit achtungs¬
369 1871 2131 1926 einen solchen in ähnlich drastischer Weise kaum jemals vollerer Teilnahme begeguen dürfte, als an jenem
374 1916 2114 1978 erlebt haben mag. Der unbefriedigende und auch Abend der Première. Damals ist das „Märchen“
369 1967 2135 2051 wohl kaum psychologisch motivierte Schluß entrüstete bereits nach der zweiten oder dritten Vorstellung
368 2006 1787 2098 die Zuhörer. Sie begannen unruhig zu werden. vom Spielplan verschwunden.
1250 2480 1647 2574 Telephon 12801.
816 2649 1653 2778 Mmeren Sn
491 2751 1665 2869 O l. österr. behördl. konz. Unternehmen für Zeitungs-Ausschnitte
667 2808 1554 2919 Wien, I., Concordiaplatz 4.
901 2884 1331 2972 Vertretungen
492 2912 616 2985 4
532 2914 1649 3026 0 in Berlin, Budapest, Chicago, Christiania, Genf, Kopen¬
494 2972 1660 3092 hagen, London, Madrid, Mailand, Minneapolis, New-Vork,
600 3013 1635 3113 Paris, Rom, San Francisco, Stockholm, St. Petersburg.
925 3067 1330 3121 QQuellenangabe ohne Gewahr.)
536 3111 1605 3227 6 Ausschnitt ausDie Bombe, Wien
522 3219 980 3318 L.N
689 3287 1590 3381 Gräbt man dech im Volkstheater den
588 3356 1589 3431 „Star“ von Bahr aus, eine bummelige
591 3416 1583 3491 Plauderei, die einst in der Ara Odilon flüchtiges
587 3471 1572 3532 Parkettinteresse erweckt hat. Im Bürger¬
584 3530 1590 3609 theater will man das „Märchen“, ein in alten
580 3597 1590 3676 Zeiten durchgefallenes Stück Schnitzlers
575 3645 1585 3718 hervorholen usw. — Dörmahlf Ist Meife
592 3704 1577 3784 beinahe ein Klassiker. Es ist somit kein
596 3773 1582 3857 Wunder, wenn die Bühnen, welche Gesang
589 3829 1586 3892 bieten, und seien es auch mindere Variétés,
585 3891 1592 3971 den andern Häusern den Rang ablaufen.
577 3943 1589 4025 Man will lieber angenehm betäubt als von
502 4008 1598 4091 17 modernen Problemstücken gelangweilt werden.
2955 2044 3270 2140 ##rausschnitte
2334 2109 3179 2229 ien, I., Concordiaplätz 4.
2494 2184 2940 2260 Vertretungen
2109 2244 3257 2314 9 in Berlin, Budapest, Chicago, Christiania, Genf, Kopen¬
2105 2294 3264 2358 hagen, London, Madrid, Mailand, Minneapolis, New-Vork,
2191 2326 3228 2397 Paris, Rom, San Francisco, Stockholm, St. Petersburg.
2514 2364 2916 2422 (Quellenbe oh Genähr.)
2106 2380 2661 2500 4 Ausschnitt aus:
2651 2400 3359 2567 verinor Loral Anzein
2533 2463 2809 2567 9-J0L 1997
2086 2510 2317 2579 E vom:
2627 2577 3031 2665 8. „Märchen“, das
2418 2605 2507 2666 Sch
2285 2612 3166 2704 nächsten Spiezeir in Wien zur Aufführin
2292 2689 3106 2739 gelangen soll, ist, von den Dialogszenen
2286 2715 3102 2776 „Anatol“ abgesehen, seine erste drama
2285 2756 2933 2818 Schöpfung. Mit der Angriffslus
2284 2794 2892 2854 Schriftstellers gegen die bestehend
2283 2834 2886 2896 Moral hat Schnitzler hier ein
2290 2880 2894 2936 mit einer Vergangenheit, Schaf
2294 2922 2896 2975 Zeichens, in den Mittelpunkt
2289 2954 2920 3013 gestellt. Das Stück spielt in Künf
2300 2992 2930 3056 ist reich an ästhetischen und mora
2286 3033 2954 3089 versen. Es wird vor allem gegen de
3066 3074 3130 3116 jun
2297 3068 3043 3116 von der notwendigen Reinheit des
2293 3102 3121 3156 Mädchens, das in die Ehe tritt, volemisiert.
2282 3148 3189 3210 junge Schriftsteller Fedor Denner behauptei:
2280 3185 3228 3241 „Wir haben kein Recht, Unnatürliches zu fordern
2279 3235 3198 3291 und für Natürliches zu strafen. Und ich finde es
2287 3256 3195 3314 höchst anmaßend von der Gesellschaft, ein Weib
2281 3305 3204 3372 einfach darum, weil es wahr und natürlich
2287 3345 3197 3397 liebte, mit gedankenloser Verachtung aus
2290 3377 3198 3441 ihrem Kreise zu stoßen. Merken Sie nicht, daß
2284 3416 3207 3475 wir sie erst damit erniedrigen, ihnen damit die
2283 3459 3209 3510 Rückkehr unmöglich machen, sie tiefer und tiefer
2284 3501 3207 3548 stoßen?“ Aber die Wirklichkeit des Lebens straft
2294 3536 3211 3587 seine freigeistigen Anschauungen Lügen. Als ihm
2291 3579 3203 3628 die junge Schauspielerin Fanny Pheren bekennt,
2285 3607 3210 3667 daß sie einst einen Fehltritt begangen hat, stößt
2291 3654 3207 3713 er sie von sich. Er sagt mit Hebbels Sekretär aus
2296 3681 3213 3744 „Maria Magdalena“: „Darüber kann kein Mann
2285 3735 3199 3782 hinweg.“ Die Liebenden trennen sich, die Schau¬
2298 3769 3203 3824 spielerin nimmt in einem zweiten, gegen die erste
2289 3788 3214 3865 tragische Fassung geänderten Schluß ein Engage¬
2285 3842 3212 3905 ment nach Petersburg an. Das Schauspiel ist
2284 3892 3212 3936 noch sehr akademisch gehalten und leidet an einer
2289 3928 3203 3988 Ueberzahl flüchtig gezeichneter Nebenpersonen.
2284 3954 3211 4034 Immerhin dürfte es von Interesse sein, diesen
3043 4017 3099 4084 1
2291 4040 3222 4134 dramatischen Erstling Schnitzlers auf der Rühne
2286 4081 2481 4147 zu sehen.
