3484 4352
1395 251 1570 341 7/2
604 254 1036 330 Maerchen
1169 256 1368 346 box
277 276 1030 387 3. Das „derenen
1217 536 1479 639 mervellle
1249 598 2552 673 M. Arthur Schnitzier, le jeune et exquis auteur viennois,
1201 646 2562 701 publie seh premier essan dramatique. C’est une cuvre de dehut
1202 694 2568 758 aves tous les défauts que comporte une cuvre de debut. mais
1205 743 2568 801 avec des côtés remarquables et de sérieuses promesses d’avenir.
1205 796 2566 850 Dans une réunion de dialegues (2) d’une date plus récente, ceux-la
1208 844 2569 892 c très viennoiss pour ne pas dire a tres parisiens „, M. Schnitzler
1212 905 2551 957 montre toute la gräce qulil sat mettre dans une inflexion de
1204 949 2552 1013 phrase, dans un contour de pensée, dans une intonation fine¬
1216 997 2558 1049 ment nuancée. Dans La Légende## apparemment son sujet se
1202 1044 2556 1098 trouvait encore trop près de lui, pour que, froidement, il puisse
1217 1090 2556 1148 le transformer en ceuvre d’art. Un jeune homme aime une jeune
1217 1148 2558 1210 lille et puisque cette jeune fille a été à un autre avant lui et que,
1205 1193 2564 1264 probablement, un autre, après lui, la possédera, il ne peut se
1204 1237 2560 1305 consoler. Et cette fégende qu'une jeune fille dolt étre pure avant
1207 1296 2556 1360 que d’étre aimée, cette légende, malgré sa conscience rohus.a,
1206 1349 2385 1416 pour son. cceur saignant, devient lineffagable réalité...
1252 1375 2564 1449 De tous ces auteurs dramatiques, qui nous donnera dans un
1202 1435 2079 1512 avenir prochain le chef-d’euvre attendu?
2136 1553 2482 1632 HENRI ALBERT.
1239 1725 2448 1836 (1) Julius Schaumberger. Die Neue Ehe, Drama (München. Albert ei 6e).
1240 1803 2309 1852 (2) Arthur Schnitzier, Anatol. (Berlin, Bibliographisches Bureau).
1244 1864 2357 1929 (3) Arthur Schnitzler, Das Marchen, Schauspiel (Dresden, Pierson)..
1967 1979 2290 2090 —
1358 1946 1923 2137 A
1317 2294 1417 2404 6
990 2604 2103 2763 Au 77Keie Dramen.
1870 2741 3040 2827 durch ein Beispiel zu stützen, unterliegt er im gegebenen
700 2751 1864 2824 Das Märchen. Schauspiel in drei Aufzügen von Arthur
759 2819 1862 2888 Schnitzler. Dresden und Leipzig, E. Pierson's Verlag.
1880 2818 3048 2874 Moment selber wieder dem Vorurtheil und dem Mißtrauen
755 2855 889 2905 1894.
1875 2855 2956 2920 in die künftige Treue der Geliebten. Er verläßt sie.
1946 2901 3038 2967 Es ist nicht zu leugnen, daß der Stoff psychologisches
777 2892 1868 2968 Das Märcha von den gefalienen Mädchen. So sollte
1877 2962 3044 3016 Interesse biete und dramatische Eignung besitze. Arthur
701 2957 1856 3031 der Titel vollständig heißen. Aber den Inhalt des Dramas
1879 3001 3037 3071 Schnitzler hat durch Einfügung glücklicher Episoden, Ein¬
694 3012 1861 3076 deckte er auch dann nicht. Daß es gefallene Mädchen
1886 3052 3053 3117 schaltung passender Nebenpersonen denselben auch geschickt
707 3065 1867 3123 gibt, ist ja kein Märchen. — In einer kleinbürgerlichen
1872 3103 3039 3161 erweitert und behandelt. Aber der Ausgang des Stückes
710 3109 1861 3173 Familie einer Stadt, bestehend aus der etwas beschränkten
1873 3153 3040 3212 befriedigt nicht. Hätte der Theoretiker das Mädel ge¬
706 3163 1854 3232 Mutter, einer ##eren, ernsthaften Tochter, Klavierlehrerin,
1879 3199 3044 3256 heirathet und der kleinbürgerlichen Splitterrichterei da¬
712 3216 1855 3269 und einer jüngeren, hübschen, die Schauspielerin ist, ver¬
1878 3256 3044 3316 durch einen Stoß versetzt, dann wäre die allgemeine
713 3257 1867 3320 kehren, wohl von dieser letzteren angezogen, einige jüngere
1887 3300 3046 3366 Verachtung, die den Gefallenen entgegengebracht wird, ge¬
704 3306 1867 3366 Männer: ein Maler dabei und zwei Schriftsteller. Von
1890 3336 3037 3410 brochen und der Titel gerechtfertigt worden. Oder aber:
709 3354 1867 3421 diesen einer vertheidigt an einem Theeabend gegenüber dem
1878 3398 3045 3470 die schmähliche Charakterlosigkeit des Schriftstellers ver¬
704 3402 1862 3471 Verlobten der Klavierlehrerin, einem zopfigen Moral¬
1883 3452 3040 3505 diente Strafe. Sie bleibt aus, wir sind erzürnt, aber
718 3451 1865 3517 pedauten, die gefallenen Mädchen, indem er fordert, daß
1887 3489 3056 3578 nicht erregt, am wenigsten versöhnt. Das erachte ich als
714 3516 1866 3574 man ihnen statt der herkömmlichen frömmelnden, moral¬
1889 3547 2441 3616 den Mangel des Stückes.
714 3555 1866 3622 triefenden Verachtung Verzeihung und Vertrauen entgegen¬
1953 3563 3039 3662 Auf= und Ausbau des Schauspiels bekunden Arthur
708 3601 1867 3673 bringen sollte. So würden sie, statt tiefer zu sinken, sich
1887 3629 3044 3705 Schnitzlers dramatische Kunst und Bühnenkenntniß. So¬
705 3651 1874 3710 wieder aufschwingen. Die Schauspielerin, die eben auch
1892 3697 3046 3760 viel ich weiß, haben seine früheren Dramen sehr hübsche
709 3695 1873 3773 gefallen war, hörte diese Vertheidigung, wurde tief davon
1889 3744 3047 3813 Erfolge zu verzeichnen gehabt. Beim heutigen Theater¬
717 3747 1871 3802 ergriffen, und ihre Liebe zu dem Vertheidiger, die auch er¬
1885 3792 3055 3850 publikum, das zum Großtheil blos Unterhaltung, nicht
716 3803 1871 3860 widert wird, wächst noch zu leidenschaftlicher Verehrung
1893 3835 3053 3905 tiefe seelische Erschütterung sucht, mag auch das Märchen
717 3845 1872 3910 und Bewunderung. Aber der sie so schön vertheidigt hatte,
2841 3882 3022 3964 J. R.
1882 3886 2236 3966 Anklang finden.
709 3898 1871 3977 ist ein charakterloser Schwächling, und statt seine Theorie
