3484 4256
301 111 1044 213 3. Das Maerchen
468 159 1050 229 4. 6   Sa
1146 105 1567 204 box 7/2
1651 988 1922 1059 Ein Märchen.
2337 984 2462 1074 371
1100 1057 2466 1149 wirksames Stück Individualpsychologie. Das wäre ja gerade für die Bühne
1087 1116 2472 1193 etwas Neues, ein Fortschritt, da ja selbst unsere besten „Modernen“ es nicht
1092 1181 2460 1242 über allgemeine Psychologie auf den Brettern gebracht haben. Aber es ist doch
1102 1217 2467 1277 etwas mehr. Es ist der Ausdruck einer veränderten und verfeinerten Auffassung
1099 1263 1904 1330 des Verhältnisses zwischen Mann und Weib.
1215 1312 2471 1373 Die „Gefallene“ war nicht nur früher, sie ist auch jetzt wieder ein viel
1091 1367 2461 1425 behandeltes deutsches Thema. Die Unschuld ohne Unschuld, — Das ist so pikant.
1099 1414 2467 1477 Das Mädchen fällt mit unbefleckter Seele; es ist ja so unerfahren, der Ver¬
1098 1463 2472 1526 führer ist an Allem schuld und der Verführer ist jedesmal ein ganz kaltblütiger,
1091 1516 2462 1570 berechnender Schurke. Im Norden war man nicht so heuchlerisch. In der
1101 1556 2462 1616 nordischen Literatur über die freie Liebe fielen die Mädchen schon mehr aus
1100 1601 2468 1674 eigener Initiative; sie fielen, oder vielmehr „sie wurden Weib“, denn „tel était
1089 1637 1433 1697 leur hon plaisir.“
1202 1682 2461 1751 In Schnitzlers Drama ist eine Szene, die in ihrer einfachen Natürlichkeit
1091 1728 2464 1788 zum Besten gehört, was ich gelesen habe. Es ist das Gespräch zwischen dem
1091 1791 2462 1851 sich demnächst verheirathenden Lebemann Dr. Witte und Fedor Denner. Es
1093 1830 2467 1880 ist eine vollständige Psychologie des honnetten Lebemanns und des halb
1087 1877 2470 1945 anständigen Mädchens mit der Prätention, geheirathet zu werden. So ver¬
1099 1921 2468 1979 schieden sonst die Lebensformen im Norden, in Berlin und in Wien von ein¬
1093 1975 2457 2019 ander sind —: dieser Typus des Mädchens aus anständiger, fast immer armer
1097 2015 2456 2087 Familie, das in der Wartezeit auf den Mann — oder als Aufforderung zur
1101 2067 2466 2130 Ehe — wiederholt fällt, ist überall beinahe der gleiche. Es fällt nicht aus Be¬
1099 2106 1724 2169 rechnung, es fällt aus Disposition.
1200 2154 2461 2225 Wir Frauen kennen uns unter einander sehr gut über diesen Punkt aus.
1099 2183 2456 2273 Wir wissen schon in der Schule, welche „so ist“ und welche nicht „so ist.“ Wir
1094 2250 2450 2307 wissen es von einander gewöhnlich lange, ehe eine „so“ geworden ist, — aus
1096 2306 2464 2348 Instinkt. Dieser Punkt ist gewöhnlich auch einer der tiefsten Scheidungen zwischen
1089 2348 2460 2404 Weib und Weib. Zwischen dem Mädchen mit der Neugier und dem mit den kalten
1093 2400 2466 2463 Sinnen oder jenem andern mit den tiefen Pulsschlägen desganzen Wesens, das sich
1095 2437 2461 2507 so herb zusammenhält, gerade weil es fühlt, wie eruptiv und persönlich es ist;
1089 2480 2460 2540 zwischen diesen Dreien ist gewöhnlich keine Brücke und kein Verkehr. Die Erste
1099 2536 2458 2601 ist die, welche auf den Bällen am Meisten betanzt wird. Die Zweite ist die,
1098 2589 2463 2651 welche am Häufigsten geheirathet wird, die Dritte findet und giebt das Glück
1090 2628 2466 2693 oder das Ungiück; sie ist aus dem Stolz der Persönlichkeit zu allem Möglichen
1092 2676 2472 2745 im Stande, auch zur freien Liebe, wie sie im Norden verstanden wird, — nur
1081 2715 1449 2789 zum Naschen nicht.
1207 2760 2462 2836 In Schnitzlers Drama wird dem Märchen von der freien Liebe hart auf
1093 2818 2456 2888 den Leib gerückt. Wer setzt sich dafür ein? Ein exaltirter Durchschnittsmensch
1095 2865 2456 2934 vielleicht, aber kein Spießbürger. Der Germane ist gar nicht geschaffen für die
1085 2918 2457 2975 losen Verhältnisse. Er will es warm und traulich um sich haben, er will das
1092 2957 2452 3014 häusliche Glück, die enge, ununterbrochene Vertraulichkeit. Er findet noch mehr
1093 2994 2462 3055 darin: „Für die große Menge liegt in dem Wort Familie die Idee der Ab¬
1088 3054 2454 3102 geschlossenheit, der trivialen Bequemlichkeit ausgesprochen, — für uns liegt
1090 3100 2455 3168 Etwas von der Idee der Ewigkeit darin.“ Darum führt das freie Verhältniß
1086 3133 2456 3204 bei dem Germanen fast immer in dieser oder jener Form zur Ehe. Zu dem
1096 3182 2461 3253 Weib, das er nimmt, muß er als der Erste kommen, oder er kann nicht zu
1096 3228 2174 3298 ihm kommen. Es ist aus, das Märchen von der freien Liebe.
1112 3271 1504 3354 Stege in Dänemark.
2034 3274 2423 3353 Laura Marholm.
2239 3342 2345 3416 24*
