3436 4256
1158 126 1553 235 box 7/2
434 127 1033 212 Das Maerchen
276 143 1030 267 J. Das lderenen
1531 879 3354 974 Ungarn erscheinen. Die staatsrechtliche Situation sicherzustellen. (Lebhafter Beifall.) Der
497 896 1173 983 tionelle Gesinnung Sr. Majestät.
553 961 3354 1020 Abg. Albert Graf Apponyi giebt ebenfalls den soll entsprechend zum Ausdrucke gelangen. Deßhalb entspreche der Gleichheit der Bürger un
503 1066 3353 1139 empfängt, ist eine handvoll Dornen für den theoreti= daß man es um seine Zeit gebracht, seine Erwartungen verfolgt — man hörte eben nicht Al
2579 1110 3349 1187 nicht rasch Allem folgen, was man auf
509 1118 2585 1191 sirenden Vertheidiger, der, sobald es sich um ihn getäuscht hat, wird leicht grausam. Mit der puren
2583 1167 3333 1234 Autor war allzu sehr bemüht, geistvoll
503 1162 2583 1247 handelt, zum unbarmherzigen Angreifer wird. Das Natürlichkeit geht es nicht. Das Theater ist die Welt
2583 1190 3350 1271 dritten Acte aber, als sich sofort die
1542 1219 2573 1291 des Scheines; man sagte früher: des schönen Scheines.
507 1216 1563 1294 Stück klingt also aus wie eine zerrissene Saite. Er
2585 1260 3356 1330 immer wieder erneuert einstellten, erla
1552 1266 2587 1326 Alles, was auf die Scene gebracht wird, kann den
503 1270 1552 1342 und Sie gehen auseinander, ohne daß man aber auf
2578 1308 3324 1374 merksamkeit, mit ihr die Theilnahme
1551 1295 2586 1378 Anschein des Natürlichen haben, ohne deßhalb ganz
497 1327 1556 1385 die Fortsetzung und den Schluß begierig wäre. Hat
2581 1341 3341 1421 die Ungeduld trat ein, und um das „
1557 1345 2585 1448 und gar im Salon aufgefangen oder von der Straße
501 1372 1547 1436 sich ja doch das Für und Wider der zwei ersten
2592 1410 3355 1477 es geschehen. Nach dem ersten und zweit
1552 1420 2580 1483 gebracht worden zu sein. Das Theater ist eben kein
504 1417 1554 1488 Acte in dem dritten so sehr wiederholt, daß man
2579 1451 3361 1528 holt gerufen, vermochte der junge Au
1552 1465 2591 1522 Salon und keine Straße; es soll dieselben nur vor¬
493 1473 1553 1558 stumpf geworden und das Gefährlichste, was im Theater
2583 1518 3347 1587 Schlusse des Stückes nur unter ziemlich
1546 1511 2595 1584 stellen. Das Theater bietet nur drei Wände des
496 1527 1553 1597 sich ereignen kann: die Gleichgültigkeit gegen das, was
2585 1560 3363 1644 spruche des größeren Theiles der An
1540 1560 2593 1635 Zimmers, die vierte Wand ist jene, welche die
496 1580 1218 1652 man sieht und hört, eingetreten ist.
2580 1613 2993 1687 mals zu erscheinen.
1544 1609 2427 1701 Grenzen des Zuschauerraumes bildet.
554 1597 1550 1696 Das über den Wassern Schweben, die große Gerech¬
2624 1638 3356 1726 Alles in Allem: Das Stück Schnit
1583 1643 2594 1727 Es geht mit den geistigen Bedingungen ebenso wie
502 1659 1558 1738 #tigkeit im Theater ist gut, aber, wie gesagt, es gehört
2582 1687 3352 1772 elementar, nicht aus dem Talente ei
1557 1710 2585 1777 mit jenen der körperlichen Erscheinungen. Wir hatten davon
497 1720 1547 1782 ein Meister dazu, sie zu handhaben, das Publicum zu
2578 1751 3366 1818 Dichters entstanden, sondern aus dessen
1552 1768 2590 1829 gestern ein lebendiges Beispiel. Die Darsteller
504 1774 1543 1850 zwingen, sich zur Methode des Dichters durchzuarbeiten,
2588 1814 3341 1886 der Lectüre, aus dem Studium der
1540 1816 2586 1875 spielten gut, gaben sich alle Mühe, recht einfach und
500 1822 1503 1899 in unserer Zeit, die noch so sehr an dem Alten -
2582 1855 3360 1932 hervorgegangen. Schnitzlers Werk macht
1557 1867 2591 1927 natürlich zu sprechen. Was geschah? Sie redeten so
504 1867 1553 1952 und manchmal fürwahr nicht Schlechten — hängt. Wir
2586 1910 3360 1976 als ob seine geistige Quelle die Garcon¬
1549 1908 2598 1990 leise, als ob sie wirklich in einem Salon von zehn
504 1923 1553 1992 ahnen, was Schnitzler wollte, dem Inhalte und der Form
2584 1958 3358 2032 begabten Dilettanten sei, der im Kreise
1550 1973 2581 2035 bis zwölf Schuh sich bewegten, und man verstand sie,
499 1976 1563 2043 nach, er wollte zeigen, daß der wilde Theoreiiker oft
2583 1995 3343 2072 jungen Freunde über Naturalismus
1558 2015 2590 2078 besonders im ersten Acte, beinahe gar nicht. Da lag
498 2023 1551 2101 zum grausamen Praktiker wird; aber so lange das
2586 2073 3343 2125 Altes und Neues, Vergangenheit und
1553 2065 2598 2121 der Unterschied zwischen Wirklichkeit und Theater. Man
499 2083 1551 2141 Theater steht, wird jener Dichter immer die Herrschaft über
2577 2116 3365 2179 Kunst, des Theaters, stundenlange Bespre
1545 2118 2587 2182 soll im Theater so einfach, natürlich und wahr spre¬
496 2126 1556 2187 eine Versammiung am stärksten ausüben, welcher dieselbe
2583 2147 3357 2236 habe; ja, wenn wir ungalant sein w#
1548 2165 2583 2236 chen „als ob man zu Hause wäre“, aber man muß
509 2171 1551 2246 zwingt, für die sich Emporringenden Sympathie und
2578 2207 3352 2273 wir sagen, daß diese Unterredungen
1557 2217 2584 2281 dies, will man verstanden werden, in dem großen
504 2225 1550 2293 gegen jen welche die bessere Regung im Menschen
2589 2261 3357 2338 dem Kaffeehause duften, wo diese Gesellsch
1551 2279 2596 2333 Hause so laut und vernehmlich thun, daß man in dem
501 2277 1554 2340 bekämpfen, Antipathie zu empfinden. Der Dichter muß
2591 2318 3348 2383 Stoß von Zeitungen aller Länder, bei
1544 2317 2586 2399 entferntesten Winkel der Galerie deutlich vernommen
497 2340 1550 2389 den Menschen im Theater in der Hand haben,
2589 2358 3350 2426 wachhaltenden Mokkas, richten und dich
1549 2363 2598 2430 wird. Was vom Sprechen gilt, gilt auch vom In¬
503 2373 1552 2459 will er ihn dahin bringen, daß er sich ihm völlig hin¬
2628 2399 3364 2478 Dargestellt wurde Schnitzlers „Mä
1549 2408 2595 2492 halte des Gesprochenen, was vom Gesprochenen gilt,
508 2421 1557 2492 gebe. Lautloser Sclave des Autors ist nur jenes
2586 2460 3346 2542 merkwürdiger Weise an drei Abend
1546 2471 2595 2540 auch von dem, was geschieht. Daran muß festgehal¬
501 2479 1554 2539 Publicum, das zuerst neugierig gemacht — die gemeine
2583 2512 3354 2590 reichender Beleuchtung einiger Petrole
1549 2522 2591 2598 ten werden, außer man spielt die kleine Komödie in
510 2532 1555 2593 Neugierde ist die stets gefällige Veranlasserin — dann
2584 2568 3358 2634 lampen spielt — ganz vortrefflich, dur
1546 2568 2595 2634 einem Salon, wo man ohne Decorationen, ohne
509 2570 1551 2639 gespannt, ergriffen und endlich, innerlich befreit, ent¬
2584 2619 3358 2682 von Jung und Alt, das heißt von all
1552 2619 2594 2680 Souffleur, ohne grelle Beleuchtung und vor einem
506 2626 1555 2714 lassen wird. Dieses Naturgesetz liegt dem Kunstgesetze
2582 2663 3359 2736 wir hier nennen. Es waren dies: Frl.
1556 2671 2598 2742 Publicum, das höchstens aus dreißig bis vierzig Men¬
507 2677 1557 2746 zu Grunde. Wir haben schon oft gesagt, daß jede
2591 2713 3354 2787 Frau Berg, Frl. Hell, Frl. Gr
1548 2717 2590 2777 schen besteht, Proverbes bringt, Sprech=Scenen, aber
502 2729 1554 2794 Wirkung im Theater ursprünglich davon abhängt, daß
2582 2761 3342 2845 Herren: Nhil Kutschera, G
1548 2757 2597 2848 kein Theaterstück, zu welchem der ganze große Apparat
502 2779 1559 2842 man den Zuschauer, ohne daß er es merkt, über die
1550 2821 2261 2900 der modernen Bühne erforderlich ist.
2591 2814 3351 2904 Weisse, Tewele, Eppens und
508 2830 1550 2907 Zeit hinwegbringt. Dies geschieht durch die Steigerung,
1590 2849 2593 2930 Dem Stücke: „Das Märchen“ erging es ganz
515 2882 1553 2942 während ein Verlaufen auf gleicher Linie abkühlt,
1541 2908 2594 2981 naturgemäß, ganz nach Verdienst. Es wurde in den
509 2929 1551 3002 gleichgültig macht, langweilt und auf abschüssige Bahnen
500 2956 2618 3049 führt. Ein Publicum, welches zu bemerken anfängt, ersten zwei Acten mit angestrengter Aufmerksamkeit
