3436 4256
1157 140 1547 237 box 7/2
261 144 1012 230 3. Das Maerchen
420 189 1024 258 Aenin    en en een den e en Aa. —
543 513 1177 598 die nächstgelegene Wachstude ge.
546 565 1940 708 wurde, Sein Zustand wird als ein fer  Föhigung sbiaupiineg
893 641 1662 738 Theaier und Kunst.
664 699 1965 774 (Deutsches Volkstheater.) Gestern ist das dramatische Jung¬
552 747 1963 825 Wien, Jüngst=Wien sogar zu Worte gekommen. Man spielte zum
541 820 1969 884 erstenmale das dreiaktige Schauspiel: „Das Märchen“ von Arthur
555 861 1963 926 Schnitzler. Es ist so viel wie ein Erstlingswerk, und mon
562 915 1970 983 staunte über die merkwürdige Bühnensicherheit, mit der es sich selbst
556 965 1972 1029 in den französischesten oder norwegischesten Situationen bewegte. Ohne
557 1013 1963 1072 Zweifel liegt darin ein starkes Talent, äußeres Leben in natür¬
550 1053 1965 1118 lichen Farben zu photographiren. Eigentlich auch inneres; in den
552 1104 1965 1159 beiden ersten Akten deutete mancher vortreffliche Zug darauf, aber
553 1159 1966 1216 schon von der Mitte des zweiten angefangen sah man, daß der Ver¬
560 1187 1981 1280 fasser wenigstens nicht ausdrücklich zum Dramatiker geboren ist. Er
549 1244 1962 1291 wußte immer weniger, wo er hinsteuerte, etwas wie Handlung wollte
553 1281 1962 1329 sich vollends gar nicht entspinnen, der dritte Akt schleppte sich als ziel¬
553 1326 1958 1392 loses Gezänk und schloß ohne Schluß. Auch der äußere Erfolg artete danach. Die
1976 1362 2039 1443 se
551 1378 1956 1470 ersten Aktschlüsse brachten freundliche Hervorrufe, der letzte versagte völlig, ja
544 1434 1968 1490 er wäre um eine gewisse komische Klippe fast nicht herumgekommen.
556 1487 1969 1554 „Das Märchen“ also! Wenig fehlt, so erführe man gar nicht, worin
544 1533 1965 1596 das Märchen besteht. Es ist das Märchen vom gesunkenen und wieder
550 1578 1948 1630 aufgerichteten Weibe. Da ist Fanny Theren, eine hochbegabte Schau¬
550 1621 1956 1695 spielerin, die auch ihren . . . Moment gehabt hat, ohne daß die Welt
545 1665 1962 1712 darüber Bestimmtes wüßte. Fedor Denner weiß auch nichts. Und wenn er#es
1962 1668 2037 1757 5
554 1711 1963 1796 schon wüßte, müßte er sie nicht doch lieben? Er ist ja der Allerentschiedenste
547 1771 1962 1813 in einer Gruppe von jungen Leuten, die bei Mutter Theren's Thee
542 1812 1957 1872 über die Wiedererhebung von Gesunkenen äußerst Dumas'sche Reden
550 1854 1952 1926 führen. „Wir wollen keine Brutalität und kein Vorurtheil,“ sagt er.
541 1910 1956 1964 „Haben wir Männer keine Vergangenheit?“ Ja, Fanny und er lieben
542 1963 1853 2019 sich leidenschaftlich. Er würde sie jedenfalls heiraten, wenn ...
1852 1961 1958 2016 Er
551 2011 1966 2072 erfährt es aber, in den beiden besten Szenen des Stückes; das verräth
544 2051 1962 2106 sich ohne viel Worte und dann muß sie ihm die ganze bittere Beichte
549 2102 1955 2164 ablegen. Wie sagte er einen Akt früher? Keine Brutalität
1945 2086 2035 2178 55
549 2124 2022 2222 und kein Vorurtheil! Nun, da die Fabel auf ihn selbst geht, kommt j.,
548 2191 2016 2260 erst das Vorurtheil und dann die Brutalität. Er bricht einen Streits#
550 2237 2013 2309 vom Zaun, den bekannten Streit Derjenigen, die vor sich selber Unrecht=#
544 2293 1957 2364 haben, und verläßt sie. „Er darf mich behandeln wie einen“ (ihr
551 2329 1949 2409 Schluchzen verwischte das Wort), sie stürzt zusammen und der Vorhang
537 2386 1965 2464 fällt. Man fragt sich: Was meint der Verfasser damit? Ist er nun¬
543 2421 1958 2487 dafür, daß Fanny erhoben werde, oder daß sie ihrem natürlichen
536 2474 2044 2559 Weitersinken überlassen bleibe? Er sprach sich anfangs für ihre R
536 2526 1953 2593 Rettung aus; nun schweigt er. Oder hatte er überhaupt keine Tendenz?
537 2571 1944 2622 Was ließe sich auch nach Dumas in dieser Richtung noch vorbringen?
1952 2582 2052 2659 51
542 2611 1950 2674 Wollte er blos ein Bild des grausamen Lebens malen: so ist es und
542 2664 1958 2740 ich kann es nicht ändern? Dem jungen Wahrheitsmaler sähe dies
539 2715 1954 2770 ähnlich. Aber das ist kein Theaterstück. Zwei Akte lang fleht Fanny#
546 2765 1950 2816 den Mann an und verspricht ihm goldene Berge der Liebe; und er weiß
542 2815 1950 2878 sich immer nicht zu helfen, aber er „quält“ sie, bis er sich endlich drückt.
547 2858 1884 2909 Im letzten Akte kämpfen diese zwei Unentschlossenheiten mit einander:
544 2893 1952 2973 Es ist eigentlich schade um die vielen talentvollen Einzelheiten. Es
535 2955 1949 3025 fehlt nicht an interessanten Wendungen der Situation und an kühnen.
533 3005 1942 3057 sogar wahren Worten, die oft eine analytische Schneidigkeit haben.
1960 2997 2100 3077 BeX
544 3045 1948 3104 Dazwischen freilich kommt viel Oftgehörtes, und eine Neigung zu Wieder¬
543 3091 1945 3157 holungen macht die Sache nicht neuer. Die Darstellung hatte Farbe
542 3150 2018 3214 und Rundung. Frl. Sandrock spielte die Fanny mit einer gedämpften jet
529 3177 1994 3245 Leidenschaftlichkeit, die ganz das Richtige traf. Herr Nhil als Fedor#
468 3243 768 3321 Satt.
483 3281 1898 3357 Denner war vortrefflich; selbst als der Charakter schon versumpft¬
480 3336 1878 3409 blieb er nicht ganz stecken. Die Herren Eppens, Weisse und
472 3406 1923 3449 Tewele möblirten den Theren'schen Salon gut, noch besser die
480 3448 1947 3506 Herren Kutschera und Giampietro als zwei gutmüthig be##
472 3471 1900 3561 schränkte Wiener Lebejünglinge, die Heiterkeit erregten. Fräulein
478 3511 1897 3601 Hell war als „anständige“ Schwester sehr sympathisch; die Damen
473 3564 1885 3640 Berg, Trenk und Gribl recht angemessen; Fräulein Bock, das
479 3611 1842 3715 Mädchen aus dem Burgtheater, wohlgeformt, aber etwas einförmig.
2071 1061 2112 1108 te
2062 1283 2126 1331 ze
2064 1322 2122 1362 en
2058 1716 2135 1873 8
2068 1856 2136 1915 eu.
2108 153 2368 243 .. Gefahr sei.
2581 200 2670 287 *
2301 269 2963 367 Vor den Coulissen.
2155 331 3013 398 Unser wiener Correspondent schreibt uns:
2154 366 3146 443 Die Sonne des Naturalismus ist im Untergange
2096 407 3148 475 begeiffen, zumindest in deutschen Landen, und ihre
2106 450 3157 529 Apöfkel senken das Haupt. Ehe der feurige Sonnenball
2097 488 3153 573 in's Meer gleitet — in diesem Falle wohl in das Meer
2098 528 3157 610 der Ewigkeit — hat er aber noch eine Beleuchtungs¬
2107 577 3148 658 Probe vorzunehmen: Das Werk eines wiener Schrift¬
2115 617 3150 685 stellers, Arthur Schnitzler's, das dreiactige Schau¬
2114 656 3165 722 spiel „Das Märchen“ ist es, welches nach dem
2117 703 3162 764 Sonnenlicht des Naturalismus dürstet. Der Doctor
2117 748 3161 806 Faust muß es Herrn Schnitzler angethan haben. Gleich
2120 784 3164 858 diesem hat er eine Menge studirt, hat den Doctorhut
2127 814 3173 889 erworben und durch geraume Zeit statt wie jetzt den
2127 855 3169 935 Pulsschlag der Zeit, den Pulsschlag der Kranken
2123 898 3171 971 geprüft und, wieder gleich Fansten, der Menschheit
2123 947 3172 1011 Weh erfaßt, worauf ihn vice versa der Menschheit
2112 977 3172 1057 ganzer Jammer anfaßte. Ging darauf hin und beschloß,
2123 1033 3172 1096 die Welt zu reformiren, vor allem aber die Schäden
2123 1057 3173 1137 der derzeitigen gesellschaftlichen Zustände bloszulegen.
2135 1104 3166 1176 An Geist und Temperament fehlt es dem Himmels¬
2130 1141 3167 1228 stürmer nicht: freilich ist der Pegasus des Naturalismus
2134 1180 3176 1271 ein ungesatteltes Pferd, der eher den Reiter abwirft
2126 1217 3178 1291 als sonst etwas. Die keck zugreifende Art, wie sie auch
2140 1270 3181 1342 Schnitzler zu eigen ist, gefällt uns gerade gut, sie fordert
2123 1313 3181 1384 immerhin Beachtung. Sehen wir uns nur einmal an,
2129 1355 3189 1432 welcher Sache der begabte Sittenrichter und drama¬
2133 1403 2811 1489 tische Scelenarzt seine Kraft weiht.
2188 1423 3184 1513 Das Märchen“ ist eine Art unendlicher Melodie
2138 1471 3184 1548 der moralischen Entrüstung. Schnitzler ist so entrüstet,
2136 1509 3182 1597 daß wir nicht anders können, als auch unsererseits tief
2145 1552 3180 1638 entrüstet zu sein, nur mit dem Unterschiede, daß wir es
2144 1611 3195 1679 nicht über die Sache sind, die der Dichter führt, sondern
2145 1656 2563 1719 nur über diesen selbst.
2190 1680 3193 1745 Hören Sie und entrüsten Sie sich! Der junge
2143 1720 3186 1801 Dichter verficht die Auschauung, daß man mit einem
2149 1761 3197 1843 jungen Mädchen, welches in der Aufwallung einer ersten
2147 1799 3199 1876 Liebe einen Fehltritt begangen hat, darob ebensowenig
2160 1845 3201 1917 strenge in's Gericht gehen dürfe, wie mit einem jungen
2157 1887 3190 1955 Manne. Gleiches Lieberecht für Alle verlangt der
2150 1919 3200 1991 neneste Vertheidiger der Gefallenen, die er aber als
2156 1966 3194 2030 solche nicht gelten lassen wist. Der Held seines Stückes,
2146 2007 3198 2061 der Schriftsteller Fedor Demmer, hält eine wahre
2159 2051 3192 2106 Brandrede gegen das „Märchen von dan Ge¬
2169 2078 3197 2154 fallenen". Unter seinen Inhörringen benädet sich
2169 2130 3250 2186 auch Fanny Theren, eine kleine Schauspielerin, von der Gre
2160 2157 3204 2234 kurz zuvor aus dem Munde einiger redseliger Typen
2159 2214 3194 2278 jener jungen Herrenwelt, in der man sich nicht lang¬
2157 2236 3203 2324 weilt, erfahren, daß sie bereits gestrauchelt sei. Sie ist
2111 2279 2156 2332 rg
2167 2276 3194 2348 aber entschieden besserungsfähig und bereut auscheinend
2080 2323 3200 2414 tentief, daß sie ihren Verstand mit dem Herzen hat durch¬
2167 2356 3202 2435 gehen lassen. Die Worte Fedor's sind ihr Labsal,
2161 2399 3202 2471 umsomehr als sie ihn liebt, von ihm wiedergeliebt
2167 2451 3202 2537 wird und nun hoffen darf, daß sie ihr Lebensgluck an
2118 2501 2155 2544 in
2389 2490 2977 2566 (Fortsetzung in der 1. Beilage.)
2089 2533 2164 2591 95
2817 2524 3045 2608 e
2360 2587 3043 2662 (Fortsetzung aus dem Hauptblatt.)
2176 2610 3330 2687 seiner Seite finden werde. Fedor ist aber nur eins entgeg
3220 2674 3340 2731 einer
2178 2675 3205 2723 Maulheld. Sowie er erfährt, daß auch Fanny
3208 2717 3330 2766 war.
2178 2717 3209 2782 Auspruch darauf zu erheben vermag, in das
2176 2740 3339 2806 Märchenland der Gefallenen versetzt zu werden, [Löw
2176 2799 3326 2847 wird sein Glaube an seine eigene Thefe stark als P
3208 2837 3335 2889 im L##
2177 2832 3206 2898 erschüttert. Er vermag es anfangs nicht zu glauben
3064 2881 3332 2940 Fanny kauer
2172 2882 2957 2946 und greift zu dem nicht heroischen Mittel
3209 2923 3339 2978 backen
2174 2920 3212 2974 selbst zu befragen. Sie legt ihre Beichte ab. Aus
3210 2963 3329 3014 der sä
2162 2961 3212 3013 dieser erfährt Fedor, daß auch der Mann, der ihm als
3211 3004 3331 3058 Darst
2167 3001 3213 3054 der vordem Begünstigte Fanny's bezeichnet worden ist,
3209 3046 3328 3116 sonst
2172 3042 3145 3095 nicht der Erste war, dem sie ihr Herz geschenkt. ..
2177 3085 3204 3132 Nummer Eins war die Verirrung der Siebzehnjährigen.
3211 3109 3320 3180 und
2170 3131 3204 3172 Und als sie ihm diese peinlichen Geständnisse gemacht
3218 3166 3338 3233 Häuse
2163 3173 3198 3247 hat, gemacht, trotzdem er ihr vorher die rohen Worte
3203 3212 3322 3256 das
2162 3215 2401 3285 zugerufen:
3207 3246 3327 3298 Vita“
2292 3244 3200 3301 .. Ich habe keine Lust, einen neuen Irrthum in
2163 3284 3203 3326 Ihrem Leben zu bedeuten, und es giebt keinen Beweis da¬
3211 3289 3338 3346 Leistu
2159 3325 3199 3392 für, daß es nicht wieder ein Irrthum wäre .. . Ich weiß
3215 3335 3342 3391 Werk
2155 3364 2670 3420 nicht genau, der wievielte ..
3205 3376 3333 3429 „Cari
2213 3390 3203 3456 - macht Fedor seinerseits Fanny eine glühende Liebes¬
3205 3418 3335 3471 rausch
2164 3450 3191 3496 erklärung und beschwört sie, ihm zu sagen, daß sie ihn
3204 3458 3330 3513 Perso
2162 3485 3208 3537 liebe. Damit schließt der zweite Act, welcher in Fedor's
3203 3500 3341 3548 beiden
2161 3526 3201 3571 Wohnung spielt. Im letzten Acte ist Fanny mit einem
3200 3535 3323 3595 italie
2160 3567 3192 3619 Male durch die erfolgreich gespielte Rolle — natürlich
3204 3582 3336 3637 Sonst
2164 3607 2481 3660 eine „Gefallene“
2563 3605 3192 3668 zu Namen gelangt. Doch nagt
3205 3622 3325 3676 nicht
2165 3650 3185 3698 etwas au ihrem Herzen. Fedor hat sich von ihr ab¬
3209 3665 3319 3714 von C
2157 3694 3194 3751 gewendet. Seine Anschauungen haben also anscheinend
3204 3701 3327 3755 Leistn
2159 3735 3192 3790 den britien Häulungsproceß durchgemacht. Unsere Er¬
3206 3746 3328 3796 Wacl
2165 3769 3229 3832 wartungen haben uns nicht getäuscht; Fedor behandelt
3267 3789 3322 3834 iul
2165 3810 3190 3864 seine Geliebte mit gransamer Kälte, mit einer so
3204 3825 3294 3882 sang
2154 3855 3185 3902 bodenlosen Verachtung, daß in Wirklichkeit jede Cour¬
3201 3869 3328 3920 Rolle
2153 3895 3187 3957 tisane einem derartigen Patron energisch die Thür weisen
3197 3909 3337 3964 Geleg#
2157 3932 3186 3982 würde. Fanny aber zuckt nicht allein nicht mit der
3191 3952 3320 4008 Nachtl
2152 3973 3183 4047 Wimper, sondern benimmt sich, wie folgende Dialog¬
3191 3993 3334 4051 gezeich
2148 4013 2398 4074 stelle zeigt:
3200 4035 3333 4098 wachse
2217 4034 3182 4105 Fedor. Deine Rolle! Es muß sehr wohl thun, wenn
3192 4073 3323 4127 tischen
2151 4087 3183 4149 man so seine eigenen Erlebnisse zu künstlerischen Zwecken
3198 4115 3332 4168 mit D
2152 4134 2452 4169 ausnutzen kann
