3484 4256
416 62 1434 126 Mädchen aufwirft und schließlich, als es gilt, seine
422 107 1433 157 modernen Theorien in die Praxis umzusetzen, seine
413 154 1433 206 zweimal gefallene Geliebte verläß. Nach siegreicher
419 201 1422 251 Ueberwindung der Gewissensbisse, nit denen er drei
416 236 1422 312 Akte lang sich, seine Geliebte und das Publikum ab¬
416 290 1424 363 gequält hat, zieht er von dannen wie ein Henker,
412 341 1428 398 der einen Unschuldigen um einer That willen köpft,
389 373 1430 457 die er selbst begangen hat, und der nach einigen
398 436 1430 507 unruhigen Stunden der Ueberlegung schließlich ruhig
409 470 1437 551 schlafen geht, indem er sich sagt, die gesellschaftliche
409 518 1430 593 Moral, die er doch selbst ein „Märchen“ nennt,
407 576 1423 642 hätte ihn beauftragt, an dem armen Sünder das
412 628 1418 694 Urtheil zu vollstrecken. Offen gestanden ist das so
409 680 1431 721 elend, so feig, so unwahr, daß Einen vor einem
403 730 1420 783 solchen Helden ekelt. Wenn man solche Thesen drama¬
411 774 1422 819 tisch behandelt, um Wandel in der konventionellen
318 762 397 835 hen
306 809 1425 884 um Moral zu schaffen oder um unbegründete Vorurtheile
312 871 1403 917 be-zu beseitigen, dann gilt es so oder so, entweder —
316 902 1423 982 henoder! Entweder hat die gefallene Schauspielerin durch
400 955 1415 1018 ihre Liebe zu Fedor Denner wirklich die verlorene
312 988 406 1040 ente
403 1008 1422 1073 Tugeno und Keuschheit wieder erlangt, und sie steht
310 1022 412 1082 iten
303 1044 1411 1119 gen rein und verehrungswürdig, wenn schon nicht vor der
403 1104 1415 1169 Gesellschaft, so doch vor Dem da, der sie aus Liebe
305 1143 1422 1209 srä- heirathen und retten will. Fedor Denner will seine
306 1182 389 1231 ur¬
392 1192 1402 1265 Geliebte zwar heiraten, klagt sie aber zugleich al¬
403 1245 1411 1314 Anwalt der öffentlichen Moral an. O, Schnitzlc,
305 1304 390 1344 den
408 1293 1425 1355 welch' ein Schnitzer! Fedor Deuner hatte kein
399 1346 1416 1399 Recht, das zu verlangen, was die öffentliche koral,
306 1376 386 1442 ber¬
389 1374 1417 1439 die er doch verwirft, verlangt. Er mußte ungesichts
307 1434 1424 1501 Rio der Qualen, die er seiner armen Geliebten bereitet,
304 1489 397 1545 an“
394 1476 1415 1555 den stummen Auftrag, den ihm die übliche Moral
299 1529 377 1576 kel
399 1545 1408 1598 gegeben, von sich werfen und sein Henkeramt zu ver¬
296 1563 390 1623 trotz
393 1584 1413 1634 walten sich weigern! That er das aber nicht, so war
295 1605 391 1653 iden
399 1629 1415 1700 er noch elender als Jene, die er verläßt, oder aber
306 1648 386 1693 das
297 1688 1414 1744 eiche ein erbärmlicher Dummkopf, der sich, um besser wie
384 1706 1408 1789 seine Mitwelt zu erscheinen, mit der Gloriole eines
301 1764 378 1813 der
401 1776 1413 1843 Tugendretters umgibt, und der Dramatiker hatte ihn
299 1803 377 1851 ral¬
391 1814 1413 1890 als solchen zu kennzeichnen. Oder aber: die öffentliche
287 1843 374 1894 Be¬
388 1863 1414 1935 Moral hatte Recht, dann durfte der empörte Lieb¬
296 1911 387 1972 eim
385 1921 1411 1984 haber die gefallene Schauspielerin ohne sonderliche
384 1955 1395 2045 Gewissensbisse verlassen und ihrem Schicksale preis¬
297 1986 375 2049 der
386 2023 1405 2083 geben. Schnitzler that aber weder das Eine noch das
390 2065 1403 2132 Andere. Er drückt beiden feindlichen Gewalten ver¬
283 2080 386 2137 owsk
276 2105 1401 2184 isen stohlen und lügnerisch die Hand, erkühnt sich aber
278 2167 381 2210 tur.
383 2168 1415 2229 trotzdem, sich den Anschein zu geben, als hätte er
280 2202 1333 2277 volle  weiß Gott was im Dienste der Wahrheit
278 2241 382 2294 racht
394 2255 1405 2322 leistet. Die Figuren, die Schnitzler auf die Bühne
272 2275 368 2329 hres¬
394 2304 1405 2370 stellte, sollen dem Wiener Leben entnommen
267 2318 377 2372 le in
389 2353 1397 2428 sein. Sie sind aber nichts Anderes als Produkte
270 2400 383 2453 ltene
384 2404 1411 2474 eines verbrannten Hirns und entstammen der
271 2444 383 2496 Beise
395 2457 1402 2521 wüsten, zermarterten Phantasie eines im Grunde phan¬
272 2486 382 2539 Igio¬
395 2499 1399 2566 tasielosen Mannes, der zu dem Ruhme, der Sohn
395 2543 1394 2620 eines „berühmten“ Arztes zu sein, um jeden Preis
274 2559 367 2619 ffent¬
384 2591 1406 2652 noch den Ruhm eines modernen Dichters ergattern
307 2605 377 2657 zu
383 2647 1404 2712 wollte. — Die Darstellung war, wie immer, wenn
362 2677 1401 2769 1es sich im Volkstheater um die Aufführung eines
391 2738 1406 2812 schlechten Stückes handelt, eine guse. Hervorgehoben
265 2782 381 2838 echsel
387 2781 1395 2859 seien Frl. Sandrock, die mit bemerkenswerther
271 2826 382 2876 chsel
377 2828 1390 2887 Mäßigung spielte, Frl. Bock, die sich im Volkstheater
284 2866 365 2918 chsel
383 2889 1386 2949 recht gut einführte. Frl. Hell und Frau Berg,
358 2932 1388 2986 sowie die Herren Nhil, Kutschera und Giam¬
373 2963 1385 3037 Ipietr o. Die beiden Letztgenannten spielten mit dis¬
371 3011 1390 3102 kretem Humor ein Paar Gigerl. Nach der Aufführung
376 3073 1392 3143 waren die Berufskollegen Schnitzler's in der An¬
369 3128 1389 3190 sicht einig, daß Dr. Schnitzler als Dichter weit besser
382 3170 1386 3247 sei, denn als Arzt. Die literarische Welt hingegen
371 3228 1384 3295 war der Meinung, daß er zwar ein guter Arzt sein
357 3272 1388 3344 mag, aber nie und nimmer ein Dichter sei. Wir
371 3316 1382 3393 wollen uns über die Streitfrage nicht den Kopf zer¬
369 3354 1405 3434 brechen, denn es ist ja möglich, daß beide Theile Recht
366 3406 529 3469 haben.
1146 3417 1357 3514 Th. 4.
2657 96 2985 189 bos 7/2
2121 100 2507 179 Maerchen
1767 98 2037 203 3. Da
1933 154 2372 226 Aren en ad e ee aen e  a
1911 1005 2075 1069 —
1892 1059 3311 1145 en mit allerlei derben Humoren gewürzten Lobsprüch] Beachtung si
1890 1105 3334 1175 if die Jesuiten zum Besten gegeben, so wäre die ganze) Initiativ=An
1873 1156 3337 1236 debatte inhaltlos wie ein gerichtliches Liquidations=1 stehen die Uev
2242 1287 2611 1402 Feuilleton.
3036 1323 3127 1390 Par
3285 1329 3339 1408 rt
3028 1379 3096 1430 P
3044 1427 3111 1480 O
3278 1404 3322 1482 z
2163 1412 2713 1508 Deutsches Volkstheater.
3044 1473 3218 1529 in Sac
3254 1478 3307 1533 n
1944 1491 3017 1564 Einer von unserem richtigen modernen „Junig¬
3026 1516 3328 1587 handeln, qui
1852 1531 3016 1622 Wien“ Herr Arthur Schnitzler, ist gestern auf
3035 1565 3348 1637 gibt eine pika
1840 1577 3019 1660 dem Platze erschienen und, wie ich beinahe fürchten
3037 1611 3325 1677 finden, und
1838 1652 3017 1716 muß, auch auf dem Platze geblieben. Es will in Wien
3025 1656 3343 1721 zeitweilig auch
1849 1698 3018 1759 nichts Rechtes werden mit der übermodernen Schule,
3036 1704 3337 1771 ständigkeit de
1840 1733 3018 1802 die mit ihren Raisonnements ins Blaue hineinsegelt,
3027 1752 3346 1817 weil manchm
1849 1783 3011 1855 dorthin, wo kein Hauch mehr weht und wo der Mark¬
3032 1798 3342 1863 wirklich geis
1840 1837 3010 1907 stein der Schöpfung steht. In der Gesellschaft unserer
3034 1847 3344 1909 Jemand ein pi
1840 1878 3022 1937 liebenswürdigen Wienerinnen, bei Backhendeln und
3023 1889 3334 1955 Blas“ einen
1836 1931 3018 1985 Heurigen, kommt der blasirte Pessimismus nicht auf,
3026 1942 3345 2013 mit der Anda
1844 1972 3022 2038 der sich in unseren Tagen von den Gegenden des
3029 1987 3349 2049 bringt, geleseng
1847 2030 3018 2093 steifen Grogs bis hinab zur Heimat des Falemer
3029 2032 3346 2095 der Hauptsach
1835 2065 2829 2122 ausgebreitet und interessant gemacht hat.
2857 2076 3019 2136 Selbst
3027 2077 3340 2141 es handelt sich
1833 2126 3017 2186 mein verehrter College Hermann Bahr zeigt Ansätze zu
3023 2124 3334 2198 In Frage steh
1840 2174 3022 2229 einer lebensfrohen Behaglichkeit, und Herr Dr. Arthur
3026 2175 3317 2242 Details und
1836 2207 3021 2274 Schnitzler scheint nicht der Mann zu sein, uns die
3021 2220 3334 2283 liederlichen L#
1829 2261 3015 2328 moralischen Indigestionen der lin de sieele-Stimmung
3017 2267 3335 2329 „kleinen Abent
1832 2305 3009 2366 glaubhaft zu machen. Der Pessimismus unserer Wiener
3027 2312 3331 2377 spiel „Das
1833 2346 3013 2412 „Modernen“ geht den peinlichen Erörterungen über erb¬
3019 2358 3327 2423 Versuch, eine
1826 2390 3012 2464 liche Belastung aus dem Wege. Die tragischen Consticte
3025 2409 3347 2472 zu dramatisiren
1833 2450 3007 2509 zwischen Gläubigkeit und materialistischer Philosophie,
3021 2454 3336 2515 sich pünktlich
1839 2496 3016 2561 die socialen Probleme stören nicht das Behagen unserer
3013 2501 3342 2587 gar so verzwei
1843 2539 3009 2619 heimatlichen Zeitgenossen Ibsen's und Gerhart Haupt¬
3104 2549 3336 2610 Die Norn
1835 2587 3010 2652 mann's. Bahr und Schnitzler sind es zufrieden, wenn
3015 2589 3343 2655 mentale Cocot
1836 2631 3009 2706 schöne Frauen ihre Stylübungen mit wohligem Grauen
3018 2640 3344 2702 hafte Schweste
1831 2667 3006 2746 lesen, wenn in den Premieren diese Frauen ein¬
3023 2689 3349 2746 sentimentalischeg
1828 2726 3006 2791 ander zuflüstern, „der schlanke Braune mit der schütteren
3013 2731 3304 2798 und endlich
1838 2772 3004 2844 Stirnlocke, das ist der Bahr, und der blasse, unterietzte
3022 2782 3336 2843 „Sappho“. bi
1832 2825 2997 2882 Blonde mit dem tiefgekämmten Scheitel, das ist der
3017 2825 3334 2890 kein Buch aus
1826 2869 3004 2924 Schnitzler, zwei Menschen, vor denen man sich fürchten
3010 2873 3334 2937 welchem diese
1834 2920 2914 2991 müßte, wenn sie nicht gar so interessant wären“.
3018 2922 3351 2986 zur Verwendun
1828 2949 3003 3015 Wer wollte diese schönen Erfolge zwei strebsamen
3012 2967 3348 3033 sehr gut gemis
1829 3009 2998 3065 jungen Leuten nicht gönnen? — Ich habe über Schnitz¬
3005 3014 3346 3075 humor bis zur
1838 3057 3000 3124 ler's Dialog=Novellen „Anatol“ bisher achtungsvoll
3005 3062 3335 3122 anklingen lasse
1831 3107 3002 3172 geschwiegen, um das Concert aufmunternder Kritcken,
3016 3109 3335 3171 Handlung von.
1826 3155 2993 3213 das dem Erscheinen dieses Werkes folgte, nicht un¬
3017 3140 3340 3217 gestellt sind. 2
1836 3198 2992 3253 nöthig zu stören. Leider ist das gestern aufgeführte
3001 3200 3344 3262 und jeder Spic
1826 3244 3002 3313 Schauspiel desselben Autors: „Das Märchen“, nichts
3002 3243 3344 3310 leicht herausbe
1830 3277 2992 3350 Anderes als eine „Anatol“=Geschichte in drei Acten,
3012 3294 3336 3356 und Schachspie
1832 3338 3338 3392 und so erübrigt nichts, als doch endlich mit einigen sprünge machen
1829 3380 2795 3453 Worten diese Literatur=Species zu beleuchten.
3004 3391 3318 3475 Darin hat es
