3484 4352
511 120 1105 195 eennen
1692 165 3354 235 und geirrt habe, spiter nicht miehr Liche zu glauden und und Ingend.
484 177 1697 255 nirgends vollzieht sich dieser Wechsel der Generationen ohne
2900 220 3365 285 spielt, will hoch hinaus
1701 225 2886 277 jeden Weg zu versperren. Damit erst erniedrige man ein
488 232 1691 296 Kampf und Krampf, überall erscheinen Umsturz und Erschüt¬
2891 269 3360 329 mit Ersparnissen und
1689 271 2898 335 solches Weib, mache ihm die Rückkehr unmöglich und stoße es
485 265 1694 346 terung gepaart, und damit die Saat tief eindringe, muß erst
2898 316 3363 382 dinand aber macht sich
1705 318 2899 378 tiefer und tiefer. Es sei an der Zeit, das Märchen von den
486 329 1635 407 das scharfe Eisen des Pflugs die Erdschollen zerschneiden.
2896 360 3379 433 durchkreuzt sie vielmehr
1695 361 2898 430 Gefallenen endlich einmal aus der Welt zu schaffen und diesen
574 367 1699 436 Ein Däne, ein Wiener und eine Rheinländerin haben
2895 417 3372 478 mädel folgenreiche Bez
1698 409 2898 468 Mädchen die nagende Reue von der Seele zu nehmen, die
479 421 1700 487 von diesem ungeheuren Tragödien= und Komödienstoff kleine
2896 464 3373 523 Mutter erfährt, über
1699 465 2893 534 ihnen nichts nütze, andern nichts nütze und sie nur elend
494 479 1697 533 Bröckelchen abgesplittert und mit Künstlerhand zu formen
2907 515 3367 584 andern Bezirk und Fe
1694 511 2892 574 mache. Als Denner fortgeht, küßt ihm die Schauspielerin,
489 518 1698 588 versucht: Gustav Esmann in seinem dreiaktigen Lustspiel
2896 551 3382 624 mit der Bauerndirne z#
1697 564 2900 621 der er sich noch nicht erklärt hatte, die Hand. Jetzt weiß er,
492 572 1699 630 „Das alte Heim“ (Wiener Première am 25. September im
2906 614 3380 674 den kleinen Greisler=
1702 614 2905 683 daß er die Probe auf seine eigene Theorie zu bestehen haben
484 619 1691 698 Raimundtheater), Artur Schpitzler in seinem Schau¬
2907 664 3372 726 ruht nicht, bis sie den
1705 664 2902 718 wird. Und er besteht sie nicht. Er quält das Mädchen, das
490 671 1693 739 spiel in drei Aufzügen „Das Märchen“ (Wiener Premiere
2902 694 3374 766 daß sie dem Waschlap
1701 715 2892 772 ihm alles sagt und alles gibt, er mißtraut, er martert sie
487 725 1699 790 der neuen Bearbeitung am 27. September im Bürgertheater)
2904 764 3364 820 mit sich selbst anbieten
1699 764 2899 824 und sich, ganz nach den Regeln der alten Schule, bis sie ihm
490 768 1699 830 und Klara Viebig in ihrem Dramenzyklus „Der Kampf
2910 811 3381 872 Sie rührt durch ihre
1702 814 2899 866 endlich nach zwei von gegenseitiger Zerfleischung erfüllten
486 813 1698 900 um den Mann“ (Wiener Première am 24. September im
2904 849 3385 915 daß hier ausnahmswe
1692 858 2898 934 Akten zuruft: „Es ist genug, Fedor! Geh! Wenn du zu eitel
474 864 865 948 Lustspieltheater).
2901 902 3378 974 wohl auch in diesem F
1708 902 2905 974 bist, um mit meiner Liebe glücklich zu sein, zu feig, um an
585 894 1689 985 Am zartesten faßt Esmann das Problem, wie ja Däne¬
2901 950 3372 1030 schen alt und jung fri
1694 945 2897 1014 mich zu glauben. Wenn du mich verachtest, an den ich mich
481 949 1696 1033 marks Dichtung überhaupt, soweit sie uns Deutschen nahege¬
2980 1007 3383 1079 Für Frau Niesel
1696 1008 2899 1068 klammern wollte, du mich in die Tiefe stößt, der dastand
490 1018 1693 1089 kommen ist, mattfarbig und blaß erscheint, milder Glanz und
2913 1050 3387 1113 erworben und die Kür
1701 1058 2908 1124 und ausrief: Nehmt die Reue von ihnen!, dann nimm alle
495 1067 1698 1125 stilles Leuchten. Jens Peter Jakobsen, Nansen, Larsen. Oder
2902 1103 3383 1166 Vertrauens würdig.
1709 1112 2906 1172 Schuld auf dich, was immer aus mir werden mag. Ich bin
485 1113 1703 1169 Wied und Lange. Esman, der schon ein paar Jahre tot ist, hat
2912 1145 3384 1217 ersten, als tschechisch
1698 1155 2901 1212 es müde, um deine Gnade zu flehen wie eine Sünderin und
486 1165 1698 1243 in einer Übergangszeit gelebt und war selber ein „Übergäng¬
2904 1206 3384 1270 bitschka im zweiten un
1706 1201 2915 1275 vor einem auf den Knien zu liegen, der um nichts besser ist
488 1220 1691 1278 ling“. Das Neue in der Kunst drang aus Deutschland, Frank¬
2923 1255 3388 1322 vergeßliche Charakterb#
1697 1258 2918 1340 als ich.“ Nach diesen Worten unterschreibt sie einen Kontrakt.
492 1264 1702 1344 reich und Rußland mit Macht herein ins kleine Dänemark,
1705 1314 2912 1364 der sie von Wien weg nach Pelersburg entführt und Denner
2994 1296 3385 1393 Wien, Anfang 4
483 1315 1699 1386 vom Typus Brandes gelehrt und gefördert. Esmann stand
1707 1355 1915 1433 eilt fort.
480 1359 1699 1430 zwischen einer schwindenden und einer kommenden Zeit. Sein
1786 1395 2915 1467 Vor fünfzehn Jahren im Volkstheater abgelehnt und
486 1408 1711 1469 Intellekt ging mit dem Neuen, wo sein Herz am Alten hing.
1707 1439 2917 1523 jetzt im Bürgertheater freundlich aufgenommen, wurde das
489 1461 1693 1529 Diesen eigenen inneren Konflikt hat er nach außen hin in dra¬
1708 1503 2923 1563 Schauspiel von der Kritik im großen und ganzen ziemlich
497 1517 1700 1582 matische Kunstwerke projiziert, und so entstand „Vater und
1707 1542 2928 1632 unliebenswürdig als Thesenstück behandelt. Die Sache ist
489 1553 1704 1629 Sohn“ so entstand „Das alte Heim" Er nahm sich die zwei
1705 1596 2914 1666 aber gar nicht so schlimm. Die These wirkt nur aufdring¬
485 1609 1709 1679 streitenden Seelen aus der Brust und gab die eine der alten
1703 1654 2924 1726 licher als in späteren Arbeiten Schnitzlers, weil es der Autor
486 1665 1704 1727 Tante Urania Rabe, der Wahrerin aller ehrwürdigen Tradi¬
1706 1695 2919 1770 zu jener Zeit noch nicht so gut verstanden hat, seine Gedanken
488 1709 1701 1791 tionen auf Rabesholm, die andere aber erhielt das junge,
1701 1746 2916 1821 in künstlerische Formen umzusetzen, wie er das heute versteht.
480 1756 1707 1823 umsturzlustige Fräulein Asta Vogel, Architekt. Viele Ge¬
1700 1800 2922 1857 Manches hat übrigens die neue Bearbeitung, die erst 1902
494 1803 1707 1875 nerationen hindurch war Rabesholm der reichste und vor¬
1710 1846 2920 1909 bei S. Fischer erschienen und im Bürgertheater benutzt
485 1861 1703 1922 nehmste Edelsitz in der Nachbarschaft von Kopenhagen. Rabes¬
1701 1898 2925 1974 wurde, gebessert. Ganz aus einem Guß ist das Schauspiel
495 1902 1696 1963 holm hatte die feinsten Möbel, die ältesten Linden, die schön¬
1706 1952 2930 2016 freilich auf diese Art nicht geworden. Die Darstellung war
481 1953 1712 2030 sten ersten Erdbeeren und die weißesten Tauben. Aber die Zeit
1712 1997 2931 2063 zum Teil recht gut; besonders ein Fräulein Weede als
498 2007 1708 2076 ändert sich, und am bittersten bekommt dies der Konservative
1706 2044 2924 2121 Fonny kam dem Dichter mit einfacher, zu Herzen gehender
499 2054 1703 2132 zu spüren. Tante Urania war immer gegen jede Neuerung;
1707 2094 2187 2170 Natürlichkeit zu Hilfe.
500 2107 1710 2171 so muß sie es mitansehen, wie der Ertrag des Gutes, das
1788 2119 2925 2212 Besonders heftig und erbarmungslos gestaltek sich der
490 2152 1711 2218 unrationell und unmodern bewirtschaftet wird, von Jahr zu
1708 2186 2933 2258 Kampf zwischen alt und jung, wenn Frauen verschiedenen
494 2206 1706 2277 Jahr zurückgeht, wie die weißen Tauben aussterben, weil sie
1713 2243 2931 2306 Alters um einen und denselben Mann kämpfen. Dies ist der
497 2241 1700 2329 nicht gekreuzt werden, und wie die Erdbeeren schlechter und
1718 2290 2930 2362 Stoff zweier Einakter aus dem vierteiligen Dramenzyklus
486 2292 1712 2373 später kommen, weil die Beete nicht berührt und aufgefrischt
1719 2337 2937 2412 „Der Kampf um den Mann“ von Klara Viebig. Die Ko¬
487 2348 1714 2413 werden dürfen. Näher und näher rückt die Stadt mit ihren
1715 2397 2933 2463 mödie „Fräulein Freschbolzen“ ist in Wien nicht
486 2402 1711 2471 Fangarmen, Straßen, Kanälen und Fabrikschornsteinen. Das
1716 2447 2934 2506 gespielt worden, wohl deshalb, weil eine Aufführung aller
489 2453 1714 2504 Gut steht vor dem Bankerott, das ganze Besitztum wird ver¬
1708 2496 2926 2557 vier Dramen die übliche Ausdehnung eines Theaterabends
491 2502 1707 2561 kauft werden müssen. Tante Urania würde das nicht über¬
1711 2545 2926 2614 überschritte und auch weil ihr Inhalt spezifisch berlinisch ist.
493 2551 1703 2624 leben. Da kommt Hilfe aus dem feindlichen Lager, von der
1723 2594 2933 2657 „Fräulein Freschbolzen“ ist die ältliche Inhaberin eines
500 2591 1716 2662 verhaßten, freigesinnten Jugend. Ein Neffe, der junge Juris¬
1708 2639 2930 2706 Schneiderateliers; Herr Versicherungsagent Gustav Kundke
499 2646 1718 2725 doktor Erik Rabe, hat sich ganz gegen Wunsch und Willen des
1721 2690 2931 2754 läßt sich von ihr aushalten und verputzt ihr sauer verdientes
494 2694 1712 2758 tantlichen Familienhauptes nicht mit seiner Cousine Emmy
1712 2733 2934 2802 Geld mit ihren Nähmamsells, bis er durch Unterschlagung
492 2751 1717 2812 Rabe, sondern mit einer fürchterlich modernen jungen Dame
1710 2779 2937 2865 von einkassierten 450 Mark und durch einen Ballbesuch mit
492 2797 1716 2879 aus der Stadt, einem Fräulein Architekt, verlobt. Verzweifelt
1718 2833 2933 2900 dem Nähmädchen Meyer die Sache zum Klappen bringt. Das
497 2851 1715 2918 kämpft Tante Rabe um ihre Oberhoheit auf dem Familien=,
1713 2886 2928 2962 Drama „Die Bäuerin“, führt uns auf den Mitte=Lange¬
492 2898 1711 2957 wie auf dem Wirtschaftsgebiete. Vergebens. Sie unterliegt,
1718 2935 2927 3002 Hof, den reichsten im Dorf. Die alternde Mitte=Lange¬
497 2950 1716 3004 der Verkauf und die Parzellierung von Rabesholm wird be¬
1726 2979 2938 3051 Bäuerin hat sich den um fünfzehn Jahre jüngeren Knecht
506 2993 1716 3079 schlossen. Wie herb und grausam ließe wohl das Leben diese
1722 3032 2926 3102 Reinhold May für ihr vieles Geld als Mann gekauft. Nun
507 3054 1716 3111 Geschichte enden! Esmann wollte aber ein Lustspiel schreiben.
1715 3090 2925 3141 ist der junge Mann todkrank geworden und im Fieber
507 3094 1717 3161 Darum beglückt er das Fräulein Architekt mit einem großen
1715 3131 2927 3213 schwätzt er aus, daß er sein Weib mit der jungen schönen
500 3143 1719 3212 Vermögen und läßt sie mit ihrem Schatze erst am Schlusse
1724 3189 2933 3249 Pioschek=Cilla betrogen hat. Da kniet die Bäuerin nieder vor
507 3197 1720 3262 des letzten Aktes herausrücken. So geht Rabesholm nicht an
1728 3241 2931 3310 dem Muttergottesbild: „Laß ihn sterben, Maria! Laß ihn
499 3245 1720 3314 Fremde über, Tante Urania behält das alte Heim mit den
1718 3289 2939 3360 sterben! Ich gelob’ der auch so viel als de willst: Altarkerzen,
508 3293 1718 3377 feinen Möbeln, der Linde und den späten Erdbeeren; die
1723 3344 2932 3405 Blumensträuß', ’ne neue Kron — sie is arm, sie kann der
503 3344 1716 3405 Wiesen und Acker aber wird Fräulein Architekt mit vielen
1724 3392 2933 3452 nischte geben, de Cille, aber ich, ich bin de Reichste im Dorf,
507 3395 1709 3469 Häuschen für sich und für Fremde bebauen, in dem neuen
1719 3438 2937 3505 ich, de Mitte=Lange=Bäuerin, ich! Hör' uf mich. Mein is er.
518 3451 1637 3514 Stil, den sie (hoffentlich bei Otto Wagner) gelernt hat.
1729 3497 2926 3549 Ich tu's fühlen, se will'n mer nehmen — die Hübsche, die
594 3468 1720 3559 Auch in seiner ganzen Technik pendelt Esmann zwischen
1721 3540 2936 3605 Junge, wie se lachen tut! — Sie wird ihn mer nehmen —
512 3545 1719 3621 zwei Zeiten, jede Grellheit ist vermieden, die Ausführung ist
1720 3573 2930 3652 ich weiß, ich tu's fühlen, ich tu mer nich irren, ja aber se
515 3591 1712 3665 stellenweise eher novellistisch als dramatisch und nur bei einer
1719 3632 2935 3697 solk ihn nich kriegen! Drum laß ihn sterben, laß ihn glei
507 3639 1719 3713 so diskreten, so gut abgestimmten Darstellung, wie sie das
1723 3683 2939 3749 sterben! Maria hilf! Gegrüßet seist du, Maria, voll der
508 3685 1720 3749 Raimundtheater diesmal bot, und nur bei so willig mitgehen¬
1729 3726 2929 3801 Gnaden — auslachen täten se mer: die Alte, die Garschtige,
518 3735 1715 3821 den Zuschauern, wie sie diesmal vorhanden waren, ist das
1731 3773 2940 3849 das hat se dervonne, was hat se sich den Jungen, den Lusti¬
506 3798 1199 3873 Lustspiel auf der Bühne möglich.
1727 3833 2933 3905 gen, den Hübschen genommen, jung gehört zu jung. — Mein
596 3830 1719 3908 Auch Artur Schnitzlers vor einem halben Menschenalter
1716 3875 2944 3950 muß er bleiben — laß ihn sterben!" Dann kommen
521 3891 1718 3955 veröffentlichtes Jugendwerk „Das Märchen“ baut sich auf
1732 3937 2929 3995 die Rosenkranzjungfern, um dem Bauer durch ihr Gebet das
518 3938 1724 4007 dem Gegensatz alter und neuen Ideen auf. Das Stück spielt
1720 3969 2936 4046 Sterben zu erleichtern. Die Cilla, die unter ihnen ist, wird
522 3989 1722 4052 in einem Kreise von Schriftstellern, Malern und Studenten,
517 4031 2948 4122 m jenem Kreise von Jung=Wien, dem der Dichter selber, ob= ohnmächtig und muß an die Luft gebracht werden. Der
