3484 4224
346 132 1101 204 3. Das Maerchen
508 191 1087 236 „W ATATTTTTTATAT
1235 122 1625 213 box 7/2
1427 515 1536 570 4 —2-
1215 647 1603 710 Ausschnitt aus:
1318 740 1936 826 olkszeitung, Vien,
1215 842 1849 941 vom: 39.11.1933.
1223 1074 2087 1164 Iageskenigsanen
1191 1237 2091 1335 Theater vor vierzig Jahren.
1478 1324 2085 1380 Das Raimundtheater wurde
1405 1359 2086 1402 Samstag, wie berichtet, nach kurzer
1414 1397 2086 1440 Spielzeit geschlossen. Der Zufall fügt es,
1414 1427 2090 1474 daß heute, Dienstag, gerade vierzig Jahre
1406 1466 2089 1512 verflossen sind, seitdem das Theater — am
1411 1500 2091 1540 28. November 1893 — mit Raimunds
1404 1535 2066 1582 „Gefesselte Phantasie“ eröffnet wurde.
1284 1579 2092 1642 Adam Müller=Guttenbrunn,
1197 1629 2085 1687 ein junger Schriftsteller, faßt Anfang der
1207 1673 2083 1734 neunziger Jahre, nach dem Fall der Linien¬
1196 1724 2088 1777 wälle, den Plan, „die hunderttausende neu¬
1206 1771 2090 1833 gewonnenen Wiener auch geistig zu erobern,
1196 1806 2075 1864 die Massen durch die Musen zu bändigen,
1203 1851 2088 1904 und wirkt in diesem Sinn für die Gründung
1201 1890 2086 1942 des — Raimundtheaters, mit dessen
1199 1937 2082 1991 Leitung man ihn alsbald betraut. Vor just
1199 1980 2083 2034 vier Jahrzehnten, am 28. November 1893,
1203 2034 2086 2081 wird das „von Wiener Bürgern aus eigener
1203 2069 2087 2117 Kraft“ erbaute Schauspielhaus mit Raimunds
1205 2124 2087 2169 Gefesselter Phantasie“ eröffnet, rauscht der
1198 2154 2091 2214 Vorhang empor über dem Zauberhain, in
1200 2186 2080 2251 dem die Barsescu den von Baron Berger
1200 2246 2032 2293 verfaßten stimmungsvollen Prolog spricht:
1259 2315 2032 2361 „Das erste Wort im neuen Haus — erzitternd
1260 2355 2027 2412 Schwebt es mir von der Lippe. Jeder Anfang
1268 2375 1950 2427 Ist ein geheimnisvoller Augenblick....
1283 2440 2086 2518 Und sogar die blasiertesten Premieren¬
1201 2495 2077 2542 tiger geben sich dem poetischen Reiz des
1210 2538 2090 2597 Werkes gefangen. Frödens Stern geht auf,
1203 2591 2088 2644 das ganze Ensemble, besonders Straßmeyer
1198 2618 2092 2681 erntet Beifall. Aber das Gebäude selbst gibt
1206 2665 2077 2724 den Beckmessern zu herbem Tadel Anlaß. Die
1203 2714 2076 2765 Sitze werden zu schmal befunden, zwischen
1195 2768 2081 2814 Parterre und Galerie besteht keine Kommuni¬
1199 2806 2085 2863 kation, bei den mangelhaften Garderoben gibt
1203 2849 2087 2906 es große Szenen. Ueberdies liegt der neue
1192 2880 2081 2944 Musentempel, da es noch keine Stadtbahn,
1190 2925 2098 2999 keine Elektrische gibt, am Ende der Welt!
1199 2972 2091 3037 Trotzdem setzt sich die Bühne durch, auf die
1201 3020 2080 3071 Friedrich Uhl, der Nestor der Kritik, das
1197 3058 2088 3123 schöne Wort vom „Mariahilfer Burgtheater“
1198 3115 2086 3152 münzt. Im Lustspiel stellt sich eine muntere
1195 3147 2101 3215 Naive vor, „deren tiefe Stimmlage,“ wie
1189 3194 2085 3264 Vinzenz Chiavacci bemerkt, „ganz eigen¬
1195 3242 2086 3289 artig mit dem anmutigen Schelmengesicht
1194 3281 1462 3343 kontrastiert“
1485 3286 2094 3344 — Fräulein Niese! Aber die
1203 3339 2080 3391 „Tücke des Objektes“ verfolgt den Direktor.
1185 3374 2086 3425 Knapp vor der Aufführung von Wildbrandts
1192 3423 2087 3464 Graf von Hammerstein“ saust die eiserne
1187 3450 2089 3526 Kurtine herab und ist trotz verzweifelter An¬
1196 3494 1876 3569 strengungen nicht wieder zu heben!
1280 3562 2085 3623 Am selben Unglücksabend erleidet im
1194 3602 2094 3666 Volkstheater „Das Märchen“ des damals
1197 3658 2086 3711 noch unbekannten Dr. Artur Schnitzler
1191 3696 2080 3746 einen sauften Durchfall. In diesem Thesen¬
1196 3742 2094 3804 stück hat die Sandrock „einige allzu gewagte
1194 3779 2097 3864 Dinge“ zu sagen, die dem konservativen Teil
1191 3831 2100 3890 der Hörerschaft nicht behagen. Der Mißerfolg
2103 380 3002 439 trübt keineswegs die gute Laune des Direktors
2098 426 3001 492 Bukovics — darf er sich doch der vollen Kassen
2099 466 2998 535 des Fuldaschen „Talisman“ freuen! In dieser
2109 511 3006 566 Satire auf den wilhelminischen Hof erscheint
2104 555 2996 625 der Herrscher, dem der Weihrauch der
2113 603 2999 670 Kamarilla jede Wahrheit verhüllt, ahnungs¬
2108 640 2994 702 los in den „Unaussprechlichen“ vor seinem
2117 692 2990 741 Volk! Nur ein Kind hat den Mut, durchh
2112 740 2998 784 lauten Zuruf die Illusion, der Fürst trüge
2110 772 2987 835 reiches Gewand, zu zerstören. Als aber bei der
2118 819 2257 878 Stelle:
2187 859 2878 923 „Du wird darob im Ernste nicht erbosen,
2163 905 2902 964 Du bleibst ein König auch in Unterhosen“
2569 950 2614 985 S
2109 945 2998 992 auf Zensurgeheiß unter Opferung des Reims
2107 993 2994 1055 von — Unterkleidern gesprochen wird,
2117 1035 2999 1095 ftläter allabendlich eine Welle verständnis¬
2115 1086 2936 1143 voller Heiterkeit durchs dichtgefüllte Haus.
2180 1128 2997 1182 Vom Weghuberpark auf den Franzens¬
2102 1157 2253 1222 ring!
2255 1175 2985 1238 Dort weckt Gerhart Hauptmanns
2108 1205 3000 1273 „Hannele“ peinlichstes Befremden in den
2107 1258 2987 1306 Logen. Doch wird ihr Zischen vom Applaus
2109 1301 2995 1361 des begeisterten Stehparterres übertönt.
2116 1339 2992 1394 „Tapfer schmält“ auch die Kritik, die nur den
2107 1387 2988 1449 rührenden Kinderton der Hohenfels vor¬
2101 1433 2989 1490 behaltlos lobt. In der Hofoper darf nach der
2110 1479 2988 1526 „Bajazzo“=Premiere der bis dahin unberühmte
2107 1524 2997 1572 Leoncavallo unzählige Male vor dem Vorhang
2109 1565 2995 1628 erscheinen, inmitten seiner Hanswurstgesell¬
2115 1608 2987 1668 schaft, deren illustren Mitgliedern Canio —
2110 1648 2990 1712 Van Dyck, Tonio — Ritter, Nedda — Paula
2105 1696 2995 1750 Mark jeder ältere Wiener bewunderndes
2109 1740 2984 1805 Erinnern weiht. Die „Pagliacci“ bedeuten
2101 1780 2996 1839 einen Sensationserfolg, den sogar der ge¬
2099 1831 2992 1880 strenge Hanslick zugibt, obwohl er „das
2107 1861 3006 1931 Ungetüm von Prolog als Geschmacklosigkeit
2109 1906 2611 1977 sondergleichen“ bezeichnet!
2190 1946 2990 2022 An der nahen Wien beschwört, stürmisch
2104 2002 2989 2063 umjubelt, zum 100. Male Mucki Vieröckl
2102 2055 2984 2110 (Girardi) seine Margarete (Biedermann), sich
2103 2107 2986 2150 als Mädchen ohnegleichen doch endlich er¬
2104 2148 2984 2196 weichen zu lassen. Und im Carltheater bringt
2104 2178 2994 2246 die Duse die Wiener zum Weinen und Lachen,
2108 2231 2997 2288 bei Ronacher amüsiert man sich über die
2103 2268 2989 2317 langen, schwarzen Handschuhe, über die
2095 2326 2991 2369 gepfefferten Chansons der göttlichen Yvette
2108 2361 2986 2411 Guilbert. Das Repertoire von Anno 93, das
2107 2411 2995 2463 wirklich „jedem etwas bringt“ widerlegt
2098 2453 2985 2505 glänzend den Titel einer viel diskutierten
2101 2485 2994 2551 Kampfschrift jener Tage: „Wien war eine
2095 2538 2984 2591 Theaterstadt.“ Hielt doch damals ein bunter
2104 2578 2995 2634 Reigen interessanter Schauspieler, packender
2104 2630 2989 2680 Komödien eine sorglosere Generation in
2108 2660 2989 2717 Bann, deren Um und Auf die Welt des
2099 2711 2982 2768 Scheins war, die mit Recht von sich sagen
2094 2758 2986 2825 konnte: „Am farbigen Abglanz haben wir das
2796 2795 2977 2874 O. Fb.
2107 2800 2248 2865 Leben.“
