3532 4352
1180 259 1556 358 box 7/2
451 274 1051 347 Das Maerchen
284 284 1043 386 3    enen ten e uen e e.
1166 566 1557 659 Telephon 12801.
432 744 472 811 4
854 753 920 836 1
502 752 847 854 MMMHr
944 742 1557 852 eSnn
433 805 472 849 700
411 837 1560 889 O l. österr. behördl. konz. Unternehmen für Zeitungs-Ausschaltte
450 884 497 933 5
573 889 1459 980 Wien, I., Concordiaplatz 4.
812 980 1234 1037 Vertretungen
416 1009 1561 1068 0 in Berlin, Budapest, Chicago, Christiania, Genf, Kopen¬
407 1069 1553 1119 hagen, London, Madrid, Mailand, Minneapolis, New-Vork,
507 1101 1532 1160 Paris, Rom, San Francisco, Stockholm, St. Petersburg.
824 1143 1221 1200 (Quellenangabe ohne Gewähr.)
407 1144 482 1195 00
411 1191 1510 1266 & Ausschnitt bsipziger Neueste Nachrichten
401 1256 494 1311 355
390 1265 943 1356 E vom:  LOf1 1907
529 1373 1670 1461 =Weit interessanter war ein Versuch, den Direktor Fronz
364 1438 1672 1505 vom Bürgettheater machte. Er wagte es, Arthux Schnitzlers Erst¬
378 1476 1673 1539 lingsverk „Das Märchen“ wieder zu beleben, das vor 14 Jahren
377 1527 1669 1581 im Deutschen Volkstheater nach einer stürmischen Aufführung vom
383 1565 1676 1624 Publikum abgelehnt wurde und seither auf keiner Wiener Bühne ge¬
373 1610 1666 1658 gehen worden war. Die Aufführung hatte daher fast den Reiz einer
373 1633 1672 1693 Premiere, und was das sonderbarste ist, der Versuch hatte einen vollen
388 1684 1669 1731 Efolg. Der Dichter wurde am Schluß geradezu stürmisch gerufen.
381 1719 1682 1773 Da sich das Stück nicht geändert haben kann, so bleibt nur die inter¬
393 1763 1667 1822 ssante Tatsache festzustellen, daß sich der Geschmack des Publikums
379 1806 1683 1853 Heändert haben muß. Die Ursache liegt jedenfalls in dem behandelten
393 1835 1672 1901 Problem, „dem Märchen von den Gefallenen“. Vor 14 Jahren war
381 1877 1671 1939 gman gegen derartige Stoffe auf der Bühne eben noch sehr prüde,
384 1918 1681 1974 heute ist man dank Wedekind und anderen noch gegen viel gepfeffer¬
395 1952 1680 2012 tere Dinge immunisiert. Inzwischen grassiert hier der Caruso¬
400 1992 1676 2054 Rummel bereits wieder. In dieser Woche beginnt der italienische
389 2032 1669 2101 Wundertenorist hier ein auf vier Abende berechnetes Gastspiel in der
396 2094 1678 2133 Hofoper, wofür er pro Abend ein Honorar von 12 000 Kronen erhält.
380 2125 1676 2191 Schon seit Wochen sind im Bureau des Hofoperntheaters soviele Vor¬
381 2150 1681 2223 merkungen eingegangen, daß das Opernhaus für sämtliche
386 2204 1669 2259 vier Vorstellungen um das Siebenfache überzeich¬
383 2234 1664 2298 net ist. Hoffentlich geht Caruso hier dem neuen Affenhaus, das so¬
389 2270 1676 2328 eben in der Schönbrunner Menagerie eröffnet worden ist, in weitem!
382 2311 1669 2371 Bogen aus dem Wege, so daß er nicht in die Gefahr kommt, sich auf
385 2356 1660 2432 irgend eine Weise die Sympathien der Wiener Bevölkerung, wie frü¬
380 2401 1134 2480 her die der New=Yorker, zu verscherzen.
1226 2406 1647 2511 Dr. Grüttessen
1007 2473 1047 2534 00
1371 2480 1560 2563 KEIHE
466 2475 1283 2584 ME PE
398 2511 468 2592 4
420 2553 1581 2627 O L. österr. behördl. konz. Unternehmen für Zeitungs-Ausschnitte
579 2604 1475 2716 Wien, I., Concordiaplatz 4.
818 2706 1260 2762 Vertretungen
478 2749 1563 2803 in Berlin, Budapest, Chicago, Christiania, Genf, Kopen¬
431 2800 467 2833 #4
426 2795 1566 2864 # hagen, London, Madrid, Mailand, Minneapolis, New-Vork,
429 2829 1533 2906 □ Paris, Rom, San Francisco, Stockholm, St. Petersburg.
842 2864 1236 2925 (Quelienangabe ohne Gewähr.)
454 2908 1650 3031 & Ausschmitt Mamburger Correspondent
679 2988 941 3075 1.017 1907
417 3023 669 3105 E vom:
764 3140 1222 3221 Wiener Cheater.
427 3198 1007 3273 Man schreibt uns aus Wien:
428 3247 1628 3293 rh. Vor fünfzehn Jahren hat Arthur Schnitzler in seinem
1433 3281 1629 3334 jetzt das
373 3288 1207 3341 Schauspiel „Das Märchen“, dessen=Er####
361 3315 1638 3383 Bürgertheater brachte, sich mit dem Los der Gefallenen künst¬
356 3363 1630 3431 lexisch ernst beschäftigt. Mit der ihm angeborenen Formfeinheit be¬
368 3399 1626 3456 handelt er die Geschichte von dem Mädchen mit Vergangenheit und
375 3430 1634 3516 läßt seinen Helden, den Dichter Fedor Denner, nach mancherlei klug
377 3479 1630 3548 und scharf gedachten Auseinandersetzungen zu der Erkenntnis ge¬
377 3519 1631 3598 langen daß eben kein Mann darüber hinwegkommt, ein Weib mit
374 3562 1625 3625 einer Vergangenheit zu heiraten. Und so gehen denn beide, Denner
373 3594 1637 3661 und Fanny, die groß gewordene Künstlerin, auseinander. In allen
370 3626 1675 3711 Gestalten des Stückes erscheint die Freude am Leben so menschlich
1596 3688 1684 3767 —
393 3724 1669 3807 wahr gezeichnet, daß man dem zarten Seelenkenner Schnitzler kaum
403 3764 1673 3832 gram sein kann über manchen unlogischen Schluß. Er würde heute
396 3809 1666 3881 gewiß vieles anders gemacht haben, nun ja, das Stück ist eben fünf¬
405 3842 1668 3913 zehn Jahre alt. Die vielen zarten, hingehauchten Stimmungen der
402 3884 1667 3961 Dichtung verlangen Darsteller von unbedingt starker Persönlichkeit.
401 3915 1673 3977 Wenngleich diese noch in dem jetzt schon bedeutend besseren Ensemble
402 3966 1674 4016 fehlen, so muß man immerhin die Darstellerin der Fanny, Fräulein
394 4004 1677 4071 Olga Weede, ausnehmen, die über eine ganz hervorragende schau¬
407 4028 1673 4108 spielerische Routine verfügt. Nach allen Aktschlüssen erscholl lebhafter
402 4075 1657 4158 Beifall, nach dem zweiten klang er sogar demonstrativ und nach dem
406 4108 1662 4204 letzten zeigte sich erst Schnitzler, bejubelt von dem vollen Hause. Es
397 4151 1201 4226 war ein aroßer literarischer Erfola.=
2789 476 3126 571 Telephon 12.801.
2259 625 2976 709 „UDSERTER
2078 680 3189 770 I. österr. behördl. konz. Unternehmen für Zeitungs-Ausschnitte
2276 749 3002 825 Wien, I., Concordiaplatz 4.
2486 803 2799 872 Vertretungen
2084 833 3184 919 in Berlin, Basel, Budapest, Chicago, Cleveland, Christiania,
2087 904 3172 949 Genf, Kopenhagen, London, Madrid, Mailand, Minneapolis,
2088 936 3176 983 New-Vork, Paris, Rom, San Francisco, Stockholm, St. Peterse
2490 976 2779 1031 burg, Toronto.
2404 1018 2862 1086 (Quellenangabe ohne Gewähr.)
2088 1075 2533 1164 Ausschnitt aus:
2257 1127 3073 1240 I. 10 über Salon, Wien
2082 1174 2261 1242 vom:
2113 1266 3004 1363 „Artur Schnitzlerder begabte Schrift¬
2025 1327 3000 1415 steller, hat uns mit einem „Märchen“ über¬
2017 1362 3011 1465 kascht, einem Märchen für große Kinder, dies
2016 1409 3009 1513 daran glauben wollen. Aber es scheint, daß dies
2019 1478 3005 1559 großen Kinder, welche bei der Première dieses
2018 1520 3012 1594 dreiaktigen Schauspieles im Wiener Bürger¬
2013 1578 3007 1659 theater sehr zahlreich zugegen waren, keinen
2021 1622 3018 1693 rechten Gefallen an diesem Märchen findens
2018 1672 3005 1756 konnten, wenigstens taten sie nur so als ob
2026 1713 3010 1790 es ihnen gefallen würde, echt war ihr Beifall
2034 1770 3005 1842 keineswegs, echt war nur der der Claque. Artur
2022 1809 3001 1889 Schnitzler hat mit seiner diesmaligen „Liebelei“
2022 1869 3019 1950 kein Glück. Er überzeugte weder die Modernen,
2026 1922 3023 1989 noch die Philister, die Anhänger des Alther¬
2028 1961 3022 2056 gebrachten, durch seine langatmigen Phrasen!
2028 2012 3017 2099 über gefallene Mädchen und ausgelebte Männer.
2036 2061 3028 2148 Er legt seinem Helden märchenhafte Worte der
2038 2121 3033 2180 Gleichberechtigung auf die Sünde im ersten
2035 2157 3020 2223 Akt in den Mund, um im letzten wieder nach
2030 2210 3028 2280 Erprobung an sich selbst diese zurückzuziehen.
2103 2264 3029 2324 Märchen, nichts als Märchen, aber kein
2034 2309 3027 2386 ideales, kein schönes, ein beinahe anwiderndes,
2047 2355 3029 2440 in dem weder die Tugend noch das Laster auf
2047 2405 3036 2482 seine Rechnung kommt — und schließlich das
2045 2451 3029 2531 Publikum das Theater verläßt, ohne zu wissen
2659 2505 3038 2562 Deutlich drückte
2052 2512 2625 2589 wo der Autor hinaus will.
2042 2550 3031 2631 sich Schnitzler nur durch den Hinauswurf
2049 2603 3037 2670 seines Helden aus, dem wir es herzlich nach
2047 2653 3049 2735 diesem langen vergeblichen Gewinsel der reuigen
2056 2704 3044 2771 Sünderin auch vergönnten, das war aber
2057 2751 3039 2819 auch das einzige, was zu packen wußte. Von
2058 2797 3048 2861 den neuengagierten Künstlern nahm sich Herr
2051 2856 3049 2918 Hermann John höchst verdienstvoll um den
2058 2898 3037 2979 philosophierenden Helden Fedor Denner an.
2055 2943 3024 3017 Sein Spiel ist elegant und sicher, nur „kainzelt“
2056 2987 3037 3061 er für das Bürgertheater zu viel, weniger wäre
2048 3041 3053 3112 auch genug. Sehr interessierte uns Fräulein
2061 3101 3052 3161 Olga Weede, eine talentvolle Schülerin unserer
2055 3153 3047 3226 Boguar. Entweder war das hübsche Fräulein
2062 3189 3058 3277 so befangen, oder liegt ihr der Konversationston
2053 3233 3049 3316 nicht, ungleich besser war sie in der leidenschafts¬
2062 3287 3058 3365 vollen Szene mit Fedor, in der sie ihn gehen
2057 3336 3061 3412 hieß. Da hörte man einmal wieder einen echten
2060 3393 3052 3453 Burgtheaterton heraus, so markig tief und klang¬
2064 3435 3061 3517 voll, wie er uns noch aus einer besseren, keiner
2067 3489 3053 3559 Märchenzeit, in den Ohren klingt. Fräulein
2075 3535 3064 3606 Weede muß sich erst selbst kennen lernen, dann
2064 3589 3067 3660 wird sie mit Selbstbewußtsein spielen, das fehlt
2066 3632 3066 3713 ihr noch, aber man merkt, daß es vorhanden
2064 3680 3057 3752 ist, darum nicht zagen, nur frisch darauf los.
2078 3729 3062 3810 Frau Russek war in ihrer Natürlichkeit
2069 3780 3070 3851 entzückend, ebenso in ihrer maßvollen Ruhe
2080 3825 3070 3913 Fräulein v. Brenneis. Eine wohltuende
2075 3878 3063 3948 Abwechslung in dieser gelehrten Männer¬
2079 3926 3060 4016 gesellschaft boten die Herren Seitz und Berger,
2088 3973 3067 4047 ihr beider natürliches Spiel wal erfrischend,
2629 4032 3024 4102 Der altz Wiener.
2087 4031 2489 4112 daher wohltuend.
