3436 4256
272 110 1041 208 3. Das Maerchen
1061 111 1541 228 box 7/2
415 168 1026 237 aechER
723 1153 2329 1252 iener Kinstler in Form von Kunstwerken gesf steuung oten einen gel
2396 1170 2687 1255 Zldung auf
738 1214 891 1278 endet
872 1217 1748 1303 — kaum dreißigtausend Gulden dürfte der
1738 1216 2785 1301 Künstler aus, dem sie sichn entziehen konnten;
729 1267 1745 1338 esammterlös aus der Anktion betragen. Sie bot
1735 1277 2785 1354 freiwillig „gezwungen“ fügt so mancher Künstler
700 1307 1738 1383 ein trauriges, ein deprimirendes Bild, diese Ver¬
1734 1318 2794 1402 den „Bitten“ der hochge en Damen, denn
703 1357 1738 1433 steigerung zu wohlthätigen Zwecken; sie glich auf
1735 1354 2340 1435 hier heißt: Noblesse oblige
2387 1372 2785 1445 der Adel zwingt.
710 1415 1734 1485 ein Haar einer Zwangsversteigerung. Bedeutende
1819 1408 2781 1493 Auf Kosten der materiellen Interessen der
701 1453 1732 1512 Kunstwerke wurden einfach verschleudert, als ob
1732 1460 2786 1521 Künstler ward also das Wohlthun geübt. Aber auch
170 1470 698 1559 beo Kulstterhanfes.
696 1503 1736 1571 irgend ein Ausverkauf stattfinden würde; es
1738 1515 2779 1585 auf Kosten ihres Rufes. Kann es dem Künstler
701 1607 1728 1671 in uns nachklinge, daß wir uns vom Theater unter dem
1740 1612 2788 1700 Stirner und Nietzsche nicht ohne Nutzen gelesen. Er ist
139 1609 430 1711 Märchen.“
696 1645 1724 1721 Banne eines dunklen, nagenden Gefühls heimbegeben,
1724 1658 2785 1743 ein Mann ohm Vorurtheile! Er prägt sich seine eigenen
157 1675 707 1773 Arthur Schnitzler. Zum erstenmale
703 1693 1724 1781 sinnend und träumend, von einer wehmüthigen Stimmung
1737 1709 2778 1783 moralischen Dogriffe. Wie wird nun dieser Mann, der in
154 1719 580 1797 aufgeführt am 1. Dezember.)
704 1744 922 1817 umfangen.
1717 1741 2784 1833 der Theorie so vorurtheilsfrei denkt, sich verhalten, wenn
185 1767 702 1851 „arbeitet“ bekanntlich sehr
1721 1795 2781 1868 ihm im Leben ein Mädchen gegenübertritt, das er liebt
173 1825 713 1901 liebt gebrochene, gedämpfte
782 1840 1726 1915 Und dieses Problem? Es ist alt, oft behandelt, am
1737 1850 2781 1923 und von dem er weiß, daß seine jungfräuliche Reinheit
155 1883 694 1940 önc, das bunte Spiel däm¬
692 1891 1723 1966 wirksamsten von Dumas in „Denise“. Es ist das Problem
1730 1894 2781 1972 bereits angetastet ist? Wird er diesem Mädchen verzeihen?
154 1926 697 1997 roße, klare, gradlinige Gefühle
698 1943 1729 2010 von jenen Mädchen, die gestrauchelt. Fedor Denner, der
1733 1951 2780 2016 Wird er es nicht verachten? Wird er es wagen, sie zu
153 1975 696 2040 nicht, dafür umsomehr jene
697 1988 1731 2064 Raisonneur und „Held“ des Schauspiels, erörtert dieses
1721 2001 2775 2064 heiraten, sie in die Gesellschaft als sein eheliches Weib
150 2018 694 2088 in unserem Gemüthe, welche
687 2050 1734 2119 Thema zunächst theoretisch. „Wir Männer,“ erklärt er,
1721 2050 2777 2103 einzuführen? Vor der Beantwortung all dieser Fragen
139 2081 695 2134 ns noch nicht überschritten.
688 2084 1729 2163 „haben uns nun einmal das Recht der Sünde heraus¬
1724 2081 2774 2162 steht Fedor Denner. Er liebt nämlich eine junge Schau¬
151 2109 697 2180 re Vorliebe für das Heimliche,
693 2139 1717 2203 genommen. Wie würden wir aber stannen, wenn uns ein
1727 2139 2774 2221 spielerin, Fanny Theren, deren Tugend sia k in die Brüche
137 2161 689 2229 ärchenhafte, für das Musika¬
689 2186 1733 2241 Mädchen unserer Sünden wegen verschmähte! Wir Männer
1723 2185 2767 2241 gegangen. Und diese Schauspielerin hängt mit der ganzen
150 2215 693 2276 unseren Empfindungen. Ein
693 2227 1718 2293 dürfen Alles: unsere Liebe hundertmal verschwenden, feile
1728 2237 2769 2304 Gluth ihrer leidenschaftlichen Seele an dem Manne, der so
153 2266 686 2313 das Stimmungselement vor¬
696 2273 1720 2346 Dirnen im Rausch umarmen, Weiber um einer flüchtigen
1725 2278 2776 2346 kühn, so vorurtheilsfrei denkt. Aber dieser in der Theorie
152 2299 686 2375 schweren Rüstung des ernsten
687 2329 1724 2389 Stunde willen für ewig betrügen! Ein Mädchen hingegen,
1715 2320 2769 2401 so starkgeistige Denker ist im Leben ein Schwächling. Was
168 2349 696 2422 t wohl fühlen. Seine kleinen
690 2372 1718 2444 das sich, ohne an die Zukunft zu denken, aus Liebe hin¬
1723 2376 2761 2451 er für ein Märchen hielt, beginnt in ihm lebendig zu
144 2402 694 2467 e nicht aus. Er vermag uns
691 2429 1716 2490 gegeben, die bleibt die Gefallene für ewig! ... Wir
1716 2414 2774 2491 werden und als unheimliche Macht sich erweisen, der er
147 2448 694 2514 eressiren, aber jene dramatische
696 2470 1710 2537 haben aber das Recht nicht, Unnatürliches zu fordern,
1717 2473 2763 2553 nicht zu entrinnen vermag. Er will die Vergangenheit
157 2495 690 2567 aus dem Aufbau einer ener¬
688 2516 1716 2591 ein Weib zu verachten, weil es gewagt zu lieben, bevor
1719 2521 2775 2597 seiner Geliebten aus dem Grunde kennen. Wenn er nur
150 2532 687 2608 n Handlung, aus dem Auf¬
684 2553 1718 2631 wir um ihre Liebe warben. Das ist nicht nur dumm, es
1712 2570 2765 2632 einen einzigen Vorgänger gehabt hätte, würde er sich am
143 2591 683 2657 denschaften hervorquillt, dazu
694 2610 1709 2687 ist grausam. Und es ist Zeit, daß wir es aus der Welt
1720 2608 2761 2684 Ende beruhigen! Aber er hat Gründe zur Vermuthung,
133 2639 690 2702 inst mit ihrem intimen Zauber
690 2664 1721 2728 schaffen, dieses Märchen von den Gefallenen. Wir
1712 2650 2760 2734 daß die Vergangenheit seiner Geliebten viel komplizirter
143 2682 689 2747 ler, der Verfasser des Schau¬
689 2712 1708 2770 müssen aufhören, sie zu peinigen und ihnen zu sagen, daß
1713 2706 2761 2781 sei. Und dem ist auch so. Fanny beichtet ihm alle ihre
145 2736 682 2802 in erster Linie ein feinsinniger
693 2754 1718 2830 sie anders sind wie die Anderen. Wir dürfen ihnen nicht
1720 2752 2763 2831 Sünden. Und sie hat deren ziemlich viele auf dem Ge¬
135 2775 687 2834 mit ist seine Schwäche als
681 2812 1709 2874 zurufen: Büßt, denn Ihr habt schwer gesündigt! Wir
1709 2799 2763 2875 wissen. Bei ihrem ersten Fehltritt war sie noch ein „dummes,
136 2827 689 2901 Wnd gleichwohl hat er sich an
692 2857 1710 2915 müssen ihnen die nagende Reue von der Seele nehmen,
1707 2851 2751 2927 junges Mädel“ und siebzehn Jahre alt. Und dann sprachen noch
137 2864 680 2930 cht. Und es entspricht voll¬
684 2896 1715 2961 die ihnen nichts nützt, uns nichts nützt und sie nur elend
1718 2902 2765 2965 zwei Milderungsgründe für sie: es war auf dem Lande
142 2922 685 2985 ichters, daß er dieses Problem
674 2949 1712 3000 macht! Das kann die Natur nicht gewollt haben, daß die
1707 2946 2757 3019 und im Sommer ... Sie hätte übrigens ihren Verführer
141 2964 678 3034 wir erwarten. Eine klare Ant¬
686 2992 1549 3075 Frauen entehrt sein sollen, welche geliebt haben.“
1707 2983 2760 3056 heiraten können, denn er hielt um ihre Hand an. Aber sie
136 3012 689 3081 Arhang zum letztenmale nieder¬
1700 3042 2750 3120 that es nicht, „denn sein Zauber war dahin“. Warum?
154 3067 691 3125 zurückgelassen. Der Dichter
1706 3078 2759 3159 das erfahren wir nicht. Dann kommt der Zwei“:. Was sie
144 3113 2761 3188 frage, dieses ungelöste Problem! Dieser Fedor Denner hat, wie man sieht, Max diesem in die Arme trieb? Er war liebenswürdig, heite
