3484 4352
612 263 1025 338 Maerchen
451 271 545 335 Da
1097 259 1551 342 box 7/2
280 263 1042 379 3. J. un  nenenenenenene
2164 754 2471 835 S  .—
1587 797 2019 894 e uneenn
2625 1004 3013 1090 Telephon 12801.
1872 1170 3020 1302 S MESng
1274 1206 1659 1293 Telephon 12801.
1900 1267 1961 1314 425
1886 1259 3026 1357 O l. österr. behördl. konz. Unternehmen für Zeitungs-Ausschnitte
1884 1347 1964 1390 70
2044 1323 2916 1424 Wien, I., Concordiaplatz 4.
1884 1386 1964 1427 0
2270 1399 2706 1480 Vertretungen
497 1374 1636 1503 P MTS
1862 1424 1966 1480 *
1909 1440 3018 1530 □ in Berlin, Budapest, Chicago, Christiania, Genf, Kopen¬
512 1469 1655 1543 □ l. österr. behördl. konz. Unternehmen für Zeitungs-Ausschnitte
1879 1491 3031 1590 hagen, London, Madrid, Mailand, Minneapolis, New-Vork,
1986 1525 3002 1604 Paris, Rom, San Francisco, Stockholm, St. Petersburg.
671 1531 1563 1604 Wien, I., Concordiaplatz 4.
1893 1574 1965 1617 0
2290 1582 2693 1641 (Quellenangabe ohne Gewühr.)
496 1613 613 1676 —
905 1604 1334 1675 Vertretungen
1890 1646 2362 1723 * Ausschnitt aus:
538 1646 1659 1718 0 in Berlin, Budapest, Chicago, Christiania, Genf, Kopen¬
2465 1626 3069 1737 ufurter Zeitung
505 1688 1661 1769 hagen, London, Madrid, Mailand, Minneapolis, New-Vork,
2156 1666 2463 1767 3.0119675
1893 1691 1961 1769 2
608 1731 1636 1789 Paris, Rom, San Francisco, Stockholm, St. Petersburg.
1883 1763 2114 1822 E vom:
921 1783 1316 1835 (Quellenangabe ohne Gewahr.)
519 1825 976 1918 4 Ausschnitt aus
966 1833 1647 1935 Hlusmolno Zeitung, Enüncheh
2513 1842 3026 1918 Frankfurt, 2. Okkover.
825 1888 1036 1976 2.01 1.0
2007 1911 3062 2001 * [Wiener Theater.] Man schreibt uns aus Wien:
499 1953 750 2014 E vom:
1905 1965 3067 2031 Wie verschollen die Kämpfe des Neuen gegen das Alte
1922 2004 3062 2087 für uns sind, kann man auch an einem Stück er¬
1097 2002 1552 2088 Bürger=Theater hat
1918 2032 3059 2116 messen, das einmal einen Kampf bedeutete und jetzt nur noch
2843 2073 3057 2137 Mär.
600 2065 1542 2136 Schnitzlers=Jugendstück „Das Märchen“
2753 2083 2797 2139 □
1910 2086 2684 2159 eine Jugenderinnerung ist. Als Arthur
611 2105 1560 2170 eLund viel Beifall gefunden. Vor vier¬
1911 2106 3063 2203 chen“ so vor fünfzehn Jahren zum eden wurde,
606 2154 1561 2213 zehn Jahren fiel das Schauspiel durch und die
1917 2156 3068 2232 kam in jedem Zwischenakt eine Schlacht in Gang und die
390 2165 497 2261 N
604 2186 1556 2243 Kritik verhöhnte es. Ganz unbegreiflich scheint
1914 2188 3058 2268 Zischer siegten. Dieser Tage, als das Bürger=Theater
603 2222 1566 2288 dieser Widerspruch nicht. Denn es wird erst reiz¬
1926 2222 3075 2311 das halbvergessene Schauspiel wieder aufführte, gab es bloß
603 2268 1565 2337 voll, weil in ihm die späteren Werke unseres teu¬
1928 2255 3074 2355 wenige Zischer, die vielleicht nur der angenehmen Erinne¬
609 2302 1564 2366 ren Poeten keimen; ein Ausblick, den wir aber
1919 2301 3074 2394 rung zuliebe zischten, der Erinnerung an jene glücklichen Tage,
618 2337 1582 2407 erst jetzt genießen. In dem schleppenden, pein¬
1931 2347 3077 2423 da sie das Werk eines Dichters noch umbringen konnten. In¬
618 2378 1565 2464 lichen, sogar ungeschickten Schauspiele steckt doch
1922 2378 3075 2477 zwischen hat sich der Dichter längst durchgesetzt; dieses Ju¬
622 2427 1555 2478 schon die tiese Nachdenklichkeit, die kühle Wehmut,
1925 2417 3075 2513 gendwerk aber hätte man ruhen lassen sollen. Es lehrt uns
624 2458 1570 2537 die charmante Ironie Schnitzlers. Aber man muß
1929 2450 3083 2542 nichts mehr, als daß erstens sein Verfasser eine Begabung
1930 2492 3086 2591 ist; doch dies weiß man aus späteren Werken besser. Zwei¬
625 2502 1574 2586 sie suchen; und bei Debütanten pflegen sich Publi¬
1939 2529 3083 2617 tens aber, daß man ruhig über das Problem der Liebelei
1940 2561 3083 2653 auf der Bühne diskutieren kann; die Geschichte ist jetzt gar
622 2605 1565 2676 kum und Kritik diese Mühe nicht zu geben. Eine
1930 2594 3073 2682 nicht mehr aufregend, bloß ein wenig uninteressant. Man
632 2655 1562 2701 Gefallene will sich an der Liebe aufrichten, aber
1930 2642 3086 2729 hätte das „Märchen“ nicht wieder aufwecken sollen, um nicht
632 2690 1566 2743 der Mann ist eine zu schwache Stütze; sein Blut
1944 2683 3084 2783 zu zeigen, daß nicht bloß der beste Schnitzler in diesem Ju¬
626 2734 1573 2785 empört sich gegen die kühle Einsicht seines Ver¬
1937 2734 3086 2816 genowert, sondern auch dieses Jugendwerk im besten Schnitz¬
640 2756 1578 2830 standes. Worte, zu viel Worte, oft kluge und bit¬
635 2801 1580 2856 tere, oft solche, die wie Scheinwerfer in die Dun¬
1950 2835 3092 2890 ler steckt. Es ist ein Stück der „falschen Abgänge“, wie die
635 2839 1577 2895 kelheit leuchten. Diese Reden — die Pariser Schule
1958 2867 3100 2930 Bühnenvorschrift in alten Komödien lautet. Jemand tut
643 2876 1577 2940 ist unverkennbar. — liegen wie Schutt auf den Ge¬
1961 2913 3097 2962 so, als ob er gehen wollte, bleibt aber bei der Türe stehen,
635 2915 1578 2977 stalten, deren Umrisse undeutlich bleiben. Alles in
1945 2955 3097 3016 oder er geht hinaus und kommt sofort wieder zurück; ein
636 2956 1574 3015 allem. „Das Märchen“ ist ein Versprechen, das
1949 2986 3094 3035 Brief wird geschrieben, aber nicht abgeschickt und so fort.
626 2986 1590 3075 erst dadurch wertvoll wurde, daß Schnitzler es ein¬
1948 3025 3101 3088 Wenn die Problemstellung im „Märchen“ einmal tapfer war,
628 3045 858 3121 gelöst hat.
1958 3066 3102 3126 so ist es ihre Beantwortung niemals gewesen. Da ist jeder
1945 3110 3104 3160 zu feige oder zu unentschlossen oder zu überlegen — und
1955 3140 3106 3194 darum mutet dieses „Märchen“ auch gar nicht liebenswürdig
1958 3181 3101 3246 jung, sondern alt und abgelebt an. Wir sind dieser Men¬
1960 3215 3105 3277 schen überdrüssig, denen der Schmerz in Selbstironie, die
1964 3262 3096 3315 Tragik in Selbstverachtung ausmündet. Es mag ja richtig
1960 3298 3102 3346 sein, daß sich im Leben die verlassenen süßen Mädeln nicht
1962 3335 3106 3385 erschießen und ebensowenig ihre Freunde, die zwar gerne
1953 3373 3106 3428 Vorurteile besiegen möchten, aber nicht können und so sich und
1950 3415 3099 3460 andere in Elend und Erniedrigung stürzen — aber wir sind
1958 3450 3107 3497 endlich dieses Leben in der Kunst satt geworden. Die dra¬
1958 3487 3108 3541 matische Kunst will wieder eine Tragödie mit Helden und
1964 3523 3111 3567 Katastrophen, die abschließen, und nicht mit weibischen, Men¬
1962 3573 3056 3625 schen und Nervenkrisen, deren Ende nicht abzusehen fist#
1956 3602 3092 3675 Hermann Bahr läuft als Fiaur durch das Märche¬
3078 685 3335 761 —
