3484 4352
665 243 1061 340 Maerchen
451 248 624 350 Das
297 233 519 352 3. „
1183 244 1582 350 box 7/2
600 295 959 364 Hueren!
981 297 1047 346 1.
2957 1224 3205 1357 1393.
488 1298 923 1391 16. August.
519 1377 620 1435 Sete
1010 1253 2811 1449 Beilage zur Bohemia Nr. 224.
582 1429 3080 1535 Ansage weie man en de Redaetlon, 3 zeigen an dir Administratlon und Bengesber en die Ezpedielon der „Johentet fnde
897 1525 1222 1597 rtsanatn
714 1533 877 1603 Sent iunnentan
1358 1570 3312 1667 heißt ein wenig Psychologie treiben. Im Vordergrunde] Worte und die Manieren. Da gibt es einen frech ge¬
2336 1634 3301 1706 wandten Wiener Lebemann August Witte (Herr Kühne),
1381 1652 2353 1726 stebt zunächst eine sogenanute „Gefallene“, die kleine
731 1637 1062 1728 Theater.
2343 1683 3315 1747 den Bruder des ehemaligen Liebhabers, einen unge¬
1387 1701 2345 1762 Schauspielerin Fanny Theren (Frl. Gabri), die Tochter
603 1684 1393 1769 Neues deutsches Theater. („Die Reise
2341 1734 3314 1812 bildeten, Possenreißer, der hier seinen Allerweltswitz ohne
1388 1756 2342 1826 einer armen ungebi## ten Witwe (Frl. Laska), die sich
427 1747 1389 1828 um die Erde in 80 Tagen.“) In den nen eröffneten
2344 1785 3309 1858 Maulkorb spazieren führt und an seiner Seite einen
1394 1799 2345 1856 mit ihren beiden Töchtern recht und schlecht durchs
432 1818 1400 1872 Hallen spielt sich zunächst eine Vorsaison ab, eine
2338 1825 3317 1910 Studenten Emmerich Berger (Herr Fritz Rudolf), der
1399 1834 2347 1903 Leben schlägt und sich dabei den Luxus strenger mo¬
425 1871 1397 1918 leichtere Onverture zu der gewichtigeren Spielzeit,
2337 1889 3319 1954 in die Hochschule des Lasters gehen möchte und sich
1393 1893 2337 1952 ralischer Anschanungen nicht gestattet. Fannys Schwe¬
428 1899 1393 1963 wenn man die Versuche dieser Tage nicht etwa gar
2336 1925 3319 2003 ungeduldig nach den Frauenzimmern erkundigt, „mit
1387 1946 2348 2001 ster Clara (Frl. Marbach) ist ein etwas kühles, ver¬
434 1948 1395 2015 für das Stimmen des Orchesters ####men will. Auf
2340 1978 3312 2059 denen etwas anzufangen wäre.“ Da verkehrt die an¬
1395 1986 2342 2049 ständiges Mädchen, das für den Hausstand sorgt, sich
429 1995 1398 2051 das Schablonenlustspiel „Hofgunst“ mit dem der Beginn
2349 2020 3318 2085 ständig erzogene, aber von naidem Corruptionstrieb
1394 2031 2355 2110 in Clavierlectionen abrackert und Tugend und Vortheil
423 2046 1399 2118 gemacht wurde und von dessen Neubesetzungen noch ge¬
2348 2078 3310 2138 erfüllte Theaternovizin Ninetta (Frl. Erneck), die wie
1393 2085 2347 2149 z gleich zu wahren versteht; sie hat einen ältlichen
419 2089 1405 2151 legentlich die Rede sein soll, folgte das Ausstattungsstück.
2351 2115 3319 2181 die Motte um das flackernde Licht der Bohême herum¬
1390 2134 2344 2193 kleinen Beamten Adalbert Mandl (Herr Worlitzsch),
426 2149 1391 2203 „Die Reise um die Erde“, das sich als volksthümliche
2355 2169 3316 2240 flattert und es nicht erwarten kann, sich die Flügel zu
1394 2174 2355 2252 einen Mann, der ihr ergeben ist und der sie zwar
421 2184 1408 2252 Komödie eingelebt hat und das, wenn es auch auf
2338 2223 3324 2276 verbrennen. Da gibt es endlich eine Gruppe von
1395 2221 2357 2302 nicht beglücken, aber der sie versorgen wird, an sich ge¬
421 2238 1400 2304 Kanstwerth verzichtet, einen gewissen culturellen Werth
2358 2259 3326 2326 „Mödernen“, die die Gesellschaft auf freie Grundlagen
1383 2260 2351 2335 fesselt. Fauuy, die sehr Früc zum Theater ging, ge¬
434 2284 1403 2344 für sich in Anspruch nehmen kann. Freilich ist mit
2349 2308 3325 2377 stellen will und die sich in diesem vorurtheilslosen
1399 2321 2354 2381 hört zu den Geschöpfen von lehhafteren Empfindungen,
433 2338 1401 2394 den Decorat onen der artigen, physikalisch=geographischen
2345 2370 3321 2431 Kreise behaglich fühlt. Dazu gehört außer dem Maler
1393 2369 2359 2442 heißerem Blut und ikühneren Begehrungen; von der
424 2383 1407 2447 Komödie auch die Tradition der Aufführung ein wenig
2349 2414 3324 2468 Robert Well (Herr Emil Wirth), einem behaglichen
1397 2416 2352 2479 Mutter schlecht oder gar nicht bewacht, fällt sie bald
428 2417 1404 2487 verblichen, und zumal die ernsteren Rollen des Stückes,
2350 2452 3318 2520 Genußmenschen, der in der Leichtfertigkeit herum¬
1401 2465 2356 2527 den Liebeswerbungen des leichtlebigen jungen Arztes
425 2472 1405 2533 über deuen auch eine Art kindlichen Humors schwebt,
2351 2500 3313 2565 plätschert und dem klugen Dr. Mildner (Herr Schlag¬
1399 2513 2357 2584 Dr. Witte (Herr Levent). in dessen Jugendvergnü¬
425 2521 1408 2590 werden von einigen Darstellern gar zu mechanisch
2349 2555 3328 2623 hammer), der sich bei aller theoretischen Kühnheit
1403 2565 2354 2625 gungen sie nur eine Episode mehr bedeutet, zum Opfer.
430 2559 1399 2620 erledigt. Unser neuer Held Herr Freiburg scheint
2348 2598 3317 2673 mit den praktischen Forderungen des Lebens ab¬
1406 2609 2350 2686 Von dem Liebhaber, der ihr als glücklicher Bräutigam
441 2613 1414 2677 sich durch den Fogg ein wenig degradirt zu fühlen;
2347 2639 3326 2717 zufinden weiß, jener höhergestimmte Feodor Denner,
1407 2659 2357 2721 einer Andern die Freundschaft kündigt, verlassen, fühlt
439 2661 1405 2730 aber ein tüchtiger Schauspieler sollte jede Rolle „nach
2348 2696 3324 2761 der eine tiefe Neigung zu Fanny gefaßt hat und
1412 2703 2359 2767 sie sich zuerst lief unglücklich und dann noch tiefer ge¬
429 2711 1401 2776 dem eigenen Verdienst behandeln", und, was den
2354 2739 3327 2819 der seine Empfindungen so ernst nimmt, wie seine
1406 2753 2360 2810 demüthigt, da ein rechtschafftner Mann, zu dem sie
442 2752 1410 2819 Fogg insbesondere anlangt, zeigte uns seinerzeit
2349 2794 3328 2862 theoretischen Forderungen. Das Gespräch dreht sich
1404 2799 2358 2864 kaum die Augen aufzuschlagen wagt, der Schrifsteller
441 2805 1407 2879 Sauer, daß sich aus dem energischen Phlegma dieses
2354 2834 3333 2906 um den Werth weiblicher Tugend und um die Folgen
1410 2851 2360 2908 Feodor Denner (Herr Richard Wirth) ihr eine ernstere
442 2853 1408 2915 Sonderlings eine leichte, liebenswürdige Komik heraus¬
2360 2884 3328 2964 ihres Verlustes, und im Streite mit dem Beamen
1408 2896 2359 2961 Neigung zu erkennen gibt. Sie ist aus ihrem Irrthum
438 2899 1407 2961 fühlen und herausarbeiten läßt. Mit Temperament
2354 2931 3326 3004 Mandl, der den Anschauungen der Modernen die
1412 2944 2359 3005 erwacht und weiß doch kein Mittel sich von dem Makel
434 2959 1399 3028 und Laune sind die Herren Löwe (Fix), v. Wyme¬
2358 2984 3327 3044 kurze philiströse Verneinung entgegensetzt, redet sich
1410 2994 2360 3064 der Vergangenheit rein zu waschen; von scheinbar nutz¬
434 2988 1409 3070 tal (Passepartout) und John (Corsicau) bei der
2366 3027 3331 3088 Denner immer hitziger in die Vertheidigung der Mäd¬
1408 3041 2359 3095 loser Reue gepeinigt, von der Schwester mit einer
441 3044 1413 3108 Sache. Was sie an antochtonen Spassen auf der
2369 3070 3330 3136 chen hinein, die in einer Wallung des Temperamentes
1409 3088 2364 3148 Schonung, aus der Verachtung spricht, behandelt, von
434 3087 1407 3148 Weltfahrt leisten, mag im grotesk=parodistischen B¬¬
2361 3130 3340 3200 ihre Unschuld verloren haben. Ist es theoretischer
1406 3137 2360 3193 beleidigender Galanterie umgeben, fühlt sie sich von
447 3135 1409 3209 reiche der Schnurre immerhin seine Schuldigkeit thun.
2368 3165 3337 3242 Cifer oder ist es eine halb unbewußte Ahnung, daß
1406 3182 2363 3250 ihrem bisherigen Leben angeekelt und sieht doch keinen
446 3188 1418 3257 Die drei genannten Darsteller sorgten im Verein mit
2368 3219 3333 3290 sein Herz einem Mädchen von nicht ganz reiner Ber¬
1411 3230 2365 3290 Weg, der in ein anderes Tasein hinüberführt. In
439 3235 1412 3301 den Schaustücken der Scene für die Hauptwirkungen
2359 3260 3341 3330 gangenheit gehört: er kommt von dem Thema nicht
1410 3274 2375 3335 dieser Stimmung wird es ihr fast zur Qual, die
441 3282 1413 3350 der Komödie und eine leichte Unterhaltung, der sich
2358 3305 3337 3390 los, geißelt das „Märchen von der Gefallenen“ als
1421 3327 2365 3395 Wirthin ihres Jours zu machen, den Pflichten der
442 3334 1415 3404 das Publicum willig hingab. Die Wiederholungen
2360 3358 3339 3425 eine gesellschaftliche Erfindung, die zu der craffesten
1419 3366 2363 3430 Geselligkeit zu entsprechen und im Verkehr mit dena
452 3377 1414 3454 werben für Proben aufkommen und andererseits
2370 3412 3328 3479 Ungerechtigkeit führt, die für das männliche Laster
1416 3421 2367 3487 Manne, zu dem sie sich hingezogen und dessen sie sich
456 3421 1417 3504 den Darstellern doch genug Zeit jassen, sich für
2361 3464 3336 3533 und die rein äußerliche Frauentugend Pariei nimmt
1211 3465 1385 3537 A. 8.
1405 3477 2359 3532 doch nicht werth fühlt, den rechten Ton zu finden.
443 3469 1099 3566 schwierigere Aufgaben zu sammeln.
2361 3496 3333 3576 und die zu Grausamkeiten gegen angeblich „Schuldige“
1411 3515 2372 3592 Die Dreiviertelwelt, die sich im Hause Theren bei
546 3498 1425 3576 *.* Deutsches Volkstheater. (Zum ersten
2367 3551 3328 3627 führt, die vielleicht berufen wären, über ihre Richter
1413 3567 2370 3635 einem etwas kärglichen Thee versammelt, ist mit jener
459 3552 1424 3639 Male „Das Märchen“ von Arthur Schnitzler.) Das
1415 3612 3340 3676 anspruchslosen Virtnosität, die geistvoll beobachtet, ohne zu Gerichte zu sitzen. Für Fanny ist dieses Plaidoyer
296 3615 1425 3734 70# neue Stück von Artbur Schnitax, das am Samstag
1417 3654 3335 3722 den selbstherrlichen Einfall dazwischen zu werfen, ge= Labsal und Erlösung; mit gierigem Ohre saugt sie
454 3663 1427 3733 zum Besten des deutschen Journalistenverbandes in
454 3688 3337 3804 Scene ging, hat fast nur innere Handlung; es erzählen, zeichnet. Die Gedanken sind verfänglicher als die jedes Wort ein, sie hört ihre Rehabilitirung und zu¬
312 3724 472 3846 0
