3484 4352
303 261 1056 349 3. Das Maerchen
1199 273 1384 356 box
1202 635 1599 725 Telephon 12801.
427 803 518 881 35
524 793 1575 908 Minse Breshn
450 879 1590 972 O l. österr. behördl. konz. Unternehmen für Zeitungs-Ausschnitte
609 929 1476 1039 Wien, I., Concordiaplatz 4.
427 983 536 1041 —
827 1002 1262 1087 Vertretungen
441 1053 1570 1151 0 in Berlin, Budapest, Chicago, Christiania, Genf, Kopen¬
420 1104 1579 1182 hagen, London, Madrid, Mailand, Minneapolis, New-Vork,
525 1139 1547 1212 Paris, Rom, San Francisco, Stockholm, St. Petersburg.
842 1187 1239 1256 (Quelienangabe ohne Gewähr.)
418 1210 903 1310 = Ausschnitt aus:
404 1328 650 1386 E vom:
677 1291 1586 1430 Usterr. Volks Zeitung, Wien
1257 1373 1450 1444 9 3.7
560 1499 1508 1557 Bürgertheater. Artur Schnitzler im Bürger¬
503 1547 1500 1617 theater ist ein ganzes Programm; das Deventet die voll¬
497 1594 1511 1640 ständige Abkehr von der Versimpelung, die bisher hier
494 1624 1517 1693 herrschte; das bedeutet einen neuen, literarischen Zug, der
493 1679 1502 1755 bislang hier fremd war. Und jede Verbreiterung des
492 1721 1495 1777 literarischen Gebietes soll willkommen geheißen werden.
501 1772 1501 1828 Das Schnitzlersche Stück, das gestern zum erstenmal an
494 1813 1514 1856 dieser Stätte aufgeführt wurde („Das Märchen“), hat:
488 1851 1507 1899 vor mehr als einem Jahrzehnt am Deutschen Volkstheater
491 1885 1494 1954 wenig Erfolg gehabt; es ist jetzt in einer veränderten
485 1941 1495 1997 Form wieder aus die Bühne gebracht worden und gestern
453 1989 1493 2065 hat das Publikum sehr lebhaften Beifall gespendet. Das
461 2052 1470 2116 kommt vielleicht auch davon, daß man in der Zwischenzeit
466 2092 1480 2159 viel moderner geworden ist. Das Thema, das man damals
483 2136 1478 2200 „peinlich“ nannte, so eigentlich nicht einmal für diskussions¬
469 2187 1466 2245 fähig hielt, gehört nunmehr zu den meistbenützten Bühnen¬
482 2233 1479 2297 stoffen es handelt sich um die Frage, ob bei einem jungen
477 2274 1473 2330 Mädchen die „Vergangenheit“ vergessen werden kann; ob
470 2303 1474 2378 die Liebe bei einem Manne stärker ist, als das Vorurteil
470 2346 1465 2406 der Menschen... Schnitzler kommt zu einem „Nein“
475 2404 1466 2453 und trifft damit wohl das zumeist Richtige. Auf dem
479 2436 1479 2510 Wege zu dieser Wahrheit geht es allerdings etwas gequält
467 2487 1474 2547 zu; und kompliziert wird die Frage noch dadurch, daß
472 2526 1481 2586 die „Gefallene“ beim Theater, ein Star ist. Die Komödie
479 2564 1475 2631 hat in der Neubearbeitung an Strassheit und Geschlossen¬
467 2612 1480 2663 heit gewonnen und über manches Theatralische hinweg
467 2656 1479 2717 hat das stark Menschliche dieses Lebensmärchens gewirkt.
467 2701 1478 2763 Die Darstellung hat wohl nicht zu viel Wünsche des
465 2740 1477 2810 Dichters unbefriedigt gelassen. Die Heldin des
467 2786 1477 2849 Stückes und der Liebeleien gab Fräulein Weede,
463 2832 1470 2892 die aus Frankfurt eben kommt. Anfangs ein
472 2876 1473 2955 bißchen konventionell und durch ihr Aeußeres nicht be¬
472 2918 1463 2973 sonders bestechend hat sie namentlich zum Schlusse hin
466 2960 1467 3017 eine Junigkeit des Ausdrucks und eine Kraft des Akzentes
466 2996 1480 3072 gezeigt, die das beste erwarten läßt. Den Gegenpart spielte
466 3045 1473 3108 Herr John, in den ersten Szenen ebenfalls noch etwas
474 3099 1467 3143 steif, dann aber mit einer gewissen leidenschaftlichen Erregt¬
464 3143 1470 3193 heit. Ein guter natürlicher Sprecher scheint Herr Brück¬
468 3194 1470 3246 ner zu sein; mit der Nonchalance des Lebemannes gab
470 3227 1477 3301 Herr Hartberg den Friedrich, in gut durchgeführten
462 3270 1472 3338 Chargen fielen die Herren Berger und Seitz auf. Von
462 3313 1476 3389 dem früheren Personal sahen wir mit Vergnügen Fräulein
453 3361 1467 3420 v. Brenneis, Frau Russek und in einer pikant
459 3410 1470 3455 gestalteten Rolle= Fräulein Lorma, dann die Herren
457 3444 1468 3503 Schwapte Stollberg und Jules. — Zum
455 3482 1506 3558 Schluß=wurde unter stürmischem Beifall Artur Schnitz¬
452 3528 719 3602 legerufen.
2016 432 2358 486 Telephon 12801.
2178 477 2228 508 —
2795 499 2931 577 9.
2186 544 2874 625 „UDSENVER
1995 611 3109 692 I. österr. behördl. konz. Unternehmen für Zeilungs-Ausschaitte
2205 677 2931 759 Wien, I., Concordiaplatz 4.
2411 742 2719 805 Vertretungen
2010 773 3110 859 In Berlin, Budapest, Chicago, Christiania, Genf, Kopenhagen.
1996 823 3129 880 London, Madrid, Mailand, Minneapolis, New-York, Paris, Rom,
2190 876 2954 932 San Francisco, Stockholm, St. Petersburg.
2363 910 2782 974 (Oaallenangabe ehse Gowähr.)
2449 931 3110 1032 Pechütt Caricaturen, Wien
1989 995 2466 1085 Ausschnitt aus
2176 1032 2689 1134 LOUL. HSEH1907
2011 1109 2165 1160 vom:
2304 1123 2710 1236 Firner Esenter.
2006 1220 2987 1289 Das Märchen, welches dort jetzt geprobt wird,
1998 1290 2964 1347 Das hat uns Schnitzler schon einmal erzählt:
1993 1323 2822 1391 Und daß er wieder dafür gelobt wird,
1981 1380 2811 1443 Werden wir nochmals damit gequält.
2635 2188 3034 2282 Telephon 12801.
1874 2277 3010 2460 : Moeteee
1876 2456 3028 2529 O l. österr. behördl. konz. Unternehmen für Zeitungs-Ausschnitte
1885 2495 1953 2540 60
2055 2512 2916 2595 Wien, I., Concordiaplatz 4.
2260 2574 2693 2648 Vertretungen
1886 2630 3017 2702 O in Berlin, Budapest, Chicago, Christiania, Genf, Kopen¬
1866 2676 3015 2733 hagen, London, Madrid, Mailand, Minneapolis, New-Vork,
1974 2733 2994 2782 Paris, Rom, San Francisco, Stockholm, St. Petersburg.
2279 2763 2663 2809 (Quellenangabe ohne Gewähr.)
1862 2795 2630 2863 6 Ausschnitt aus: 28 9 1907
1893 2873 1942 2919 35
1847 2913 2083 2973 E vom:
2151 2905 2911 3014 Wianer Mittaga-Zeitung
2052 3052 3003 3180 Theater und Kunst.
2025 3154 3063 3229 (Bürgertheater.) Gestern wurde hier „Das
1905 3192 3062 3273 Märchen“ von Artur Schnitzler gespielt, das seinerzeit
1913 3236 3058 3318 schon im Volkstheater gegeben wutde. Nach vierzehn Jahren.
1908 3277 3059 3361 Es ist umgearbeitet, hat einen teilweise neuen Akt und einen
1909 3336 3059 3392 neuen Schluß, also gleichsam vom späteren Dichter restauriert.
1906 3360 3059 3443 Wobei nur Aeußerlichkeiten hergerichtet werden konnten, die
1900 3409 3057 3490 Politur an manchen Stellen aufgefrischt. Kurzweiliger ist die
1905 3473 3044 3537 Komödie darum nicht geworden. Aber es ist schön vom Bürger¬
1895 3502 3057 3584 theater, daß es nicht nur den Nestroy, sondern auch den
1897 3549 3058 3623 Schnitzler aus der Vergangenheit holt. Gespielt wurde gestern
1898 3580 3050 3661 einmal unter Mtwirkung einer Regie. Der neue Herr John
1899 3632 3040 3699 ist ein energischer Schauspieler, der es zum Glück gar nicht
1889 3679 3051 3745 erst versucht hat, wienerisch zu sein. Auch Fräulein Weede
1891 3714 3039 3791 kommt aus Frankfurt. Sie ist eine Sentimentale mit einem
1899 3766 3028 3840 Fond darstellerischer Mittel, der sie befähigt, innerliche Vor¬
1897 3810 3036 3879 gänge äußerlich gut anzudeuten. Herr Hartberg konnte
1892 3841 3042 3926 nicht gefallen. Die Wiener Landschaft, die ja bei Schnitzler
1897 3899 3040 3952 ein wichtiger Mitspieler ist, hätte nicht so schofel und bilder¬
1899 3927 3045 4014 bogenhaft durchs Fenster blicken müssen. Das war nicht einmal
1895 3978 3045 4062 der Laaer, viel weniger der Kahlenberg. Das Publikum
1889 4017 3044 4107 applaudierte, wohl weil einmal ein Dichter im Bürgertheater
1891 4062 2066 4124 erschien.
