3436 4352
481 212 1064 290 Das Maerchen
1212 216 1590 315 box 7/2
316 217 1075 340 3. S
1228 541 1617 628 Telephon 12801.
472 620 545 695 8
464 691 1613 813 2 Ollilberrereprkkerrresnnnn
463 802 1619 867 □ l. österr. behördl. konz. Unternehmen für Zeitungs-Ausschnitte
620 838 1511 949 Wien, I., Concordiaplatz 4.
442 903 544 958 2
858 918 1286 991 Vertretungen
464 954 1614 1023 0 in Berlin, Budapest, Chicago, Christiania, Genf, Kopen¬
441 1018 1609 1074 hagen, London, Madrid, Mailand, Minneapolis, New-Vork,
457 1055 530 1094 0
554 1055 1586 1116 Paris, Rom, San Francisco, Stockholm, St. Petersburg.
463 1091 540 1131 00
873 1094 1269 1162 (Quellenangabe ohne Gewähr.
438 1129 504 1179 —
448 1140 932 1218 6 Ausschnitt aus:
1040 1172 1352 1262 29 SE21907
439 1246 688 1305 E vom:
1198 1259 1340 1307 4 „
754 1252 1586 1347 — Bikantz Baln, Wien
718 1331 1586 1416 (Wiener Bürgertheater.) Schnitzlhrs
602 1384 1595 1459 dreiaktiges Schauspiel „Märchen“ ist ein Erst¬
613 1425 1587 1502 lingswerk und steht am Anfang einer eigenartigen
604 1471 1598 1565 künstlerischen Entwicklung, deren Grundzüge von
604 1530 1591 1606 Anbeginn klar zu erkennen waren, und in der
608 1572 1589 1652 sich die starke Individualität des Dichters, unbe¬
609 1616 1595 1703 irrt von den Tagesfragen der literarischen Mode,
593 1679 1596 1754 bisher treu geblieben ist. Gleichwohl hätte Schnitzler,
593 1715 1584 1790 der inzwischen zu den höchsten Höhen der drama¬
591 1778 1582 1854 tischen Kunst vorgeschritten ist, vielleicht besser getan,
593 1824 1583 1883 dieses frühreife Werk der Vergessenheit, der es
593 1869 1591 1947 seit 15 Jahren anheimgefallen war, nicht mehr
584 1916 1589 1995 zu entziehen. Denn in technischer Hinsicht ist das
591 1957 1584 2042 „Märchen“ allerdings ein schlechtes Stück. Die
584 2016 1582 2096 Handlung erschöpft sich völlig in uferlosen Re¬
598 2064 1584 2137 flexionen, bei denen man manchmal das Gefühl
580 2128 1574 2195 hat, Ola Hansson'sche Grübeleien, von Licht¬
576 2158 1580 2233 bildern erläutert, anzuhören. — Von den Dar¬
588 2206 1579 2279 stellern gaben sich Herr Berger und Frau
585 2257 1612 2341 Russeck alle Mühe, ihren Gestalten Leben und 7
576 2312 1574 2392 Bewegung mitzuteilen. Auch Fräulein Brenneis“
572 2359 1588 2443 wie immer reizend schon durch ihre Erscheinung,
581 2403 1141 2483 ist rühmend hervorzuheben.
1408 2426 1480 2486 R.
1001 2480 1129 2558 65
1204 2670 1610 2753 Telephon 12801.
450 2823 1605 2940 s MimmenirerrereSnnng
463 2929 1607 2989 □ l. österr. behördl. konz. Unternehmen für Zeitungs-Ausschnitte
609 2978 1503 3082 Wien, I., Concordiaplatz 4.
841 3051 1265 3119 Vertretungen
478 3099 1590 3156 D in Berlin, Budapest, Chicago, Christiania, Genf, Kopen¬
429 3152 1594 3208 hagen, London, Madrid, Mailand, Minneapolis, New-Vork,
544 3195 1557 3234 Paris, Rom, San Francisco, Stockholm, St. Petersburg.
855 3236 1253 3297 (Quellenangabe ohne Gewähr.)
427 3271 837 3364 * AusPhP½
763 3331 843 3396 130
431 3361 1010 3451 E vom: Schn- U. I.
1149 3372 1511 3471 TeReag, Wien
561 3487 1635 3581 (Bürgertheater.) Daß der erste Zweifel an der Geliebten
457 3534 1621 3612 ie Reinheit des Traumes unwiderruflich zerstören kann, daß die
452 3573 1621 3643 unge Liebe beschämt ihre Ohnmacht erkennt, eine illusionszerstörende
445 3609 1624 3686 Wirklichkeit zu überleben, diesen unseligen, sehr menschlichen Schmerz
445 3654 1615 3734 jlaubt man im zweiten Akt des „Märchen“ zu spüren. Und er¬
449 3693 1628 3762 eimnt daran den Dichter Schnitzler, der später in seinen besten
452 3736 1631 3803 Werken immer wieder das Ringen des Gefühles mit dem stärkeren
452 3765 1619 3848 Zweifel zeigte. Sonst ist wenig von ihm in diesem frühen Stücke.
433 3817 1621 3875 Es beginnt mit Programmreden und endet als überrasche Skizze einer
443 3850 1624 3925 Handlung, die der tendenziösen Fragestellung erliegt, vergeblich ein
436 3888 1624 3965 Milieu festzuhalten versucht und den psychischen Verlauf einfach
436 3927 1624 4003 herunterredet. Vor allem erschreckt geradezu der Mangel an Menschen,
427 3963 1629 4048 den besseren unter ihnen vermag man rein nichts zu glauben, am
440 4003 1637 4107 allerwenigsten große Liebe oder problematischen Charakter. — Die
435 4045 1058 4119 Darstellung war kaum mittelmäßig.
2689 758 2811 834 Tel¬
1950 824 2357 1006 M
2540 925 2815 1026 K
1919 1008 3037 1075 □ l. österr. behördl. konz. Unternehmen für Zeitungs-Ausschn..
1929 1032 2005 1086 6
1919 1062 2011 1119 0
2087 1050 2963 1155 Wien, I., Concordiaplatz 4.
1907 1117 2018 1175 *
2304 1139 2750 1200 Vertretungen
1924 1185 3059 1258 0 in Berlin, Budapest, Chicago, Christiania, Genf, Kopen¬
1900 1238 3062 1289 hagen, Londen, Madrid, Mailand, Minneapolis, New-Vork.
1933 1265 2007 1308 O
2009 1279 3036 1323 Paris, Kom, San Francisco, Stockholm, St. Petersburg.
1916 1305 1983 1351 000
2318 1307 2725 1367 (Quelienangabe ohne Gewähr.)
1906 1340 2392 1425 = Ausschnitt aus:
1914 1384 1987 1462 2
2403 1400 3194 1498 WIENER ABENDPOST
2339 1454 2392 1508 O
1909 1435 2272 1515 E vom: 28
2024 1589 3047 1674 Die schönsten Märchen fangen an: Es war einmal eine
2014 1655 3047 1724 Prinzessin . ... Vor nun vierzehn Jahren wurde eines
2017 1722 3059 1777 Dezember=Tages von einem unbekannten Herrn Dr. Schnitzler
2003 1749 3065 1832 ihn Volkstheater ein Schauspiel „Märchen zwe
2006 1804 3057 1884 kintereinander gespielt. Man war furchtbar entrüstet, ließ
1993 1867 3044 1921 das Stück energisch durchfallen. Gestern griff das Bürger¬
1985 1910 3045 1975 theater auf das alte „Märchen“ zurück. Es war einmal
1994 1954 3056 2028 eine Prinzessin, eine aus der Theaterherrlichkeit, die liebt
1998 2008 3058 2076 den Schriftsteller Fedor Denner. Sie liebte zwar schon ein
1991 2055 3054 2136 Mal und dann nochmal, aber nun erst ist's die große,
2002 2112 3054 2171 wahre Leidenschaft. Denner erklärt die beleidigende Moral
1993 2164 3063 2233 der Gesellschaft, die man einem sogenannten gefallenen
1994 2203 3075 2274 Mädchen entgegenbringt, für eine Brutalität; die wirklich
2001 2258 3065 2325 freien Menschen hätten derartige Bedenken als Märchen
2006 2326 3051 2385 abzuweisen. Sowie aber Denner erfährt, daß seine Ange¬
1995 2355 3064 2431 betete eine Gefallene ist, entspricht sein Betragen nicht
1999 2412 3053 2480 seinen theoretischen Ausführungen. Er meidet sie, und
2002 2457 3051 2540 als es ihrer Leidenschaft gelingt, ihn zu sich hinüber¬
2006 2515 3053 2580 zuziehen, quält er sie mit Eifersucht und Vor¬
2002 2558 3062 2632 würfen, bis sie, zur äußersten Verzweiflung getrieben, ihn
2017 2623 3061 2674 von sich stößt. Dieses frühe Stück birgt schon den ganzen
2010 2659 3071 2725 späteren Schnitzler. Aus dem unnatürlich=natürlichen Dialog
2001 2718 3064 2769 klingen schon die klugen Feinheiten, sinnvollen Lebens¬
2016 2752 3068 2828 dunkelheiten, die er so sehr liebt. Friedrich Uhl schrieb
2015 2815 3058 2873 damals ein paar Sätze, die heute für dieses Stück gelten
2009 2862 3070 2925 wie vor 14 Jahren: „Herr Schnitzler hat bei Alfred von
2012 2914 3071 2972 Musset und Octave Feuillet gelernt, die höhere Ausbildung
2003 2981 3071 3030 bei Dumas und Sardou genossen und war vielleicht eben
2010 3004 3071 3085 im Begriff, vom französischen Olymp herab in den theatrali¬
2011 3073 3071 3125 schen See zu springen, als ihm die Sturmflut des nordischen
2012 3114 3065 3166 Verismus entgegenbrauste.“ An dem Fehler, halb Thesen=,
2017 3173 3080 3223 halb Zustandsdrama zu sein, krankt dieses Stück. Es ist
2027 3220 3066 3273 aber jedenfalls ein verdienstliches Unternehmen gewesen,
2025 3266 3076 3333 dsselbe einer Revision zu unterwerfen, wenn auch die
2028 3309 3068 3392 Tarstellung seiner Natur nicht gerecht wurde. Was man
2022 3364 3074 3425 doch erwarten hätte dürfen, ein angenehmer wienerischer Ton,
2018 3412 3077 3475 mangelte. Eine gute und eindrucksvolle Leistung war der Fedor#
2033 3460 3071 3528 Denner des Herrn John; auch Frl. Weede interessierte,
2046 3513 3084 3594 Henn sie auch für die Fanny Theren zu wenig Persönlich¬
2881 3564 3064 3644 R. H.
2033 3574 2251 3640 keit besitzt.
