3484 4352
1167 236 1539 324 box 7/2
437 241 956 314 Das Maerche
267 251 1009 363 3. nen eneen e en teen e
1311 489 1602 575 Telephon1
541 623 1665 773 P MnmirrsrerrTerennr
549 721 1676 830 O I. österr. behördl. konz. Unternehmen für Zeitungs-Ausschnit.
555 745 626 796 60
701 758 1590 892 Wien, I., Concordiaplatz 4.
924 861 1360 936 vertretungen
557 870 1680 1003 0 in Berlin, Budapest, Chicago, Christiania, Genf, Kopen¬
525 941 1687 1045 hagen, London, Madrid, Mailand, Minneapolis, New-Vork,
630 979 1648 1070 Paris, Rom, San Francisco, Stockholm, St. Petersburg.
939 1036 1340 1092 (Quellenangabe ohne Gewähr.)
528 1045 995 1152 6 Ausschnitt aus:
1211 1067 1394 1148 11. 1907
496 1160 745 1227 E vom:
910 1086 1590 1319 Wiener Mols,
586 1439 1710 1525 Im Bürger=Theater wurde ein schwaches Frühwerk „Dus
481 1465 1712 1563 (Märchen“ von Arthur Schnitzler schlecht gespielt und vermochte
490 1531 1704 1594 Inicht einmal die Intimendes Poeten sonderlich zu interessieren.
488 1566 1712 1661 [Rettung gefallener Mädchen durch geistreiche Gespräche! Der spätere
480 1620 1708 1671 Schnitzler ist wohl schon drin — aber er kommt leider nicht heraus.
1273 1899 1676 1992 Telephon 12801.
551 2044 1649 2174 PMMMRTRTEEI SWNTEN
507 2147 1673 2218 □ l. österr. behördl. konz, Unternehmen für Zeitungs-Ausschnitte
681 2185 1546 2297 Wien, I., Concordiaplatz 4.
899 2280 1330 2350 Vertretungen
526 2306 1656 2415 0 in Berlin, Budapest, Chicago, Christiania, Genf, Kopen¬
502 2354 1654 2454 F hagen, London, Madrid, Mailand, Minneapolis, New-Vork,
600 2401 1624 2495 Paris, Rom, San Francisco, Stockholm, St. Petersburg.
913 2453 1302 2515 (Quellenangabe ohne Gewähr.)
495 2467 864 2565 — Ausschnitt
507 2515 554 2574 8
508 2550 582 2595 135
707 2543 934 2636 293PP 19
925 2530 1642 2660 Meits Weitblatt, Wien
477 2590 721 2651 E vom:
627 2714 1627 2807 Wiener Bürgertheater. Zum erstenmal: „Das
577 2753 1615 2862 Märchen.“ Schauspiel in drei Aufzügen von Artur
576 2815 1623 2918 Schnitzler. Als dieses Stück vor Jahren am Volks¬
579 2833 1610 2954 t###Rampenlicht erblickte, fand man es zu frei.
571 2914 1608 3000 Ich entsinne mich der Entrüstung eines unserer be¬
572 2956 1608 3044 deutendsten Kritiker, welcher schrieb: „Unglaublich, was
568 3007 1621 3095 man heutzutag auf der Bühne alles sagen darf! Da
564 3042 1616 3130 geht ein junger Mann in dem Stück herum, der beim
576 3104 1605 3200 Auftreten jedes jungen Mädchens seinen Freund fragt:
572 3146 1611 3246 Du, — laßt sich da ’was machen?“ Wo sind die Zeiten?
561 3191 1605 3296 Heute, nachdem ein Wedekind gesprochen, scheint Schnitzler
560 3252 1604 3319 neben der Marlitt zu rangieren, so zahm wirkt alles.
564 3270 1605 3386 Und so wenig packend, und so wenig wahr, und so
556 3338 1034 3406 gesucht und so affektiert,
1034 3360 1136 3399 — —
1140 3355 1597 3440 und man erkennt auf
558 3384 1609 3481 einmal, ach so, es ist ja gar kein Dichter, er tut nur so
552 3437 1615 3528 und es war nur die Mode, die ihn einst so vornehm
561 3478 1636 3578 kleidete. Die Aufführung litt empfindlich am schleppenden —
595 3566 1623 3653 Tempo und dem übermäßigen Unterstreichen der ein¬
603 3630 1632 3704 fachsten Reden. Alles wurde mit enormen Affekten ge¬
587 3677 1636 3766 spielt, ganze Szenen vibrierten. So spielt man die Maria
593 3728 1629 3809 Stuart und den Mortimer, aber nicht ein Wiener Liebes¬
595 3764 1630 3839 paar aus Künstlerkreisen. Hermann John brachte den
595 3807 1631 3901 sympathischen Liebhaber zur Geltung, Olga Weede
604 3856 1637 3948 war vortrefflich als Fanny, Gustav Stollberg, Frau
594 3910 1639 3985 Russek, Anton Berger verkörperten ihre Figuren
611 3956 1640 4040 charakteristisch, aber es mag der Fehler des Regisseurs
612 3985 1652 4087 sein, daß der leichte Canseurton fehlte, den Schnitzlers
1494 4050 1650 4121 —ner.
613 4064 1108 4150 Muse unbedingt erfordert.
2738 1131 3143 1216 Telephon 12801.
2094 1302 3123 1419 KinssrerrerrerSsnn
2048 1379 2095 1425 4
1986 1392 3144 1464 C I. österr. behördl. konz. Unternehmen für Zeitungs-Ausschnitte
2020 1455 2080 1503 6
2156 1459 3047 1547 Wien, I., Concordiaplatz 4.
1986 1535 2095 1596 4
2390 1524 2824 1602 Vertretungen
2012 1567 3143 1635 0 in Berlin, Budapest, Chicago, Christiania, Genf, Kopen¬
1991 1620 3157 1685 hagen, London, Madrid, Mailand, Minncapolis, New-Vork,
2100 1679 3124 1722 Paris, Rom, San Francisco, Stockholm, St. Petersburg.
2014 1688 2080 1728 0
2409 1704 2805 1758 (Quellenangabe ohne Gewahr.)
2001 1721 2076 1767 00
1989 1750 2478 1845 x Ausschnitt aus:
2031 1811 2075 1885 2
1981 1852 2991 1968 E vom. IUStI. IORE CESPOST, WIEN
2077 1954 3049 2067 Theater, Kunst und Musik. 5
2073 2049 3077 2123 — Bürgertheater. Am Freitag zum erstenmale: „D as
1962 2106 2502 2169 Märchen“ von Artur
2610 2108 3091 2169 er, Drei mit endlosey
1971 2123 3081 2204 philosophischen Dialogen ausgefiküte Aufzüge benötigt
1971 2179 3089 2243 Schnitzler, um den Nachweis zu erbringen, daß man troß
1973 2236 3099 2277 aller modernen Anschauungen doch nicht „darüber hinweg
1971 2257 3092 2332 kann.“ Es sind vernichtende Worte die Fedor Denner
1972 2302 3081 2348 (Herr Hermann John) im ersten Aufzuge für die land¬
1974 2347 3082 2396 läufige Herrenmoral findet und als „Marchen“ erklärt er
1974 2379 3076 2422 die Anschauung, daß ein in der Liebe schiffbrüchig ge¬
1965 2413 3084 2475 wordenes Mädchen unrettbar verloren sei. Nicht von sich
1969 2456 3086 2509 stoßen und verkommen lassen, nein, aufrichten und der
1973 2493 3108 2556 menschlichen Gesellschaft wiedergeben! Akt zwei und drei
1962 2541 3092 2580 erweisen an Denner die unumstößliche Tatsache, daß Theorie
1970 2578 3080 2629 und Praxis zwei grundverschiedene Dinge sind. Mit fast
1973 2620 3090 2686 übermenschlicher Kraft wehrt er sich gegen seine eigenen
1968 2657 3077 2701 Argumente und gegen die aufrichtige Liebe Fanny
1974 2695 3089 2744 Therens, weil er nicht der erste ist. Olga Weede wußte
1971 2734 3086 2784 der an ihrer Vergangenheit krankenden Fanny Theren
1965 2781 3098 2822 glaubhafte Saiten abzugewinnen, wenngleich sie nicht
1970 2809 3096 2865 immer auf der Höhe der Situation war. Ihr Partner,
1976 2855 3078 2899 Herr John, verfiel stellenweise in ein wahnsinniges Sprach¬
1971 2884 3089 2948 tempo, das übrigens den einen Vorteil hatte, rascher über
2904 2914 3094 2978 Hervor¬
2870 2934 2907 2980 4
1964 2931 2873 2978 bandwurmartige Sentenzen hinwegzukommen.
1974 2970 3089 3025 gehoben seien noch die Herren Robert Hart berg (Doktor
1970 3007 3091 3056 Friedrich Witte) Anton Berger (Emmerich Berger) und
1982 3032 3093 3091 Hustav Stollberg (Adalbert Wandel) sowie die Damen
1973 3070 3090 3125 Bally v. Brenneis (Klara Theren) Philippine Russeck
1976 3123 3095 3174 Frau Theren) und Herma Stoll (Agathe Müller). An
1974 3146 3097 3212 Beifall ward nicht gekargt, auch fanden sich die obligaten
1965 3202 2628 3265 Lorbeerkränze auf der Bühne ein.
