3436 4256
254 115 997 219 3. Das Maerchen
434 163 1004 237 111
1140 111 1518 224 box 7/2
1625 777 1883 871 —
1049 892 1158 976 368
1597 897 1861 979 Die Zukunft.
1524 982 1930 1084 Ein Märchen.
1044 1066 2426 1179 s war schon lange in den Köpfen der Menschen. Aber früher führte es
1056 1135 2416 1223 da gewissermaßen ein verschämtes Dasein. Es war eins jener ver¬
1051 1191 2417 1258 schwiegenen Märchen, die gelobt, aber nicht gern erörtert wurden. Die älteren
1046 1225 2432 1311 Dichter knabberten wohl daran herum, bissen aber nicht recht mit ihren idea¬
1040 1286 2436 1365 listischen Zähnen zu, denn Das hätte nicht dem Märchen, aber den Zähnen
1053 1340 2412 1425 recht übel bekommen können. Und so blühte es weiter wie ein Veilchen und
1050 1378 1497 1440 duftete im Verborgenen.
1147 1412 1833 1499 Und darüber änderten sich die Zeiten.
1156 1468 2411 1547 Jetzt steht es schon seit einer Weile am Horizont wie ein Gewitter, das weder
1050 1509 2408 1600 aufziehen noch abziehen mag. Viele Menschen können nicht mehr darunten
1051 1575 2409 1628 athmen und viele Gehirne sind darüber wild geworden. Uns Frauen hat man
1035 1604 2414 1678 es von verschiedenen Seiten gründlich vorgepredigt und uns alle Individualität
1040 1649 2355 1742 und was dazu gehört abgesprochen, wenn wir nicht daran glauben wollten.
1159 1701 1900 1774 Es ist das Märchen von der freien Liebe.
1155 1745 2415 1828 Es zog mit dem gesammten Problemgewitter erst über den Norden. Da
1041 1810 2402 1856 brach es los mit Blitzen und Krachen und es regnete eine Sintfluth bedruckten
1042 1847 2402 1927 Papiers. In jedem Buch, das damals erschien, fiel wenigstens ein Mädchen;
1047 1894 2408 1964 keineswegs eins von den Mädchen, die vom Schicksal dazu ausersehen scheinen,
1048 1944 2412 2006 sondern wohlerzogene Töchter aus anständigen Familien fielen massenweise.
1046 1988 2407 2073 Es wurde eine Spezialität in der Dichtung, sie zu Fall zu bringen; sie fielen
1037 2025 2405 2110 beim ersten Abendessen, sie fielen auf den ersten Blick. Die gesammelten
1035 2084 2407 2154 Dramen Eduards Brandes könnte man auch gesammelte Fälle nennen; viele
1036 2127 2400 2189 Dichter im Norden eiferten ihm nach, keiner kam ihm barin gleich. Aber er
1044 2177 2405 2260 nahm die Sache noch zu sehr als Epikuräer; es war nicht der richtige sittliche
1034 2210 2400 2296 Ernst dabei. Diesen strengen Ernst des Moralisten brachte Garborg hinein.
1048 2268 2404 2327 Er begnügte sich nicht mit dem Einzelnfall. Er begründete die Nothwendigkeit,
1034 2318 2398 2389 Zuträglichkeit und Unvermeidlichkeit des „Falls“ theoretisch ind philosophisch
1043 2351 2403 2440 in einem eigenen Buch, „Mannsleute“, das er mit frommem Fleiß über dieser
1043 2408 2406 2489 Problemfrage aufbaute wie eine Kapelle über einem Heiligenschrein. Wer
1038 2455 2413 2537 nicht gefallen war, ging herum und schämte sich. Es war damals wirklich un¬
1039 2498 1970 2571 angenehm, ein Weib ohne „Vergangenheit“ zu sein.
1141 2562 2405 2630 Aber die Wasser verliefen sich. Die freien Liebelisten heiratheten ihre
1037 2583 2402 2677 Verhältnisse — ob gern, ob ungern, Das ging ja Keinen was an, obgleich
1027 2649 2392 2717 Garborg sich stark für die zweite Auffassung aussprach — und die schlechte Ge¬
1038 2686 2401 2743 sellschaftordnung triumphirte einmal wieder. Wie aber die Sache im Norden
1035 2735 2404 2817 schon ziemlich aus der Mode war, da kam sie als etwas ganz Neues nach
1033 2769 2403 2868 Deutschland. Hier wuchs sie eigentlich auf einem anderen Stengel. Es war der
1031 2815 2399 2909 Sozialismus, der sie als seine poetischeste Blüthe emporgetrieben hatte, und
1030 2869 2402 2953 die jungen Dichter, die sich dieser polizeiwidrigen Frage widmeten, hatten alle
1038 2918 2391 2993 ihre sozialistische Lehrzeit durchgemacht. Sie waren nicht wie jene nordischen
1036 2978 2388 3046 Sensualisten, die gewaltsam ausbrachen gleich feuerspeienden Bergen. Unter dem
1031 3021 2394 3097 Schnee von Island giebt es Vulkane, aber nicht unter dem Sande der Mark.
1027 3064 2400 3128 Die Jungdeutschen nahmen die Sache als nüchterne junge Männer ganz
1036 3117 2415 3178 nüchtern und trocken und einfach vernünftig. Sie stellten das anstößige Moment
1031 3155 2393 3232 des größeren Vergnügens gar nicht so in den Vordergrund, sie hielten sich
1032 3197 2397 3300 mehr an das auch sympathischere Moment der größeren Ersparnisse. Es waren
