3436 4352
1131 204 1479 301 box 7/2
586 211 979 288 Maerchen
400 215 567 289 Das
235 225 981 334 3 . J.   neneenenennen
1250 615 1592 717 Telephon 12.801.
729 709 1452 869 „OBSERVER‘
548 845 1667 937 L. österr. behördl. konz. Unternehmen für Zeitungs-Ausschaltte
744 897 1484 974 Wien, I., Concerdiaplatz 4.
968 954 1296 1021 Vertretungen
560 1007 1673 1068 in Berlin, Basel, Budapest, Chicago, Cleveland, Christianis,
577 1051 1670 1105 Genf, Kopenhagen. London, Madrid, Mailand, Minneapolls,
558 1092 1670 1145 New-Vork, Pa. „m, San Francisco, Stockhelm, St. Peters¬
965 1133 1269 1186 burg, Toronto.
899 1163 1343 1229 Quellenangabe ohne Gewähr.
566 1231 1732 1328 Ausschnift mer Hausfrauen Zeitung, Wier
897 1296 1145 1396 -0KT1907
560 1342 768 1404 vom:
497 1396 1831 1487 Die anderen Bühnen bereiten Kovitäten vor, die erst in den
381 1452 1828 1534 nächsten Tagen das Rampenlicht erblicken werden, und nur das Bürger¬
380 1522 1846 1566 theater kamt diese Woche mit einer Erstaufführung, die eigentlich keine
375 1568 1832 1635 mehr war.Schpitzlers „Märchen“ wurde schon vor 14 Jahren im
372 1613 1838 1683 Volkstheater sänft,cheden abgelehnt und erfreute sich seither
367 1655 1832 1730 eines Verwesungsprozesses im Archivgrabe. Da kam Direktor Fronz,
375 1705 1827 1771 der gerne derlei Ausgrabungen macht und nahm das „Märchen“ mit
377 1756 1836 1829 sich, hoffend, daß es nach so langem Schlafe zu neuem Leben erwachen
367 1809 1838 1869 werde. Mag sein, daß auch ein wenig Eitelkeit dabei im Spiele war
378 1859 1824 1905 und um jeden Preis auch einmal auf der Landstraße der Name
376 1902 1830 1980 Schnitzler prangen sollte. Aber der Schnitzler von heute, dessen „Liebelei“
363 1960 1826 2023 und „Grüner Kakadu“ geistreiche Meisterwerke sind, ist nicht der
371 2000 1828 2075 Schnitzler von damals, da er mit seinem Erstlingswerk „Märchen“ sich
376 2049 1827 2099 auf die Bühne wagte; freilich ist bei genauem Studium auch bei diesem
372 2101 1829 2168 Schauspiel die dichterische Feder zu verspüren, freilich sieht man auch
372 2155 1827 2205 hier, daß kein Stümper sich an ein schwieriges Problem gewagt, aber
372 2199 1829 2250 — aber es ist leider doch kein Märchen, sondern volle Wahrheit, daß
359 2247 1822 2301 dieses Werk ihm nicht gelungen. Gespräche zugunsten der Gefallenen
374 2298 1833 2362 ziehen sich durch alle drei Aufzüge und am Ende, wenn der Vorhang
362 2356 1821 2411 zum letztenmal fällt, sind wir so weit wie am Anfang. Es gibt doch ein
359 2395 1829 2458 Märchen — von den Gefallenen. Mit dem Dichter dieser Entgleisung
363 2444 1827 2502 wegen zu rechten, wäre verfehlt, um so mehr, als ja Schnitzler durch
372 2488 1818 2539 seine späteren Werke bewiesen hat, daß er trotz des ersten Mißerfolges
363 2529 1816 2583 ein Dichter sei. Mehr Vorwurf, das Werk ausgegraben zu haben, ge¬
360 2584 1817 2648 bührt der Direktion, nicht nur der Aufführung wegen, die nicht nötig
355 2634 1813 2696 gewesen wäre, sondern auch der Art der Aufführung halber. Die
369 2687 1813 2748 Schauspieler leisteten ihr Mögliches, um das Stück vollends umzu¬
358 2735 1825 2796 bringen, und man müßte alle Namen nennen, wollte man alle gehörig
356 2783 1822 2839 tadeln. Gespielt weerde schlechter als schlecht, kein einziger wurde seiner
357 2824 1813 2898 Aufgabe gerecht. Das Publikum blieb trotzdem ruhig und kühl. Es
363 2871 1813 2945 konnte sich scheinbar bei dieser Darstellung nicht an den Gedanken
370 2927 1815 2989 gewöhnen, in einem Wiener Theater zu sein) und dünkte sich noch
368 2979 1822 3046 in irgend einer Schmiere am Land. Und doch wardes traurige Wahr¬
367 3011 1797 3082 heit, daß wir dies im Bürgertheater hörten und keih — Märchen. it.
2708 311 3080 413 Telephon 12801.
2872 407 2932 491 „
2183 408 2881 526 „OBSERVER'
1991 525 3092 607 I. österr. behördl. konz. Unternehmen für Zeitungs-Ausschnltte
2149 583 2965 666 Wien, I., Concordiaplatz 4.
2390 653 2703 727 Vertretungen
1995 695 3087 775 in Berlin, Basel, Budapest. Chicago, Cleveland, Christiania,
2003 761 3087 800 Genf, Kopenhagen, London, Madrid, Mailand Minneapolis,
1989 792 3086 873 New-York, Paris, Rom, San Francisco, Stockholm, St. Peters¬
2399 833 2691 889 burg, Toronto.
2296 872 2798 935 (Quellenangabe ohne Gewähr).
1991 908 2917 1093 Ausschmitt aus:: Die Kritik, Wien
2004 1051 2142 1102 vom:
2277 1051 2553 1158 B
2134 1171 2475 1255 Bürgertheater.
2518 1175 2959 1268 SchnitzlerV
2064 1232 2458 1306 Unglaubliche „N
2521 1242 2933 1314 er schun-vor
2069 1287 2464 1352 Jahren an ein
2509 1295 2942 1366 underen Wiener
2067 1342 2932 1417 Bühne schlank rchfiel. hätte für
2056 1391 2938 1463 Direktor Fronz ine Aufmunterung
3039 1391 3085 1453 2
2063 1441 2929 1513 sein müssen, die Stück der Ver¬
2052 1487 2925 1564 gessenheit zu entreissen. Es vollzog
2058 1539 2925 1613 sich sein Schicksal auch unter dem
2049 1588 2932 1667 gewechselten Platze und einem anderen
2989 1594 3088 1681 9
2065 1635 2921 1720 Publikum. Diese Erfahrung bestätigt
1917 1810 2781 1927 die Wahrheit der Französischen Ten¬
1907 1862 2778 1973 Adenz: „Auf dem Theater ist alles zu¬
1909 1921 2757 2034 Tlüssig nur nicht das Langweilige.“
2703 2199 3047 2302 Telephon 12.801.
2169 2340 2908 2441 „UDSERTER
1999 2412 3107 2493 I. österr. behördl. konz. Unternehmen für Zeitungs-Ausschaltte
2186 2473 2936 2553 Wien, I., Concordiaplatz 4.
2406 2531 2736 2597 Vertretungen
2013 2568 3115 2647 In Berlin, Basel, Budapest, Chicago, Cleveland, Christiania,
2017 2624 3109 2679 Genf, Kopenhagen, London, Madrid, Mailand, Minneapolls,
2004 2668 3103 2711 New-Vork, Paris, Rom, San Francisco, Stockholm, St. Peters¬
2403 2702 2724 2761 burg, Toronto.
2307 2739 2783 2827 Opellenangabe ohrg Gewähr.
2434 2765 3013 2879 ner Montanenost
1998 2806 2480 2886 Ausschnitt aus
2003 2883 2185 2967 vom:
2340 2898 2611 3002 70111907
2256 2944 2309 3007 1
2093 2988 3097 3061 Bürgertheater. Das „Märchen“ von Arthur“
1995 3031 3096 3098 Schnitzler, das sich vor einer Reihe von Jahren im
1980 3077 3084 3137 Vonstheater nicht behaupten konnte, brachte es bei der
1993 3124 3094 3202 ersten Aufführung im Bürgertheater zu einem lite¬
1983 3177 3084 3254 ratischen Erfolg. Der geistreiche Tialog, der auch in
1981 3226 3108 3306 diesem Erstlingswerke des Dichters schon das große Talent
1978 3277 3085 3337 und die feine Beobachtungsgabe Schnitzlers verrät, ver¬
2001 3321 3094 3402 fehlte denn auch nicht seine Wirkung auf das distin¬
1990 3375 3087 3465 quierte, durchwegs auf Schnitzler gestimmte Publikum.
1991 3427 3097 3500 Der Direktion des Bürgertheaters gebührt für dieses
1965 3492 2855 3546 interessante literarische Experiment nur Lob.
2980 3500 3119 3613 12
