3532 4352
203 259 1605 333 Zeit an= Bauer richtet sich auf und schreit: „Cilla!“ Und die Bäuerin
191 326 1605 384 hr Denner preßt ihm die Hand auf den Mund, bis er erstickt, tot zu¬
413 373 1626 439 rücksinkt. Jetzt gehört er ihr, jetzt weint sie erst um ihn, jetzt
204 374 396 442 rzugleich
414 419 1158 487 kann ihr ihn niemand mehr nehmen.
205 424 389 489 anregen¬
490 463 1613 520 Das zweite Drama „Eine Zuflucht“ ist kaum weni¬
196 471 405 537 in Fanny
407 519 1620 578 ger grauenvoll. Es geleitet uns in eine Korrektionsanstalt
212 524 398 581 auf das
410 574 1619 625 undöffnetunsdie Seele einer Arbeitshäuslerin, die von Besse¬
194 563 394 633 tes höchst
416 611 1616 667 rung, Anständigkeit, Wohltat und Barmherzigkeit nichts
185 616 398 680 krum, weil
413 658 1628 726 wissen will und nur eines empfindet, Heimweh zu ihrem
198 669 391 732 erachtung
413 709 1619 782 „Kerl“. Der vierte (im Lustspieltheater dritte) Einakter ist
191 715 403 780 secht, Un¬
413 753 1623 834 ein Volksstück und heißt „Mutter". Er könnte auch „Müt¬
201 765 396 831 en. Es sei
413 806 1616 873 ter“ heißen und bringt wiederum ein Ringen zwischen Alter
194 815 402 881 al geliebt
408 851 1623 918 und Jugend. Die alte Greislerin, in deren Laden das Stück
181 864 391 937 uben und
408 917 1621 976 spielt, will hoch hinaus mit ihrem Sohn: er soll ein Mädchen
197 917 401 982 man ein
410 973 1616 1027 mit Ersparnissen und Erbschaftsaussichten heiraten. Der Fer¬
204 969 400 1038 d stoße es
410 1026 1630 1064 dinand aber macht sich wenig aus den Plänen seiner Mutter,
422 1063 1623 1123 durchkreuzt sie vielmehr, indem er mit einem armen Bauern¬
195 1056 399 1128 und diesen
409 1102 1628 1161 mädel folgenreiche Beziehungen anknüpft. Wie das die alte
197 1113 400 1179 hmen, die
415 1151 1626 1209 Mutter erfährt, übersiedelt die ganze Greislerei in einen
188 1163 411 1222 ur elend
413 1209 1631 1269 andern Bezirk und Ferdinand erhält den strengsten Befehl,
194 1205 396 1279 spielerin,
409 1249 1630 1314 mit der Bauerndirne zu brechen. Die junge Mutter aber zieht
203 1262 395 1328 weiß er,
410 1308 1620 1361 den kleinen Greisler=Enkel brav auf, verdient fleißig und
202 1306 401 1376 hen haben
418 1359 1621 1412 ruht nicht, bis sie den Ferdinand wieder findet und dadurch,
196 1364 407 1427 chen, das
413 1418 1628 1477 daß sie dem Waschlappen einen Hausmeisterposten zugleich
201 1409 408 1473 lartert sie
426 1464 1621 1515 mit sich selbst anbieten kann, ihrem Kind den Vater erkämpft.
207 1459 405 1525 s sie ihm
413 1499 1623 1561 Sie rührt durch ihre Behartlichkeit sogar die Altermutter, so
210 1508 411 1578 erfüllten
419 1547 1629 1623 daß hier ausnahmsweise — in der Wirklichkeit wird das
215 1561 402 1623 zu eitel
422 1620 1629 1674 wohl auch in diesem Fall selten zutreffen — der Streit zwi¬
225 1613 400 1668 ,um an
411 1665 1392 1711 ischen alt und jung friedlich ausgeglichen wird.
216 1658 405 1723 ich mich
500 1707 1622 1782 Für Frau Niese hatte das Lustspieltheater den Zyklus
225 1710 400 1776 dastand
419 1756 1630 1814 lerworben und die Künstlerin zeigte sich des in sie gesetzten
210 1759 412 1821 imm alle
416 1799 1629 1862 Vertrauens würdig. Sie schuf als Mitte=Lange=Bäuerin im
212 1805 404 1878 Ich bin
429 1861 1635 1923 ersten, als tschechische Arbeitshausaufseherin Frau Ku¬
206 1863 414 1931 erin und
416 1916 1631 1967 bitschka im zweiten und als Leni im dritten Stück drei un¬
207 1910 402 1973 besser ist
415 1954 972 2019 svergeßliche Charakterbilder.
225 1961 410 2040 kontrakt.
233 2019 404 2073 Tenner
514 1999 1032 2085 Wien, Anfang Oktober.
959 2063 1068 2139 2
207 2080 414 2170 hnt und
212 2156 410 2220 ##u#rde das
201 2204 420 2271 ziemlich
208 2256 429 2333 Sache ist
219 2304 415 2365 hufdring¬
226 2352 420 2415 er Autor
217 2404 421 2481 edanken
235 2452 413 2513 versteht.
228 2499 419 2564 erst 1902
241 2549 423 2615 benutzt
214 2587 420 2665 chauspiel
224 2651 431 2720 ung war
227 2700 422 2764 ede als
233 2745 426 2815 gehender
232 2826 431 2914 sich der
228 2898 436 2966 chiedenen
227 2950 428 3012 esist der
224 2999 428 3063 kenzyklus
229 3043 435 3117 Die Ko¬
224 3093 430 3160 en nicht
224 3150 422 3216 ng aller
227 3201 424 3255 erabends
231 3246 427 3313 inisch ist.
232 3293 436 3359 in eines
253 3343 435 3406 Kundke
240 3389 433 3450 erdientes
239 3443 439 3507 schlagung
236 3490 432 3559 esuch mit
244 3593 439 3666 e=Lange¬
240 3637 441 3704 e=Lange¬
257 3691 427 3754 Knecht
245 3737 431 3803 uft. Nun
268 3788 429 3850 Fieber
275 3844 436 3910 schönen
243 3889 436 3953 eder vor
249 3938 438 4022 Laß ihn
248 3993 435 4059 arkerzen,
249 4039 438 4090 kann der
243 4085 451 4159 im Dorf,
253 4129 435 4192 in is er.
272 4180 431 4246 sche, die
2880 193 3241 285 bos 7/2
2163 198 2727 273 Das Maerchen
2028 208 2145 285 3.
2334 242 2652 313 E CA
2713 867 3108 961 Telephon 12801.
1974 1145 3130 1229 ∆ l. österr. behördl. konz. Unternehmen für Zeitungs-Ausschnitte
2137 1185 3023 1286 Wien, I., Concordiaplatz 4.
2372 1254 2811 1334 Vertretungen
1968 1277 2070 1350 —
1984 1315 3124 1378 0 in Berlin, Budapest, Chicago, Christiania, Genf, Kopen¬
1973 1346 3132 1435 hagen, London, Madrid, Mailand, Minneapolis, New-Vork,
1986 1387 3093 1482 0 Paris, Rom, San Francisco, Stockholm, St. Petersburg.
2399 1434 2787 1502 QQuellenangabe ohne Gewahr.
1990 1455 3059 1579 = Ausschnikteseslsadische Landes Zeitu#
2525 1534 2802 1620 Mannheim
1974 1553 2067 1631 8
1982 1624 2212 1688 E vom:
2296 1689 2755 1768 wiener Theater.
1938 1755 3088 1822 Ein Inlendwerk Schnißzters. — Thesenstück oder Autobiographie. —
2201 1792 3090 1849 — Esmanns „aites Heim“. — Klara Viebigs „Kampf
1946 1807 2206 1886 Alt und Jung.
2313 1834 3057 1901 mit und ohne Narkose. — Kunst Leden und
1987 1846 2284 1906 um den Mann“
2402 1874 2646 1938 Versöhnung.
2554 1890 3062 1990 Wien, Anfang Oktober.
2033 1951 3105 2045 Ein fünszehn Jahr# ##tes Jugendwerk-Artur Schnitz¬
1950 2021 3109 2080 lers ist in der gekürzten und verbesserten
1952 2047 3101 2115 der Dichter vor fünf Jahren bei S. Fischer hat erscheinen
1945 2103 3118 2162 lassen, im Bürger= (nicht Burg=) Theater wieder in Szene
1945 2146 3105 2193 gegangen. „Das Märchen“. In Anatols Tagen hat
1945 2164 3097 2225 man dieses Schauspiel im Volksihater schmählich durch¬
1956 2203 3099 2265 fallen lassen. Heute haben es Publikus und Kritikus leicht,
1959 2254 3112 2321 rückwärts schauend, den Prophelen zu spielen: „Den ganzen
1959 2281 3115 2359 Schnitzler findet man schon in dem Stück. Und seine Lehr¬
1957 2326 3111 2389 veister, Dumas, Sardon et ceteros von Ibsens Gedanken¬
2565 2365 3103 2422 Das ist ja alles recht schön.
1958 2380 2480 2442 blässe schwach angekränkelt
1959 2405 3125 2489 Hätten es die Onkels aber damals gesagt, dann hätten sie uns
1952 2467 2401 2522 viel mehr imponiert.
2050 2475 3115 2552 Mit dem Ab= und Endurteil: „Thesenstück!“ sollte auch
1960 2530 3112 2592 die vom Publikum beifälligst ausgenommene Ausgrabung
1968 2559 3119 2617 erledigt werden. Wer aber nicht geradezu auf Thesen= und
1968 2608 3120 2660 Tendenzsagd ausgeht, braucht solchen Frevel im „Märchen“.
1968 2638 3124 2701 nicht zu bemerken, trotz dem kriegerischen Titel. Schnitzler
1971 2666 3128 2734 hat hier einfach wie in seinen andern Werken aus der näm¬
1979 2715 3124 2778 lichen Zeit das Milieu geschildert, worin er damals heimisch
1973 2755 3123 2819 war, die Welt des etwas blasierten, skeptischen Dichter=Lebe¬
1977 2808 2735 2863 mannes und des süßen Vorstadtmädels.
2053 2812 3111 2885 Ganz deutlich gebt aus der Schilderung hervor, daß der
1967 2871 3128 2925 Pocte zwar mit der Boheme des Cafe Größenwahn geraume,
1974 2918 3117 2970 Zeit auf bestem Fuß stand, sich aber doch selbst nie — er
2858 2942 3120 3002 als rechten
1988 2963 2789 3011 stammt aus sehr wohlhabender Familie
1981 2993 3129 3045 Bohemien empfand. Mit leisem Spott sind die Kunstzigeuner,
1981 3027 3121 3096 mit sichtlicher Vorliebe die Wohlsituierten, Dr. Witte und
1976 3070 3133 3140 Denner, gezeichnet. Virlleicht ist das Märchen sogar erlebt
1988 3107 3036 3177 und Denner ein verblaßtes Selbstbildnis Schnitzlers.
2059 3125 3117 3198 Erlebt nicht jeder junge Proßstädter eine solche Ge¬
1981 3184 3116 3241 schichte? Von wieviel Vorurteilen fühlen wir uns frei im
1980 3232 3130 3284 ersten Ungestüm studenzischer Fessellosigkeit! Stellt uns das
1984 3274 3120 3322 Leben dann auf die Probe, wie wenige sind imstande, ihre
1985 3311 3130 3362 vergötierte Theorie in die Praxis umzusehzen. Wer ist nie
1985 3331 3132 3398 ein Fedor Denner gewesen, der im ersten Akt das Vorurteil
1979 3385 3122 3434 gegen die Gefallenen für ein überwundenes Märchen erklärt
1982 3428 3134 3476 und im dritten Akte diesem selben Vorurteil in eigener Sache
2366 3466 2402 3496 —
1995 3472 3135 3516 kraftlos unterlegt? Tie Theie steilt darin, aber als Thesen¬
1982 3498 3042 3586 stück ist das Schauspiel deswegen nicht gleich abzutun.
1969 3548 3042 3634 Die anderen Mängel des Jugendwerkes sind weniger
1885 3631 3040 3674 zu leugnen. Die Charakteristik ist noch nicht so prägnant,
1886 3655 3038 3708 der Dialog noch nicht so ausgeglichen, das gedankliche Element
1889 3704 3053 3772 noch nicht so völlig im künstlerischen Organismus aufge¬
1892 3740 2875 3817 gangen, wie das später bei Schnitzler der Fall ist.
2611 3799 2841 3893 —
