<?xml version="1.0" encoding="UTF-8" standalone="yes"?>
<PcGts xmlns="http://schema.primaresearch.org/PAGE/gts/pagecontent/2013-07-15" xmlns:xsi="http://www.w3.org/2001/XMLSchema-instance" xsi:schemaLocation="http://schema.primaresearch.org/PAGE/gts/pagecontent/2013-07-15 http://schema.primaresearch.org/PAGE/gts/pagecontent/2013-07-15/pagecontent.xsd">
    <Metadata>
        <Creator>prov=University of Rostock/Institute of Mathematics/CITlab/Gundram Leifert/gundram.leifert@uni-rostock.de:name=ONB_Newseye_GT_M1+(htr_id=10810)::::v=2.4.2
prov=University of Rostock/Institute of Mathematics/CITlab/Tobias Gruening/tobias.gruening@uni-rostock.de:name=de.uros.citlab.module.baseline2polygon.B2PSeamMultiOriented:v=2.4.2
prov=University of Rostock/Institute of Mathematics/CITlab/Tobias Gruening/tobias.gruening@uni-rostock.de:name=/mnt/transkribus/LA/DEA/URO/LA_news_onb_att.pb:de.uros.citlab.segmentation.CITlab_LA_ML:v=2.4.2
Transkribus</Creator>
        <Created>2019-10-07T11:57:27.543+02:00</Created>
        <LastChange>2019-10-08T21:01:51.390+02:00</LastChange>
        <TranskribusMetadata docId="224002" pageId="9505511" pageNr="72" tsid="16609575" status="IN_PROGRESS" userId="40391" imgUrl="https://files.transkribus.eu/Get?id=FWXNEJYSERDGWBYCTOAMJVUE&amp;fileType=view" xmlUrl="https://files.transkribus.eu/Get?id=WPQNJLILRZXIJUMNMXQQJFZA" imageId="6195725"/>
    </Metadata>
    <Page imageFilename="224002_0072.jpeg" imageWidth="3436" imageHeight="4352">
        <ReadingOrder>
            <OrderedGroup id="ro_1711444544271" caption="Regions reading order">
                <RegionRefIndexed index="0" regionRef="r1"/>
                <RegionRefIndexed index="1" regionRef="r2"/>
            </OrderedGroup>
        </ReadingOrder>
        <TextRegion orientation="0.0" id="r1" custom="readingOrder {index:0;}">
            <Coords points="240,266 240,3777 1543,3777 1543,266"/>
            <TextLine id="r1l1" custom="readingOrder {index:0;}">
                <Coords points="1121,296 1224,311 1285,306 1317,286 1376,296 1393,311 1447,293 1481,301 1491,299 1491,227 1388,237 1334,222 1291,247 1169,232 1121,245"/>
                <Baseline points="1129,292 1154,290 1179,290 1204,289 1230,290 1255,290 1280,291 1306,291 1331,292 1356,292 1381,293 1407,292 1432,291 1457,289 1483,287"/>
                <TextEquiv>
                    <Unicode>box 7/2</Unicode>
                </TextEquiv>
            </TextLine>
            <TextLine id="r1l2" custom="readingOrder {index:1;}">
                <Coords points="394,302 939,303 991,280 991,244 973,238 896,256 834,232 778,259 665,258 631,233 541,260 394,243"/>
                <Baseline points="403,294 432,293 461,292 490,292 519,291 548,291 577,290 606,290 635,290 664,290 693,289 722,289 751,289 780,289 809,289 838,289 867,289 896,289 925,290 954,290 983,290"/>
                <TextEquiv>
                    <Unicode>Das Maerchen</Unicode>
                </TextEquiv>
            </TextLine>
            <TextLine id="r1l3" custom="readingOrder {index:2;}">
                <Coords points="232,298 316,301 375,337 471,322 567,348 789,317 980,343 981,291 412,295 300,231 233,234"/>
                <Baseline points="240,289 276,295 313,301 349,305 386,308 423,311 459,313 496,314 532,315 569,315 606,315 642,315 679,315 715,314 752,313 789,312 825,312 862,311 898,311 935,311 972,312"/>
                <TextEquiv>
                    <Unicode>3. Anleshtenenentennnshen n</Unicode>
                </TextEquiv>
            </TextLine>
            <TextLine id="r1l4" custom="readingOrder {index:3;}">
                <Coords points="1120,769 1166,801 1510,795 1510,723 1387,736 1371,725 1340,741 1292,741 1215,711 1173,731 1120,721"/>
                <Baseline points="1129,769 1155,770 1182,771 1208,771 1235,771 1261,771 1288,771 1315,771 1341,771 1368,771 1394,770 1421,770 1447,771 1474,771 1501,772"/>
                <TextEquiv>
                    <Unicode>Telephon 12801.</Unicode>
                </TextEquiv>
            </TextLine>
            <TextLine id="r1l5" custom="readingOrder {index:4;}">
                <Coords points="386,947 551,982 1437,986 1460,898 1141,883 1057,947 987,883 928,918 870,878 802,944 631,892 387,890"/>
                <Baseline points="394,934 446,940 499,944 552,948 605,951 658,953 710,955 763,957 816,959 869,960 922,960 974,960 1027,961 1080,961 1133,960 1186,960 1238,960 1291,959 1344,959 1397,958 1450,958"/>
                <TextEquiv>
                    <Unicode>S MInTTSN</Unicode>
                </TextEquiv>
            </TextLine>
            <TextLine id="r1l6" custom="readingOrder {index:5;}">
                <Coords points="446,1028 1197,1052 1526,1020 1475,979 447,969"/>
                <Baseline points="455,1017 508,1017 561,1018 614,1018 667,1018 720,1019 773,1019 827,1020 880,1020 933,1021 986,1022 1039,1022 1092,1023 1145,1023 1199,1023 1252,1023 1305,1023 1358,1023 1411,1023 1464,1022 1518,1021"/>
                <TextEquiv>
                    <Unicode>I. österr. behördl. konz. Unternehmen für Zeitungs-Ausschnitte</Unicode>
                </TextEquiv>
            </TextLine>
            <TextLine id="r1l7" custom="readingOrder {index:6;}">
                <Coords points="550,1108 1411,1099 1411,1045 1384,1037 550,1040"/>
                <Baseline points="558,1089 600,1091 642,1092 684,1093 727,1094 769,1095 811,1095 853,1095 896,1095 938,1095 980,1095 1022,1095 1065,1094 1107,1094 1149,1094 1191,1094 1234,1094 1276,1094 1318,1094 1360,1095 1403,1096"/>
                <TextEquiv>
                    <Unicode>Wien, I., Concordiaplatz 4.</Unicode>
                </TextEquiv>
            </TextLine>
            <TextLine id="r1l8" custom="readingOrder {index:7;}">
                <Coords points="758,1164 897,1168 933,1155 981,1177 1105,1159 1151,1173 1197,1158 1197,1121 1182,1117 935,1129 906,1106 854,1126 759,1120"/>
                <Baseline points="766,1147 792,1149 818,1150 845,1151 871,1152 897,1152 924,1153 950,1154 977,1154 1003,1154 1029,1154 1056,1154 1082,1154 1108,1154 1135,1154 1161,1154 1188,1154"/>
                <TextEquiv>
                    <Unicode>Vertretungen</Unicode>
                </TextEquiv>
            </TextLine>
            <TextLine id="r1l9" custom="readingOrder {index:8;}">
                <Coords points="419,1205 1428,1224 1516,1190 1276,1155 419,1163"/>
                <Baseline points="428,1197 482,1199 536,1200 590,1201 644,1201 698,1202 752,1202 806,1202 860,1202 914,1202 968,1202 1022,1202 1076,1202 1130,1201 1184,1201 1238,1201 1292,1201 1346,1201 1400,1201 1454,1201 1508,1201"/>
                <TextEquiv>
                    <Unicode>in Berlin, Budapest, Chicago, Christiania, Genf, Kopen¬</Unicode>
                </TextEquiv>
            </TextLine>
            <TextLine id="r1l10" custom="readingOrder {index:9;}">
                <Coords points="356,1238 1520,1249 1475,1207 356,1205"/>
                <Baseline points="364,1239 421,1239 478,1239 536,1239 593,1239 651,1239 708,1239 765,1239 823,1239 880,1239 938,1239 995,1239 1052,1239 1110,1239 1167,1239 1225,1239 1282,1239 1339,1239 1397,1239 1454,1239 1512,1240"/>
                <TextEquiv>
                    <Unicode>hagen, London, Madrid, Mailand, Minneapolis, New-Vork,</Unicode>
                </TextEquiv>
            </TextLine>
            <TextLine id="r1l11" custom="readingOrder {index:10;}">
                <Coords points="469,1284 1352,1282 1443,1314 1493,1267 1401,1240 469,1248"/>
                <Baseline points="477,1277 527,1277 577,1278 628,1278 678,1278 728,1278 779,1278 829,1278 879,1278 930,1278 980,1277 1030,1277 1081,1277 1131,1278 1181,1278 1232,1278 1282,1279 1332,1280 1383,1281 1433,1283 1484,1285"/>
                <TextEquiv>
                    <Unicode>Paris, Rom, San Francisco, Stockholm, St. Petersburg.</Unicode>
                </TextEquiv>
            </TextLine>
            <TextLine id="r1l12" custom="readingOrder {index:11;}">
                <Coords points="778,1313 825,1332 873,1317 925,1334 982,1315 1005,1328 1043,1321 1064,1342 1100,1324 1179,1333 1179,1296 1104,1283 1025,1294 855,1281 778,1299"/>
                <Baseline points="786,1314 811,1314 837,1313 862,1313 888,1313 914,1313 939,1313 965,1313 990,1313 1016,1313 1042,1313 1067,1314 1093,1315 1118,1316 1144,1317 1170,1318"/>
                <TextEquiv>
                    <Unicode>(Quelienangabe ohne Gewähr.)</Unicode>
                </TextEquiv>
            </TextLine>
            <TextLine id="r1l13" custom="readingOrder {index:12;}">
                <Coords points="402,1385 605,1411 876,1371 1343,1390 1342,1331 1254,1320 1056,1360 894,1315 829,1349 402,1328"/>
                <Baseline points="411,1378 457,1380 503,1381 549,1382 595,1382 642,1383 688,1383 734,1382 780,1382 826,1382 873,1381 919,1380 965,1379 1011,1379 1057,1378 1104,1377 1150,1376 1196,1376 1242,1375 1288,1375 1335,1374"/>
                <TextEquiv>
                    <Unicode> Ausschnitt aus: Der vaeugge</Unicode>
                </TextEquiv>
            </TextLine>
            <TextLine id="r1l14" custom="readingOrder {index:13;}">
                <Coords points="364,1442 372,1442 377,1446 398,1442 410,1447 440,1439 438,1376 428,1374 419,1384 406,1385 396,1375 393,1379 386,1377 378,1381 370,1388 362,1388"/>
                <Baseline points="371,1425 401,1423 431,1423"/>
                <TextEquiv>
                    <Unicode>13</Unicode>
                </TextEquiv>
            </TextLine>
            <TextLine id="r1l15" custom="readingOrder {index:14;}">
                <Coords points="363,1486 451,1522 678,1536 755,1523 816,1542 858,1531 864,1445 645,1424 606,1460 479,1438 366,1446"/>
                <Baseline points="372,1477 397,1479 422,1481 447,1483 472,1483 498,1484 523,1485 548,1486 573,1487 598,1487 624,1488 649,1489 674,1491 699,1493 724,1495 750,1498 775,1501 800,1505 825,1511 851,1516"/>
                <TextEquiv>
                    <Unicode>2 vom: “ 100</Unicode>
                </TextEquiv>
            </TextLine>
            <TextLine id="r1l16" custom="readingOrder {index:15;}">
                <Coords points="1042,1523 1110,1534 1129,1527 1149,1538 1182,1529 1206,1538 1237,1532 1285,1541 1283,1478 1249,1481 1206,1458 1194,1460 1164,1431 1140,1435 1090,1409 1039,1410"/>
                <Baseline points="1050,1517 1075,1517 1100,1517 1125,1515 1150,1514 1175,1513 1200,1512 1225,1512 1250,1512 1276,1513"/>
                <TextEquiv>
                    <Unicode>2et</Unicode>
                </TextEquiv>
            </TextLine>
            <TextLine id="r1l17" custom="readingOrder {index:16;}">
                <Coords points="460,1684 1314,1680 1314,1606 1276,1593 941,1610 877,1584 714,1592 662,1551 460,1551"/>
                <Baseline points="469,1672 510,1671 552,1670 594,1670 636,1669 678,1669 720,1668 761,1668 803,1668 845,1668 887,1668 929,1667 971,1668 1013,1668 1054,1668 1096,1668 1138,1669 1180,1669 1222,1670 1264,1671 1306,1671"/>
                <TextEquiv>
                    <Unicode>G5))/ Cheater und Kunst.</Unicode>
                </TextEquiv>
            </TextLine>
            <TextLine id="r1l18" custom="readingOrder {index:17;}">
                <Coords points="1330,1713 1475,1728 1507,1723 1526,1709 1550,1715 1562,1552 1502,1553 1460,1536 1400,1535 1379,1546 1344,1537"/>
                <Baseline points="1340,1687 1365,1683 1390,1681 1416,1682 1441,1684 1466,1688 1492,1692 1517,1695 1543,1697"/>
                <TextEquiv>
                    <Unicode>(29</Unicode>
                </TextEquiv>
            </TextLine>
            <TextLine id="r1l19" custom="readingOrder {index:18;}">
                <Coords points="486,1751 1536,1772 1515,1731 1332,1714 487,1725"/>
                <Baseline points="495,1752 546,1752 598,1752 649,1753 701,1753 753,1754 804,1754 856,1754 907,1755 959,1755 1011,1756 1062,1756 1114,1757 1165,1758 1217,1759 1269,1759 1320,1761 1372,1762 1423,1763 1475,1764 1527,1766"/>
                <TextEquiv>
                    <Unicode>Bürgertheater. Man erinnert sich noch an die Premiere</Unicode>
                </TextEquiv>
            </TextLine>
            <TextLine id="r1l20" custom="readingOrder {index:19;}">
                <Coords points="433,1781 1545,1814 1526,1771 1222,1753 433,1763"/>
                <Baseline points="441,1790 495,1790 550,1791 605,1791 660,1792 714,1793 769,1794 824,1795 879,1796 933,1797 988,1797 1043,1798 1098,1799 1152,1800 1207,1800 1262,1801 1317,1801 1371,1801 1426,1801 1481,1801 1536,1800"/>
                <TextEquiv>
                    <Unicode>von Arthur Schnitzlers erstem größeren Bühnenwerk</Unicode>
                </TextEquiv>
            </TextLine>
            <TextLine id="r1l21" custom="readingOrder {index:20;}">
                <Coords points="436,1831 1348,1864 1538,1853 1539,1816 982,1788 437,1813"/>
                <Baseline points="445,1832 499,1831 553,1830 607,1830 662,1830 716,1830 770,1830 825,1831 879,1831 933,1832 988,1833 1042,1834 1096,1835 1150,1836 1205,1837 1259,1839 1313,1840 1368,1841 1422,1843 1476,1844 1531,1845"/>
                <TextEquiv>
                    <Unicode>„Das Märches m-Brutschen Volkstheater. Damals gab</Unicode>
                </TextEquiv>
            </TextLine>
            <TextLine id="r1l22" custom="readingOrder {index:21;}">
                <Coords points="442,1881 1533,1891 1532,1851 1435,1843 443,1845"/>
                <Baseline points="451,1872 504,1871 558,1870 611,1870 665,1870 719,1870 772,1871 826,1872 880,1873 933,1874 987,1875 1041,1876 1094,1878 1148,1879 1202,1880 1255,1881 1309,1882 1363,1882 1416,1883 1470,1883 1524,1883"/>
                <TextEquiv>
                    <Unicode>es ziemlich lebhaften Widerspruch, sowohl gegen Tendenz,</Unicode>
                </TextEquiv>
            </TextLine>
            <TextLine id="r1l23" custom="readingOrder {index:22;}">
                <Coords points="434,1912 1536,1920 1355,1877 434,1883"/>
                <Baseline points="442,1911 496,1911 550,1911 604,1912 659,1912 713,1912 767,1912 821,1912 876,1913 930,1913 984,1913 1038,1914 1093,1914 1147,1915 1201,1916 1255,1917 1310,1918 1364,1919 1418,1920 1472,1921 1527,1923"/>
                <TextEquiv>
                    <Unicode>wie Mache desselben, und auch heute, nach einer Reihe von</Unicode>
                </TextEquiv>
            </TextLine>
            <TextLine id="r1l24" custom="readingOrder {index:23;}">
                <Coords points="434,1965 1543,1963 1530,1923 435,1913"/>
                <Baseline points="442,1953 496,1953 551,1953 605,1953 660,1953 715,1953 769,1953 824,1953 879,1953 933,1953 988,1953 1043,1954 1097,1954 1152,1955 1207,1955 1261,1956 1316,1957 1371,1958 1425,1960 1480,1962 1535,1964"/>
                <TextEquiv>
                    <Unicode>Jahren, kann die Mehrheit des Dublikums dem Schauspiel</Unicode>
                </TextEquiv>
            </TextLine>
            <TextLine id="r1l25" custom="readingOrder {index:24;}">
                <Coords points="431,1988 1322,2024 1540,1997 1533,1965 431,1959"/>
                <Baseline points="440,1989 494,1989 549,1990 603,1990 658,1991 712,1991 767,1992 821,1992 876,1993 930,1994 985,1994 1040,1995 1094,1995 1149,1996 1203,1997 1258,1998 1312,1998 1367,1999 1421,2000 1476,2001 1531,2002"/>
                <TextEquiv>
                    <Unicode>keine um vieles bessere Gesinnung entgegenbringen. Aber be¬</Unicode>
                </TextEquiv>
            </TextLine>
            <TextLine id="r1l26" custom="readingOrder {index:25;}">
                <Coords points="427,2019 1545,2057 1527,2009 1362,1996 427,2000"/>
                <Baseline points="435,2033 490,2032 545,2030 600,2030 655,2029 710,2029 765,2029 820,2029 875,2030 930,2030 985,2031 1040,2032 1095,2033 1150,2034 1205,2035 1260,2036 1315,2038 1370,2039 1425,2040 1480,2042 1536,2043"/>
                <TextEquiv>
                    <Unicode>greiflicher, verständlicher ist es doch bewochen, denn die</Unicode>
                </TextEquiv>
            </TextLine>
            <TextLine id="r1l27" custom="readingOrder {index:26;}">
                <Coords points="433,2080 1535,2074 1462,2036 433,2022"/>
                <Baseline points="441,2069 495,2069 549,2069 603,2069 658,2069 712,2069 766,2070 821,2070 875,2071 929,2071 984,2072 1038,2073 1092,2074 1146,2075 1201,2076 1255,2077 1309,2079 1364,2080 1418,2081 1472,2083 1527,2085"/>
                <TextEquiv>
                    <Unicode>späteren Arheiten Schnitzlers bilden, ## möchte sagen: eine</Unicode>
                </TextEquiv>
            </TextLine>
            <TextLine id="r1l28" custom="readingOrder {index:27;}">
                <Coords points="434,2118 1336,2131 1403,2126 1404,2082 434,2081"/>
                <Baseline points="443,2105 490,2106 538,2107 585,2108 633,2109 681,2109 728,2109 776,2110 824,2110 871,2111 919,2112 967,2112 1014,2112 1062,2113 1110,2114 1157,2114 1205,2115 1253,2116 1300,2117 1348,2118 1396,2119"/>
                <TextEquiv>
                    <Unicode>Ergänzung dieses Erstlingswerkes, aus welchen aile a</Unicode>
                </TextEquiv>
            </TextLine>
            <TextLine id="r1l29" custom="readingOrder {index:28;}">
                <Coords points="426,2152 679,2150 694,2163 795,2149 795,2115 779,2113 753,2126 742,2114 686,2124 588,2109 566,2122 542,2110 426,2112"/>
                <Baseline points="434,2141 459,2143 484,2145 509,2146 534,2147 560,2148 585,2148 610,2148 635,2148 660,2148 686,2148 711,2147 736,2147 761,2147 787,2148"/>
                <TextEquiv>
                    <Unicode>mehr oder weniger</Unicode>
                </TextEquiv>
            </TextLine>
            <TextLine id="r1l30" custom="readingOrder {index:29;}">
                <Coords points="903,2146 982,2169 995,2156 1070,2167 1093,2150 1140,2170 1261,2156 1328,2169 1329,2121 1298,2116 1258,2140 1216,2121 1090,2127 1064,2116 1031,2130 904,2118"/>
                <Baseline points="912,2150 937,2151 963,2151 988,2152 1014,2153 1039,2153 1065,2154 1090,2155 1116,2155 1141,2156 1167,2156 1192,2157 1218,2157 1243,2157 1269,2157 1294,2157 1320,2157"/>
                <TextEquiv>
                    <Unicode>Ursprung nahmen. 1</Unicode>
                </TextEquiv>
            </TextLine>
            <TextLine id="r1l31" custom="readingOrder {index:30;}">
                <Coords points="423,2179 454,2198 533,2186 587,2201 695,2188 712,2201 744,2190 758,2204 806,2203 839,2188 839,2166 790,2147 744,2161 640,2146 626,2156 424,2151"/>
                <Baseline points="432,2180 458,2183 485,2185 511,2185 538,2186 564,2186 591,2187 617,2187 644,2187 670,2187 697,2187 723,2187 750,2187 776,2188 803,2189 830,2190"/>
                <TextEquiv>
                    <Unicode>war auch der Erfale</Unicode>
                </TextEquiv>
            </TextLine>
            <TextLine id="r1l32" custom="readingOrder {index:31;}">
                <Coords points="888,2208 937,2194 970,2206 988,2193 1030,2216 1061,2196 1114,2202 1132,2189 1161,2207 1269,2212 1333,2197 1333,2183 1294,2160 1143,2169 1093,2149 1071,2167 980,2168 888,2143"/>
                <Baseline points="897,2192 922,2192 947,2192 972,2192 997,2192 1022,2193 1047,2193 1072,2193 1097,2193 1123,2193 1148,2193 1173,2193 1198,2193 1223,2194 1248,2194 1273,2194 1298,2195 1324,2195"/>
                <TextEquiv>
                    <Unicode>Bürgertheater ein guter</Unicode>
                </TextEquiv>
            </TextLine>
            <TextLine id="r1l33" custom="readingOrder {index:32;}">
                <Coords points="426,2225 493,2226 515,2242 561,2228 620,2241 656,2225 731,2238 882,2232 882,2208 848,2198 671,2202 637,2187 602,2202 525,2187 488,2198 426,2183"/>
                <Baseline points="434,2219 459,2222 485,2224 511,2226 537,2226 563,2227 588,2227 614,2227 640,2226 666,2226 692,2225 718,2225 743,2225 769,2224 795,2225 821,2225 847,2226 873,2228"/>
                <TextEquiv>
                    <Unicode>noch dazu, wenn man</Unicode>
                </TextEquiv>
            </TextLine>
            <TextLine id="r1l34" custom="readingOrder {index:33;}">
                <Coords points="1039,2236 1122,2246 1188,2229 1258,2253 1281,2240 1364,2241 1379,2253 1447,2242 1448,2214 1423,2202 1402,2214 1378,2194 1338,2213 1314,2199 1265,2213 1199,2196 1163,2207 1039,2199"/>
                <Baseline points="1047,2230 1073,2230 1099,2231 1125,2231 1151,2232 1177,2232 1203,2232 1229,2233 1256,2233 1282,2233 1308,2233 1334,2234 1360,2234 1386,2235 1412,2235 1439,2236"/>
                <TextEquiv>
                    <Unicode>daß es doch eigentlich</Unicode>
                </TextEquiv>
            </TextLine>
            <TextLine id="r1l35" custom="readingOrder {index:34;}">
                <Coords points="954,2245 964,2244 968,2239 991,2243 1007,2238 1016,2238 1023,2244 1032,2235 1042,2235 1040,2209 1029,2209 1013,2200 1004,2203 997,2196 989,2200 980,2196 970,2206 952,2207"/>
                <Baseline points="962,2236 998,2234 1034,2232"/>
                <TextEquiv>
                    <Unicode>enkt,</Unicode>
                </TextEquiv>
            </TextLine>
            <TextLine id="r1l36" custom="readingOrder {index:35;}">
                <Coords points="425,2261 1443,2294 1518,2292 1519,2249 425,2225"/>
                <Baseline points="433,2263 486,2264 540,2264 594,2265 648,2266 702,2267 756,2268 810,2268 864,2269 918,2270 972,2271 1025,2272 1079,2273 1133,2274 1187,2274 1241,2275 1295,2276 1349,2276 1403,2277 1457,2277 1511,2278"/>
                <TextEquiv>
                    <Unicode>Wagnis gewesen, das seinerzeit abgelehnte Schauspiel nu¬</Unicode>
                </TextEquiv>
            </TextLine>
            <TextLine id="r1l37" custom="readingOrder {index:36;}">
                <Coords points="421,2288 988,2337 1350,2319 1472,2354 1540,2299 422,2257"/>
                <Baseline points="429,2302 484,2304 539,2306 594,2307 649,2308 704,2309 759,2309 814,2310 869,2310 924,2311 980,2311 1035,2311 1090,2312 1145,2312 1200,2313 1255,2314 1310,2315 1365,2317 1420,2318 1475,2320 1531,2323"/>
                <TextEquiv>
                    <Unicode>wieder auf die Bühne zu bringen. Die Darstellung vermochte,</Unicode>
                </TextEquiv>
            </TextLine>
            <TextLine id="r1l38" custom="readingOrder {index:37;}">
                <Coords points="426,2352 524,2366 636,2342 663,2359 726,2346 779,2361 837,2358 863,2334 887,2359 945,2361 933,2311 427,2318"/>
                <Baseline points="435,2340 460,2342 485,2343 510,2343 535,2344 560,2344 585,2344 610,2344 635,2344 660,2344 686,2343 711,2343 736,2343 761,2343 786,2343 811,2343 836,2343 861,2345 886,2346 911,2347 937,2349"/>
                <TextEquiv>
                    <Unicode>allgemein gesprochen, nich</Unicode>
                </TextEquiv>
            </TextLine>
            <TextLine id="r1l39" custom="readingOrder {index:38;}">
                <Coords points="425,2388 762,2386 820,2407 976,2387 963,2351 425,2352"/>
                <Baseline points="433,2377 459,2378 486,2380 513,2381 539,2381 566,2382 593,2383 619,2383 646,2383 673,2383 700,2383 726,2383 753,2383 780,2383 806,2383 833,2384 860,2384 886,2384 913,2384 940,2384 967,2385"/>
                <TextEquiv>
                    <Unicode>das erforderliche Maß von</Unicode>
                </TextEquiv>
            </TextLine>
            <TextLine id="r1l40" custom="readingOrder {index:39;}">
                <Coords points="422,2418 654,2439 829,2425 935,2438 978,2420 962,2388 831,2413 761,2387 422,2390"/>
                <Baseline points="430,2418 457,2420 484,2421 511,2422 538,2423 565,2424 592,2424 619,2424 646,2425 673,2425 700,2425 727,2424 754,2424 781,2424 808,2424 835,2424 862,2423 889,2423 916,2423 943,2423 970,2423"/>
                <TextEquiv>
                    <Unicode>Wärme aufzubringen, welche</Unicode>
                </TextEquiv>
            </TextLine>
            <TextLine id="r1l41" custom="readingOrder {index:40;}">
                <Coords points="419,2470 696,2478 750,2461 774,2476 970,2478 970,2434 419,2429"/>
                <Baseline points="427,2464 453,2464 480,2464 507,2464 534,2464 560,2464 587,2464 614,2464 641,2464 667,2464 694,2464 721,2464 748,2464 774,2464 801,2464 828,2464 855,2465 881,2465 908,2465 935,2466 962,2467"/>
                <TextEquiv>
                    <Unicode>speziell in diesem Falle nötig</Unicode>
                </TextEquiv>
            </TextLine>
            <TextLine id="r1l42" custom="readingOrder {index:41;}">
                <Coords points="420,2504 980,2516 981,2475 420,2470"/>
                <Baseline points="428,2503 455,2503 482,2503 509,2503 536,2503 564,2503 591,2503 618,2503 645,2503 672,2503 700,2503 727,2503 754,2504 781,2504 808,2504 836,2504 863,2505 890,2505 917,2506 944,2506 972,2507"/>
                <TextEquiv>
                    <Unicode>gewesen wäre. Wir Wiener</Unicode>
                </TextEquiv>
            </TextLine>
            <TextLine id="r1l43" custom="readingOrder {index:42;}">
                <Coords points="420,2537 528,2558 559,2543 695,2546 729,2563 976,2538 976,2520 937,2506 793,2521 726,2501 584,2516 420,2504"/>
                <Baseline points="429,2540 457,2540 485,2540 514,2541 542,2541 570,2542 599,2542 627,2542 655,2543 684,2543 712,2543 741,2544 769,2544 797,2544 826,2544 854,2544 882,2545 911,2545 939,2545 968,2545"/>
                <TextEquiv>
                    <Unicode>brauchen eben eine ganz ei¬</Unicode>
                </TextEquiv>
            </TextLine>
            <TextLine id="r1l44" custom="readingOrder {index:43;}">
                <Coords points="425,2592 976,2589 976,2559 908,2547 727,2563 698,2546 497,2555 425,2538"/>
                <Baseline points="433,2576 459,2577 486,2579 513,2579 539,2581 566,2582 593,2582 619,2583 646,2583 673,2584 700,2584 726,2584 753,2584 780,2584 806,2584 833,2584 860,2584 886,2584 913,2584 940,2584 967,2584"/>
                <TextEquiv>
                    <Unicode>gene Stimulanz, um mit der</Unicode>
                </TextEquiv>
            </TextLine>
            <TextLine id="r1l45" custom="readingOrder {index:44;}">
                <Coords points="428,2629 799,2637 984,2614 878,2580 794,2598 567,2581 428,2592"/>
                <Baseline points="436,2618 464,2619 492,2620 521,2621 549,2621 577,2622 606,2622 634,2622 662,2622 691,2622 719,2622 748,2622 776,2622 804,2622 833,2623 861,2623 889,2623 918,2623 946,2624 975,2625"/>
                <TextEquiv>
                    <Unicode>Bühne in vollkommenen Kon¬</Unicode>
                </TextEquiv>
            </TextLine>
            <TextLine id="r1l46" custom="readingOrder {index:45;}">
                <Coords points="416,2647 449,2667 567,2661 588,2677 611,2663 787,2677 859,2653 920,2677 980,2674 980,2633 958,2626 935,2639 416,2626"/>
                <Baseline points="424,2659 451,2659 478,2660 506,2661 533,2661 561,2661 588,2662 615,2662 643,2663 670,2663 698,2663 725,2663 752,2663 780,2664 807,2664 835,2664 862,2663 889,2663 917,2663 944,2663 972,2662"/>
                <TextEquiv>
                    <Unicode>takt treten zu können; das</Unicode>
                </TextEquiv>
            </TextLine>
            <TextLine id="r1l47" custom="readingOrder {index:46;}">
                <Coords points="425,2699 538,2715 658,2703 703,2721 726,2703 749,2716 808,2699 849,2717 970,2707 970,2675 888,2662 787,2677 532,2661 425,2679"/>
                <Baseline points="434,2704 460,2703 486,2702 513,2702 539,2701 565,2701 592,2701 618,2701 644,2701 671,2701 697,2701 723,2701 750,2702 776,2702 802,2702 829,2702 855,2702 881,2701 908,2701 934,2701 961,2700"/>
                <TextEquiv>
                    <Unicode>„gewisse Etwas“ zur Herbei¬</Unicode>
                </TextEquiv>
            </TextLine>
            <TextLine id="r1l48" custom="readingOrder {index:47;}">
                <Coords points="417,2757 469,2739 965,2758 977,2704 417,2712"/>
                <Baseline points="426,2739 453,2739 480,2739 507,2739 534,2739 561,2739 588,2740 615,2740 642,2741 669,2741 697,2742 724,2742 751,2742 778,2743 805,2743 832,2743 859,2744 886,2744 913,2744 940,2743 968,2743"/>
                <TextEquiv>
                    <Unicode>führung dieses letzteren sehlt</Unicode>
                </TextEquiv>
            </TextLine>
            <TextLine id="r1l49" custom="readingOrder {index:48;}">
                <Coords points="421,2768 634,2795 691,2779 830,2796 879,2779 913,2797 977,2777 978,2749 587,2740 521,2754 468,2740 422,2757"/>
                <Baseline points="430,2775 458,2776 486,2777 515,2778 543,2779 571,2779 600,2780 628,2780 656,2781 685,2781 713,2782 742,2782 770,2782 798,2783 827,2783 855,2783 883,2783 912,2784 940,2784 969,2784"/>
                <TextEquiv>
                    <Unicode>aber stets fast sämtlichen aus</Unicode>
                </TextEquiv>
            </TextLine>
            <TextLine id="r1l50" custom="readingOrder {index:49;}">
                <Coords points="415,2807 704,2836 730,2822 773,2836 961,2829 961,2791 877,2778 829,2796 690,2779 639,2794 415,2788"/>
                <Baseline points="423,2816 449,2816 476,2817 502,2818 529,2818 555,2819 582,2819 608,2820 635,2820 661,2821 688,2821 714,2821 741,2822 767,2822 794,2823 820,2823 847,2823 873,2823 900,2823 926,2824 953,2824"/>
                <TextEquiv>
                    <Unicode>dem Reiche neu importierten</Unicode>
                </TextEquiv>
            </TextLine>
            <TextLine id="r1l51" custom="readingOrder {index:50;}">
                <Coords points="416,2862 641,2872 687,2853 856,2874 900,2851 931,2876 972,2856 972,2825 792,2836 521,2817 500,2830 416,2808"/>
                <Baseline points="424,2857 451,2857 478,2857 505,2857 532,2858 559,2858 586,2858 613,2859 640,2859 667,2859 694,2859 721,2859 748,2859 775,2860 802,2860 829,2860 856,2860 883,2860 910,2860 937,2860 964,2860"/>
                <TextEquiv>
                    <Unicode>Schauspielern. Sie sind in</Unicode>
                </TextEquiv>
            </TextLine>
            <TextLine id="r1l52" custom="readingOrder {index:51;}">
                <Coords points="415,2884 472,2909 493,2896 966,2904 966,2872 894,2882 873,2864 415,2861"/>
                <Baseline points="422,2895 448,2895 475,2895 502,2895 529,2895 555,2895 582,2895 609,2895 636,2894 662,2894 689,2894 716,2894 743,2894 769,2895 796,2895 823,2896 850,2896 876,2897 903,2898 930,2899 957,2901"/>
                <TextEquiv>
                    <Unicode>ihrem ganzen Gehaben zu</Unicode>
                </TextEquiv>
            </TextLine>
            <TextLine id="r1l53" custom="readingOrder {index:52;}">
                <Coords points="418,2940 698,2953 719,2935 837,2955 979,2937 979,2907 922,2917 896,2902 418,2906"/>
                <Baseline points="427,2933 454,2935 481,2936 508,2936 535,2937 563,2937 590,2938 617,2938 644,2938 671,2938 699,2938 726,2938 753,2938 780,2938 807,2938 835,2938 862,2938 889,2938 916,2938 943,2938 971,2938"/>
                <TextEquiv>
                    <Unicode>steif, zu korrekt, es fehlt ihnen</Unicode>
                </TextEquiv>
            </TextLine>
            <TextLine id="r1l54" custom="readingOrder {index:53;}">
                <Coords points="421,2988 972,2989 959,2949 467,2948 451,2934 421,2947"/>
                <Baseline points="429,2974 455,2975 482,2975 509,2975 536,2975 562,2976 589,2976 616,2977 643,2977 669,2977 696,2978 723,2978 750,2978 776,2978 803,2978 830,2979 857,2979 883,2979 910,2979 937,2979 964,2979"/>
                <TextEquiv>
                    <Unicode>der erquickende, lebensprühen¬</Unicode>
                </TextEquiv>
            </TextLine>
            <TextLine id="r1l55" custom="readingOrder {index:54;}">
                <Coords points="424,3012 582,3021 612,3005 638,3025 844,3019 953,3037 967,2988 486,2989 460,2973 424,2991"/>
                <Baseline points="431,3013 457,3013 483,3014 510,3014 536,3015 562,3015 589,3016 615,3016 641,3017 668,3017 694,3017 720,3018 747,3018 773,3018 799,3018 826,3019 852,3019 878,3019 905,3019 931,3019 958,3019"/>
                <TextEquiv>
                    <Unicode>de Odem der Wiener Ath¬</Unicode>
                </TextEquiv>
            </TextLine>
            <TextLine id="r1l56" custom="readingOrder {index:55;}">
                <Coords points="417,3044 496,3066 823,3054 849,3074 971,3061 972,3033 418,3014"/>
                <Baseline points="425,3053 453,3053 481,3054 510,3054 538,3055 566,3055 595,3056 623,3056 651,3056 680,3056 708,3057 737,3057 765,3057 793,3058 822,3058 850,3058 878,3059 907,3060 935,3060 964,3061"/>
                <TextEquiv>
                    <Unicode>mosphäre, und darum wirken</Unicode>
                </TextEquiv>
            </TextLine>
            <TextLine id="r1l57" custom="readingOrder {index:56;}">
                <Coords points="422,3097 929,3106 968,3100 969,3061 864,3080 823,3059 490,3072 423,3058"/>
                <Baseline points="430,3091 456,3092 483,3093 509,3094 536,3094 562,3095 589,3095 615,3096 642,3096 668,3096 695,3097 721,3097 748,3097 774,3097 801,3098 827,3098 854,3098 880,3098 907,3098 933,3098 960,3098"/>
                <TextEquiv>
                    <Unicode>sie nicht so auf uns ein, wie</Unicode>
                </TextEquiv>
            </TextLine>
            <TextLine id="r1l58" custom="readingOrder {index:57;}">
                <Coords points="420,3125 533,3147 580,3133 614,3155 826,3134 964,3157 965,3110 788,3096 507,3108 421,3090"/>
                <Baseline points="428,3129 454,3130 480,3131 507,3131 533,3132 560,3132 586,3132 612,3133 639,3133 665,3133 692,3133 718,3134 744,3134 771,3134 797,3134 824,3134 850,3135 876,3135 903,3136 929,3136 956,3137"/>
                <TextEquiv>
                    <Unicode>die auf heimatlichem Boden</Unicode>
                </TextEquiv>
            </TextLine>
            <TextLine id="r1l59" custom="readingOrder {index:58;}">
                <Coords points="418,3178 619,3187 640,3172 666,3186 726,3171 869,3193 966,3176 966,3153 902,3139 837,3153 418,3137"/>
                <Baseline points="426,3170 452,3172 479,3172 505,3173 532,3174 559,3174 585,3174 612,3174 638,3174 665,3175 692,3175 718,3175 745,3175 771,3175 798,3175 825,3175 851,3176 878,3176 904,3177 931,3178 958,3179"/>
                <TextEquiv>
                    <Unicode>geborenen, oder doch wenig¬</Unicode>
                </TextEquiv>
            </TextLine>
            <TextLine id="r1l60" custom="readingOrder {index:59;}">
                <Coords points="415,3204 498,3225 573,3215 705,3231 956,3218 956,3189 825,3177 729,3192 415,3176"/>
                <Baseline points="422,3211 448,3211 474,3211 500,3212 527,3212 553,3213 579,3213 606,3213 632,3214 658,3214 685,3215 711,3215 737,3216 763,3216 790,3217 816,3217 842,3217 869,3217 895,3217 921,3217 948,3217"/>
                <TextEquiv>
                    <Unicode>stens hierzulande bereits ak¬</Unicode>
                </TextEquiv>
            </TextLine>
            <TextLine id="r1l61" custom="readingOrder {index:60;}">
                <Coords points="412,3256 562,3268 682,3242 727,3261 938,3267 963,3261 963,3213 899,3232 571,3214 412,3225"/>
                <Baseline points="420,3248 446,3249 473,3250 500,3251 527,3252 553,3253 580,3253 607,3253 634,3254 660,3254 687,3254 714,3254 741,3254 767,3254 794,3255 821,3255 848,3255 874,3256 901,3256 928,3257 955,3258"/>
                <TextEquiv>
                    <Unicode>klimatisierten; noch dazu in</Unicode>
                </TextEquiv>
            </TextLine>
            <TextLine id="r1l62" custom="readingOrder {index:61;}">
                <Coords points="408,3292 906,3311 972,3289 972,3266 719,3267 678,3243 632,3264 443,3251 408,3264"/>
                <Baseline points="416,3288 443,3289 470,3291 498,3291 525,3292 552,3293 580,3294 607,3295 634,3295 662,3295 689,3296 716,3296 744,3296 771,3296 798,3297 826,3297 853,3297 880,3297 908,3297 935,3298 963,3298"/>
                <TextEquiv>
                    <Unicode>Rollen spezifisch wienerischen</Unicode>
                </TextEquiv>
            </TextLine>
            <TextLine id="r1l63" custom="readingOrder {index:62;}">
                <Coords points="411,3320 486,3342 732,3334 851,3343 872,3360 889,3344 961,3347 961,3308 881,3299 855,3312 734,3291 676,3306 412,3293"/>
                <Baseline points="420,3327 446,3329 473,3329 499,3331 526,3331 553,3332 579,3333 606,3333 632,3334 659,3334 686,3334 712,3334 739,3334 765,3334 792,3334 819,3334 845,3334 872,3334 898,3334 925,3333 952,3333"/>
                <TextEquiv>
                    <Unicode>Gepräges! Nichtsdestoweniger</Unicode>
                </TextEquiv>
            </TextLine>
            <TextLine id="r1l64" custom="readingOrder {index:63;}">
                <Coords points="406,3377 499,3383 537,3365 699,3392 735,3377 921,3391 956,3370 956,3346 732,3333 606,3350 407,3326"/>
                <Baseline points="414,3367 440,3369 467,3370 493,3371 520,3371 547,3372 573,3372 600,3372 627,3373 653,3373 680,3373 707,3373 733,3373 760,3373 787,3373 813,3374 840,3374 867,3374 893,3376 920,3376 947,3378"/>
                <TextEquiv>
                    <Unicode>seien die Bestrebungen der</Unicode>
                </TextEquiv>
            </TextLine>
            <TextLine id="r1l65" custom="readingOrder {index:64;}">
                <Coords points="402,3394 449,3420 629,3412 657,3427 958,3409 958,3388 932,3379 402,3377"/>
                <Baseline points="410,3406 437,3408 464,3409 491,3410 518,3411 545,3412 572,3412 599,3413 626,3413 653,3413 680,3414 707,3414 734,3414 761,3413 788,3413 815,3413 842,3413 869,3412 896,3412 923,3412 950,3411"/>
                <TextEquiv>
                    <Unicode>Herren John und Hart¬</Unicode>
                </TextEquiv>
            </TextLine>
            <TextLine id="r1l66" custom="readingOrder {index:65;}">
                <Coords points="406,3450 542,3462 565,3445 630,3464 658,3446 700,3465 751,3448 851,3466 969,3447 969,3426 892,3412 772,3430 406,3412"/>
                <Baseline points="414,3445 441,3447 468,3448 495,3449 523,3451 550,3451 577,3452 605,3452 632,3453 659,3453 687,3453 714,3452 741,3452 768,3452 796,3452 823,3451 850,3451 878,3450 905,3450 932,3450 960,3449"/>
                <TextEquiv>
                    <Unicode>berg, sich ihrer Aufgaben</Unicode>
                </TextEquiv>
            </TextLine>
            <TextLine id="r1l67" custom="readingOrder {index:66;}">
                <Coords points="403,3501 503,3483 576,3504 964,3492 964,3461 642,3466 484,3447 404,3462"/>
                <Baseline points="412,3489 439,3488 466,3488 493,3488 520,3488 548,3488 575,3488 602,3489 629,3489 656,3489 684,3490 711,3491 738,3491 765,3492 792,3493 820,3493 847,3494 874,3495 901,3495 928,3495 956,3495"/>
                <TextEquiv>
                    <Unicode>mit Geschmack zu entledigen,</Unicode>
                </TextEquiv>
            </TextLine>
            <TextLine id="r1l68" custom="readingOrder {index:67;}">
                <Coords points="412,3527 560,3549 589,3531 632,3545 731,3528 812,3546 965,3537 955,3491 877,3508 503,3484 412,3499"/>
                <Baseline points="420,3527 446,3527 473,3528 500,3528 527,3528 554,3528 580,3529 607,3530 634,3530 661,3531 688,3531 714,3531 741,3532 768,3532 795,3533 822,3533 848,3534 875,3534 902,3534 929,3534 956,3534"/>
                <TextEquiv>
                    <Unicode>anerkannt, wie auch nicht</Unicode>
                </TextEquiv>
            </TextLine>
            <TextLine id="r1l69" custom="readingOrder {index:68;}">
                <Coords points="402,3561 570,3583 646,3562 713,3582 963,3588 963,3545 939,3540 403,3527"/>
                <Baseline points="410,3564 437,3565 464,3565 491,3566 518,3566 546,3566 573,3567 600,3567 627,3567 654,3568 682,3568 709,3569 736,3569 763,3570 790,3570 818,3570 845,3571 872,3571 899,3572 926,3573 954,3573"/>
                <TextEquiv>
                    <Unicode>minder die Leistungen aller</Unicode>
                </TextEquiv>
            </TextLine>
            <TextLine id="r1l70" custom="readingOrder {index:69;}">
                <Coords points="404,3611 594,3603 767,3625 804,3612 845,3631 960,3602 960,3584 916,3577 674,3581 641,3560 592,3584 404,3562"/>
                <Baseline points="412,3604 439,3605 466,3606 493,3607 520,3607 547,3607 574,3607 601,3608 628,3608 655,3608 682,3608 709,3608 736,3608 763,3609 790,3609 817,3609 844,3609 871,3610 898,3611 925,3611 952,3612"/>
                <TextEquiv>
                    <Unicode>übrigen Mitwirkenden, der</Unicode>
                </TextEquiv>
            </TextLine>
            <TextLine id="r1l71" custom="readingOrder {index:70;}">
                <Coords points="400,3652 848,3646 888,3665 954,3646 955,3605 840,3626 400,3609"/>
                <Baseline points="408,3643 434,3643 461,3643 488,3643 515,3643 542,3643 569,3643 596,3644 623,3644 650,3644 677,3645 703,3646 730,3646 757,3647 784,3648 811,3649 838,3649 865,3651 892,3652 919,3652 946,3653"/>
                <TextEquiv>
                    <Unicode>Damen v. Brenneis und</Unicode>
                </TextEquiv>
            </TextLine>
            <TextLine id="r1l72" custom="readingOrder {index:71;}">
                <Coords points="401,3702 434,3683 960,3702 961,3661 402,3650"/>
                <Baseline points="410,3679 437,3680 464,3681 491,3681 518,3682 545,3682 572,3683 599,3683 626,3683 653,3684 681,3684 708,3684 735,3685 762,3685 789,3686 816,3687 843,3687 870,3689 897,3689 924,3691 952,3693"/>
                <TextEquiv>
                    <Unicode>Weede und ihrer Kollegen</Unicode>
                </TextEquiv>
            </TextLine>
            <TextLine id="r1l73" custom="readingOrder {index:72;}">
                <Coords points="409,3740 491,3723 921,3737 942,3734 943,3701 778,3683 711,3698 410,3691"/>
                <Baseline points="418,3720 443,3721 469,3721 495,3722 521,3722 547,3723 572,3723 598,3723 624,3724 650,3724 676,3725 701,3725 727,3726 753,3726 779,3727 805,3728 830,3728 856,3729 882,3730 908,3731 934,3732"/>
                <TextEquiv>
                    <Unicode>Jules, Brückner, Ber¬</Unicode>
                </TextEquiv>
            </TextLine>
            <TextLine id="r1l74" custom="readingOrder {index:73;}">
                <Coords points="397,3767 678,3766 722,3788 801,3773 839,3797 861,3785 862,3743 777,3729 397,3728"/>
                <Baseline points="406,3758 432,3761 458,3762 485,3764 511,3764 537,3764 564,3764 590,3764 616,3763 643,3763 669,3762 695,3762 722,3761 748,3762 774,3762 801,3764 827,3765 854,3767"/>
                <TextEquiv>
                    <Unicode>ger und Stollberg.</Unicode>
                </TextEquiv>
            </TextLine>
            <TextEquiv>
                <Unicode>box 7/2
Das Maerchen
3. Anleshtenenentennnshen n
Telephon 12801.
S MInTTSN
I. österr. behördl. konz. Unternehmen für Zeitungs-Ausschnitte
Wien, I., Concordiaplatz 4.
Vertretungen
in Berlin, Budapest, Chicago, Christiania, Genf, Kopen¬
hagen, London, Madrid, Mailand, Minneapolis, New-Vork,
Paris, Rom, San Francisco, Stockholm, St. Petersburg.
(Quelienangabe ohne Gewähr.)
 Ausschnitt aus: Der vaeugge
13
2 vom: “ 100
2et
G5))/ Cheater und Kunst.
(29
Bürgertheater. Man erinnert sich noch an die Premiere
von Arthur Schnitzlers erstem größeren Bühnenwerk
„Das Märches m-Brutschen Volkstheater. Damals gab
es ziemlich lebhaften Widerspruch, sowohl gegen Tendenz,
wie Mache desselben, und auch heute, nach einer Reihe von
Jahren, kann die Mehrheit des Dublikums dem Schauspiel
keine um vieles bessere Gesinnung entgegenbringen. Aber be¬
greiflicher, verständlicher ist es doch bewochen, denn die
späteren Arheiten Schnitzlers bilden, ## möchte sagen: eine
Ergänzung dieses Erstlingswerkes, aus welchen aile a
mehr oder weniger
Ursprung nahmen. 1
war auch der Erfale
Bürgertheater ein guter
noch dazu, wenn man
daß es doch eigentlich
enkt,
Wagnis gewesen, das seinerzeit abgelehnte Schauspiel nu¬
wieder auf die Bühne zu bringen. Die Darstellung vermochte,
allgemein gesprochen, nich
das erforderliche Maß von
Wärme aufzubringen, welche
speziell in diesem Falle nötig
gewesen wäre. Wir Wiener
brauchen eben eine ganz ei¬
gene Stimulanz, um mit der
Bühne in vollkommenen Kon¬
takt treten zu können; das
„gewisse Etwas“ zur Herbei¬
führung dieses letzteren sehlt
aber stets fast sämtlichen aus
dem Reiche neu importierten
Schauspielern. Sie sind in
ihrem ganzen Gehaben zu
steif, zu korrekt, es fehlt ihnen
der erquickende, lebensprühen¬
de Odem der Wiener Ath¬
mosphäre, und darum wirken
sie nicht so auf uns ein, wie
die auf heimatlichem Boden
geborenen, oder doch wenig¬
stens hierzulande bereits ak¬
klimatisierten; noch dazu in
Rollen spezifisch wienerischen
Gepräges! Nichtsdestoweniger
seien die Bestrebungen der
Herren John und Hart¬
berg, sich ihrer Aufgaben
mit Geschmack zu entledigen,
anerkannt, wie auch nicht
minder die Leistungen aller
übrigen Mitwirkenden, der
Damen v. Brenneis und
Weede und ihrer Kollegen
Jules, Brückner, Ber¬
ger und Stollberg.</Unicode>
            </TextEquiv>
        </TextRegion>
        <TextRegion orientation="0.0" id="r2" custom="readingOrder {index:1;}">
            <Coords points="1817,627 1817,3835 3160,3835 3160,627"/>
            <TextLine id="r2l1" custom="readingOrder {index:0;}">
                <Coords points="2581,671 2676,683 2982,681 2983,631 2958,637 2928,612 2703,626 2677,607 2583,591"/>
                <Baseline points="2590,650 2615,651 2641,652 2666,653 2692,653 2718,654 2743,654 2769,654 2794,654 2820,654 2846,655 2871,655 2897,656 2922,657 2948,658 2974,659"/>
                <TextEquiv>
                    <Unicode>Telephon 12801.</Unicode>
                </TextEquiv>
            </TextLine>
            <TextLine id="r2l2" custom="readingOrder {index:1;}">
                <Coords points="1929,846 2947,867 2968,697 1931,686"/>
                <Baseline points="1937,840 1988,834 2039,830 2090,827 2141,826 2192,825 2243,825 2294,826 2345,827 2396,828 2447,831 2498,833 2549,835 2600,837 2651,838 2702,840 2753,841 2804,841 2855,840 2906,839 2958,837"/>
                <TextEquiv>
                    <Unicode>Mlenter ee S</Unicode>
                </TextEquiv>
            </TextLine>
            <TextLine id="r2l3" custom="readingOrder {index:2;}">
                <Coords points="1824,867 1832,866 1839,857 1851,861 1864,857 1889,858 1907,854 1901,812 1890,811 1853,819 1846,828 1841,827 1838,831 1831,828 1828,832 1820,833"/>
                <Baseline points="1831,855 1864,849 1897,847"/>
                <TextEquiv>
                    <Unicode>—</Unicode>
                </TextEquiv>
            </TextLine>
            <TextLine id="r2l4" custom="readingOrder {index:3;}">
                <Coords points="1827,891 2981,911 2869,857 1827,867"/>
                <Baseline points="1835,891 1891,892 1948,892 2005,892 2062,893 2119,893 2176,894 2233,895 2290,895 2347,896 2404,897 2460,898 2517,899 2574,899 2631,901 2688,901 2745,903 2802,904 2859,905 2916,906 2973,907"/>
                <TextEquiv>
                    <Unicode>□ l. österr. behördl. konz. Unternehmen für Zeitungs-Ausschnitte</Unicode>
                </TextEquiv>
            </TextLine>
            <TextLine id="r2l5" custom="readingOrder {index:4;}">
                <Coords points="1833,938 1843,939 1848,935 1855,937 1858,934 1872,934 1876,938 1888,935 1897,941 1910,941 1914,907 1906,906 1898,897 1889,893 1884,896 1838,894"/>
                <Baseline points="1843,930 1873,930 1903,936"/>
                <TextEquiv>
                    <Unicode>6</Unicode>
                </TextEquiv>
            </TextLine>
            <TextLine id="r2l6" custom="readingOrder {index:5;}">
                <Coords points="2020,975 2524,972 2728,1000 2876,981 2876,951 2816,921 2232,913 2194,944 2072,904 2021,917"/>
                <Baseline points="2029,964 2070,966 2112,968 2154,969 2196,970 2238,971 2280,972 2322,972 2364,973 2406,973 2448,973 2489,974 2531,974 2573,975 2615,975 2657,976 2699,976 2741,978 2783,978 2825,980 2867,982"/>
                <TextEquiv>
                    <Unicode>Wien, I., Concordiaplatz 4.</Unicode>
                </TextEquiv>
            </TextLine>
            <TextLine id="r2l7" custom="readingOrder {index:6;}">
                <Coords points="1810,1016 1829,1011 1851,1022 1869,1023 1896,1021 1900,1017 1905,1022 1919,1017 1918,976 1899,978 1889,973 1856,972 1845,984 1809,982"/>
                <Baseline points="1817,1013 1848,1010 1879,1009 1911,1011"/>
                <TextEquiv>
                    <Unicode>2</Unicode>
                </TextEquiv>
            </TextLine>
            <TextLine id="r2l8" custom="readingOrder {index:7;}">
                <Coords points="2208,1018 2252,1041 2427,1046 2448,1033 2531,1052 2576,1039 2643,1051 2644,1002 2585,992 2548,988 2516,1005 2481,982 2446,1002 2394,990 2361,1004 2308,999 2255,982 2209,994"/>
                <Baseline points="2217,1022 2243,1024 2269,1026 2295,1027 2321,1029 2347,1030 2373,1031 2399,1032 2426,1033 2452,1033 2478,1033 2504,1033 2530,1033 2556,1033 2582,1033 2608,1032 2635,1032"/>
                <TextEquiv>
                    <Unicode>Vertretungen</Unicode>
                </TextEquiv>
            </TextLine>
            <TextLine id="r2l9" custom="readingOrder {index:8;}">
                <Coords points="1860,1083 2965,1096 2965,1054 2839,1031 1860,1036"/>
                <Baseline points="1868,1074 1922,1075 1976,1075 2031,1076 2085,1076 2140,1077 2194,1078 2248,1078 2303,1079 2357,1079 2412,1080 2466,1080 2520,1081 2575,1081 2629,1082 2684,1082 2738,1083 2792,1084 2847,1084 2901,1085 2956,1085"/>
                <TextEquiv>
                    <Unicode>D in Berlin, Budapest, Chicago, Christiania, Genf, Koven¬</Unicode>
                </TextEquiv>
            </TextLine>
            <TextLine id="r2l10" custom="readingOrder {index:9;}">
                <Coords points="1818,1134 2943,1142 2970,1095 1819,1069"/>
                <Baseline points="1826,1121 1882,1119 1939,1117 1996,1116 2053,1116 2110,1115 2166,1116 2223,1116 2280,1116 2337,1117 2394,1118 2450,1119 2507,1120 2564,1121 2621,1122 2678,1123 2734,1124 2791,1124 2848,1125 2905,1125 2962,1124"/>
                <TextEquiv>
                    <Unicode>hagen, London, Madrid, Mailand, Minneapolis, New-Vork,</Unicode>
                </TextEquiv>
            </TextLine>
            <TextLine id="r2l11" custom="readingOrder {index:10;}">
                <Coords points="1820,1157 1830,1156 1840,1162 1851,1161 1863,1165 1879,1162 1886,1165 1897,1163 1895,1125 1885,1128 1862,1126 1849,1128 1844,1134 1841,1131 1833,1131 1830,1135 1818,1135"/>
                <Baseline points="1829,1159 1859,1157 1889,1155"/>
                <TextEquiv>
                    <Unicode>0</Unicode>
                </TextEquiv>
            </TextLine>
            <TextLine id="r2l12" custom="readingOrder {index:11;}">
                <Coords points="1915,1144 2093,1174 2942,1171 2859,1126 1915,1121"/>
                <Baseline points="1924,1151 1974,1152 2025,1153 2075,1154 2126,1155 2176,1155 2227,1156 2277,1156 2328,1156 2378,1156 2429,1157 2479,1157 2530,1158 2580,1158 2631,1159 2681,1160 2732,1161 2782,1163 2833,1165 2883,1167 2934,1170"/>
                <TextEquiv>
                    <Unicode>Paris, Rom, San Francisco, Stockholm, St. Petersburg.</Unicode>
                </TextEquiv>
            </TextLine>
            <TextLine id="r2l13" custom="readingOrder {index:12;}">
                <Coords points="2234,1197 2327,1211 2358,1198 2392,1209 2446,1198 2513,1223 2543,1202 2630,1200 2630,1176 2580,1165 2430,1177 2396,1161 2372,1171 2235,1163"/>
                <Baseline points="2242,1188 2267,1189 2292,1189 2318,1189 2343,1190 2368,1190 2394,1190 2419,1190 2444,1191 2470,1191 2495,1192 2520,1193 2546,1194 2571,1194 2596,1196 2622,1197"/>
                <TextEquiv>
                    <Unicode>(Quellenangabe ohne Den ähr.)</Unicode>
                </TextEquiv>
            </TextLine>
            <TextLine id="r2l14" custom="readingOrder {index:13;}">
                <Coords points="1827,1200 1847,1196 1850,1199 1867,1203 1884,1197 1894,1198 1892,1163 1863,1165 1853,1162 1839,1175 1826,1177"/>
                <Baseline points="1835,1195 1860,1192 1886,1192"/>
                <TextEquiv>
                    <Unicode>00</Unicode>
                </TextEquiv>
            </TextLine>
            <TextLine id="r2l15" custom="readingOrder {index:14;}">
                <Coords points="1820,1242 2003,1274 2304,1260 2305,1232 2232,1212 2189,1223 2160,1205 2111,1206 1981,1223 1905,1190 1822,1196"/>
                <Baseline points="1829,1239 1854,1244 1880,1247 1906,1250 1932,1252 1958,1253 1984,1254 2010,1254 2036,1254 2062,1254 2088,1254 2114,1254 2140,1254 2166,1254 2192,1254 2218,1255 2244,1256 2270,1257 2296,1259"/>
                <TextEquiv>
                    <Unicode>* Ausschnitt aus:</Unicode>
                </TextEquiv>
            </TextLine>
            <TextLine id="r2l16" custom="readingOrder {index:15;}">
                <Coords points="2002,1329 2108,1357 2455,1331 2783,1358 2784,1296 2693,1270 2387,1285 2198,1262 2003,1287"/>
                <Baseline points="2011,1322 2049,1323 2087,1325 2125,1327 2164,1328 2202,1329 2240,1329 2278,1330 2317,1331 2355,1331 2393,1331 2431,1332 2470,1332 2508,1332 2546,1333 2584,1333 2623,1333 2661,1334 2699,1335 2737,1336 2776,1337"/>
                <TextEquiv>
                    <Unicode>6-OKI. Wer Sader Zeitung</Unicode>
                </TextEquiv>
            </TextLine>
            <TextLine id="r2l17" custom="readingOrder {index:16;}">
                <Coords points="1809,1363 1824,1363 1842,1377 1906,1360 1916,1367 2020,1369 2038,1366 2039,1333 1995,1332 1987,1324 1956,1330 1949,1323 1905,1332 1884,1315 1810,1320"/>
                <Baseline points="1818,1363 1844,1360 1871,1359 1897,1359 1924,1360 1950,1361 1977,1363 2003,1364 2030,1364"/>
                <TextEquiv>
                    <Unicode>E vom:</Unicode>
                </TextEquiv>
            </TextLine>
            <TextLine id="r2l18" custom="readingOrder {index:17;}">
                <Coords points="1872,1400 2019,1436 3030,1437 3140,1372 1872,1372"/>
                <Baseline points="1881,1417 1943,1417 2006,1417 2068,1417 2131,1417 2193,1417 2256,1417 2318,1417 2381,1417 2443,1417 2506,1417 2568,1417 2631,1417 2693,1417 2756,1417 2818,1418 2881,1418 2943,1418 3006,1418 3068,1418 3131,1418"/>
                <TextEquiv>
                    <Unicode>nnstr Thatekbeslcher heranzuwaen, kann verschieden be¬</Unicode>
                </TextEquiv>
            </TextLine>
            <TextLine id="r2l19" custom="readingOrder {index:18;}">
                <Coords points="1824,1466 3147,1476 3131,1402 3029,1438 2148,1445 1824,1407"/>
                <Baseline points="1833,1467 1898,1467 1963,1467 2028,1467 2094,1467 2159,1466 2224,1466 2289,1466 2355,1466 2420,1466 2485,1466 2550,1466 2616,1466 2681,1467 2746,1467 2811,1467 2877,1467 2942,1468 3007,1468 3072,1469 3138,1470"/>
                <TextEquiv>
                    <Unicode>trieben werden. Der eine macht es mit guten Stücken und guten</Unicode>
                </TextEquiv>
            </TextLine>
            <TextLine id="r2l20" custom="readingOrder {index:19;}">
                <Coords points="1829,1532 3066,1534 3132,1511 3132,1465 1829,1468"/>
                <Baseline points="1837,1515 1901,1515 1965,1514 2030,1513 2094,1513 2158,1513 2223,1513 2287,1513 2351,1513 2416,1514 2480,1514 2544,1514 2609,1515 2673,1515 2737,1515 2802,1516 2866,1516 2930,1516 2995,1516 3059,1517 3124,1517"/>
                <TextEquiv>
                    <Unicode>Schauspielern, der andere glaubt es mit der Pachtung des Inseraten¬</Unicode>
                </TextEquiv>
            </TextLine>
            <TextLine id="r2l21" custom="readingOrder {index:20;}">
                <Coords points="1838,1572 3138,1589 3107,1521 1838,1528"/>
                <Baseline points="1846,1561 1910,1561 1974,1561 2038,1561 2102,1561 2166,1561 2230,1561 2295,1561 2359,1561 2423,1561 2487,1562 2551,1562 2615,1562 2679,1562 2744,1563 2808,1563 2872,1564 2936,1564 3000,1565 3064,1566 3129,1567"/>
                <TextEquiv>
                    <Unicode>keiles verbreiteter Blätter zu erreichen. Dieses Novum hat der neue</Unicode>
                </TextEquiv>
            </TextLine>
            <TextLine id="r2l22" custom="readingOrder {index:21;}">
                <Coords points="1824,1622 3136,1632 3136,1586 3070,1570 1825,1575"/>
                <Baseline points="1833,1612 1897,1612 1962,1612 2027,1611 2092,1611 2156,1611 2221,1611 2286,1610 2351,1610 2415,1610 2480,1610 2545,1610 2610,1610 2674,1610 2739,1611 2804,1611 2869,1611 2933,1612 2998,1613 3063,1614 3128,1615"/>
                <TextEquiv>
                    <Unicode>Mitdirektor des Bürgertheaters, der Lustspielautor Gustav Davis,</Unicode>
                </TextEquiv>
            </TextLine>
            <TextLine id="r2l23" custom="readingOrder {index:22;}">
                <Coords points="1829,1651 3128,1674 3127,1623 3019,1613 1829,1633"/>
                <Baseline points="1838,1665 1902,1663 1966,1662 2030,1661 2094,1660 2158,1660 2222,1659 2286,1659 2350,1659 2414,1659 2479,1659 2543,1659 2607,1659 2671,1659 2735,1659 2799,1659 2863,1659 2927,1659 2991,1659 3055,1659 3120,1658"/>
                <TextEquiv>
                    <Unicode>tinzuführen gesucht. Das Bürgertheater ist vor etwa eineinhalb</Unicode>
                </TextEquiv>
            </TextLine>
            <TextLine id="r2l24" custom="readingOrder {index:23;}">
                <Coords points="1834,1707 3131,1714 3131,1675 3039,1667 1834,1660"/>
                <Baseline points="1843,1713 1907,1710 1971,1709 2035,1708 2099,1707 2163,1707 2227,1706 2291,1706 2355,1707 2419,1707 2483,1707 2547,1708 2611,1708 2675,1709 2739,1709 2803,1709 2867,1710 2931,1709 2995,1709 3059,1708 3123,1707"/>
                <TextEquiv>
                    <Unicode>Jahren entstanden. Das freundliche, sehr intime Haus, hart an</Unicode>
                </TextEquiv>
            </TextLine>
            <TextLine id="r2l25" custom="readingOrder {index:24;}">
                <Coords points="1831,1758 3147,1775 3147,1721 3054,1710 1831,1717"/>
                <Baseline points="1838,1755 1903,1755 1968,1755 2033,1756 2098,1756 2163,1756 2228,1757 2293,1757 2358,1757 2423,1757 2488,1757 2553,1757 2618,1757 2683,1757 2748,1757 2813,1757 2878,1757 2943,1756 3008,1756 3073,1755 3138,1754"/>
                <TextEquiv>
                    <Unicode>der Ringstraße gelegen, schien manche Hoffnungen zu erfüllen.</Unicode>
                </TextEquiv>
            </TextLine>
            <TextLine id="r2l26" custom="readingOrder {index:25;}">
                <Coords points="1826,1819 3132,1800 3132,1764 3052,1760 1826,1760"/>
                <Baseline points="1834,1803 1898,1804 1962,1805 2027,1805 2091,1806 2156,1806 2220,1806 2285,1806 2349,1806 2414,1806 2478,1806 2542,1805 2607,1805 2671,1805 2736,1805 2800,1805 2865,1805 2929,1805 2994,1805 3058,1806 3123,1807"/>
                <TextEquiv>
                    <Unicode>Aber wie es schon so geht: die Talentvollen müssen hinter den</Unicode>
                </TextEquiv>
            </TextLine>
            <TextLine id="r2l27" custom="readingOrder {index:26;}">
                <Coords points="1833,1860 3076,1871 3141,1817 1833,1824"/>
                <Baseline points="1841,1853 1905,1852 1970,1851 2034,1851 2099,1851 2164,1850 2228,1850 2293,1850 2357,1850 2422,1850 2487,1850 2551,1850 2616,1850 2680,1851 2745,1851 2809,1851 2874,1851 2939,1852 3003,1852 3068,1852 3133,1853"/>
                <TextEquiv>
                    <Unicode>Talentlosen zurückstehen. Statt eines zielbewußten, künstlerischen</Unicode>
                </TextEquiv>
            </TextLine>
            <TextLine id="r2l28" custom="readingOrder {index:27;}">
                <Coords points="1840,1898 3128,1908 3099,1861 2963,1885 2863,1847 1840,1867"/>
                <Baseline points="1848,1901 1911,1900 1975,1899 2038,1899 2102,1898 2166,1898 2229,1898 2293,1898 2356,1899 2420,1899 2484,1899 2547,1900 2611,1900 2674,1900 2738,1901 2802,1901 2865,1901 2929,1901 2992,1900 3056,1900 3120,1899"/>
                <TextEquiv>
                    <Unicode>Leiters erhielt die Bühne in der Person eines kleinen Schau¬</Unicode>
                </TextEquiv>
            </TextLine>
            <TextLine id="r2l29" custom="readingOrder {index:28;}">
                <Coords points="1837,1954 3124,1963 3104,1901 1837,1907"/>
                <Baseline points="1845,1949 1908,1948 1972,1947 2035,1947 2099,1947 2162,1946 2226,1946 2289,1946 2353,1946 2416,1946 2480,1946 2543,1946 2607,1947 2670,1947 2734,1947 2797,1948 2861,1948 2924,1949 2988,1949 3051,1950 3115,1951"/>
                <TextEquiv>
                    <Unicode>spielers, Herrn Oskar Frenz, einen Direktor, dessen Ehrgeiz sich</Unicode>
                </TextEquiv>
            </TextLine>
            <TextLine id="r2l30" custom="readingOrder {index:29;}">
                <Coords points="1835,1997 3129,2007 3129,1965 3057,1957 1835,1953"/>
                <Baseline points="1844,1995 1907,1995 1971,1995 2035,1995 2099,1995 2163,1995 2226,1995 2290,1995 2354,1995 2418,1995 2482,1996 2545,1996 2609,1996 2673,1996 2737,1996 2801,1997 2864,1997 2928,1997 2992,1997 3056,1997 3120,1996"/>
                <TextEquiv>
                    <Unicode>in einem kleinbürgerlichen Rahmen bewegte. Sein Regime war</Unicode>
                </TextEquiv>
            </TextLine>
            <TextLine id="r2l31" custom="readingOrder {index:30;}">
                <Coords points="1829,2031 3127,2058 3091,2001 1829,2006"/>
                <Baseline points="1837,2041 1901,2042 1965,2042 2029,2042 2093,2043 2157,2043 2221,2043 2285,2043 2349,2043 2413,2043 2478,2043 2542,2043 2606,2043 2670,2043 2734,2043 2798,2043 2862,2043 2926,2044 2990,2044 3054,2045 3119,2046"/>
                <TextEquiv>
                    <Unicode>eine fast ununterbrochene Kette von Mißerfolgen, und das materielle</Unicode>
                </TextEquiv>
            </TextLine>
            <TextLine id="r2l32" custom="readingOrder {index:31;}">
                <Coords points="1829,2088 3134,2113 3134,2049 1829,2060"/>
                <Baseline points="1837,2090 1901,2090 1965,2090 2030,2091 2094,2091 2159,2091 2223,2091 2287,2091 2352,2091 2416,2091 2481,2091 2545,2091 2609,2091 2674,2091 2738,2091 2803,2091 2867,2091 2931,2091 2996,2091 3060,2090 3125,2090"/>
                <TextEquiv>
                    <Unicode>Resultat naturgemäß ein schlechtes. Er sah sich nach einer finan¬</Unicode>
                </TextEquiv>
            </TextLine>
            <TextLine id="r2l33" custom="readingOrder {index:32;}">
                <Coords points="1830,2140 3138,2153 3094,2100 1830,2098"/>
                <Baseline points="1839,2140 1903,2140 1968,2140 2032,2140 2097,2139 2161,2139 2226,2139 2290,2139 2355,2139 2419,2139 2484,2139 2549,2139 2613,2140 2678,2140 2742,2140 2807,2140 2871,2141 2936,2141 3000,2142 3065,2142 3130,2143"/>
                <TextEquiv>
                    <Unicode>ziellen Stütze um und fand sie in Herrn Gustav Davis, der es als</Unicode>
                </TextEquiv>
            </TextLine>
            <TextLine id="r2l34" custom="readingOrder {index:33;}">
                <Coords points="1823,2183 3140,2203 3140,2152 3073,2147 1823,2155"/>
                <Baseline points="1831,2189 1896,2188 1961,2188 2026,2187 2091,2187 2156,2186 2221,2186 2286,2186 2351,2186 2416,2186 2481,2185 2546,2185 2611,2186 2676,2186 2741,2186 2806,2186 2871,2187 2936,2187 3001,2188 3066,2189 3132,2189"/>
                <TextEquiv>
                    <Unicode>Zeitungsherausgeber und Autor zu Wohlstand gebracht hat. Herr</Unicode>
                </TextEquiv>
            </TextLine>
            <TextLine id="r2l35" custom="readingOrder {index:34;}">
                <Coords points="1835,2239 3134,2263 3095,2193 1835,2206"/>
                <Baseline points="1842,2235 1906,2235 1970,2235 2034,2236 2098,2236 2163,2236 2227,2236 2291,2236 2355,2236 2419,2236 2484,2236 2548,2236 2612,2236 2676,2236 2740,2236 2805,2236 2869,2237 2933,2237 2997,2238 3061,2239 3126,2239"/>
                <TextEquiv>
                    <Unicode>Davis war eine neue Hoffnung; man durfte ihm zutrauen, daß</Unicode>
                </TextEquiv>
            </TextLine>
            <TextLine id="r2l36" custom="readingOrder {index:35;}">
                <Coords points="1837,2273 3136,2295 3136,2238 1837,2247"/>
                <Baseline points="1845,2281 1909,2282 1973,2282 2037,2283 2101,2283 2165,2283 2229,2284 2294,2283 2358,2283 2422,2283 2486,2283 2550,2283 2614,2283 2678,2283 2743,2283 2807,2283 2871,2284 2935,2284 2999,2285 3063,2285 3128,2286"/>
                <TextEquiv>
                    <Unicode>er das Niveau des Theaters heben werde. Vor allem trachtete er,</Unicode>
                </TextEquiv>
            </TextLine>
            <TextLine id="r2l37" custom="readingOrder {index:36;}">
                <Coords points="1824,2331 3036,2354 3148,2344 3149,2289 1824,2298"/>
                <Baseline points="1833,2330 1898,2330 1963,2330 2029,2330 2094,2330 2159,2330 2225,2331 2290,2331 2355,2332 2421,2332 2486,2333 2551,2333 2617,2333 2682,2334 2747,2334 2813,2335 2878,2335 2943,2335 3009,2335 3074,2335 3140,2335"/>
                <TextEquiv>
                    <Unicode>Antoren von Rang heranzuziehen, und es gelang ihm, Herrn</Unicode>
                </TextEquiv>
            </TextLine>
            <TextLine id="r2l38" custom="readingOrder {index:37;}">
                <Coords points="1844,2378 3135,2409 3136,2352 1844,2339"/>
                <Baseline points="1852,2379 1915,2379 1979,2379 2043,2379 2107,2379 2170,2379 2234,2379 2298,2379 2362,2379 2425,2379 2489,2379 2553,2380 2617,2380 2680,2380 2744,2380 2808,2381 2872,2381 2935,2381 2999,2381 3063,2381 3127,2382"/>
                <TextEquiv>
                    <Unicode>#rthur Schnitzler zu gewinnen. Herr „Schnitzler überließ ihm</Unicode>
                </TextEquiv>
            </TextLine>
            <TextLine id="r2l39" custom="readingOrder {index:38;}">
                <Coords points="1822,2423 3140,2432 3099,2386 1822,2385"/>
                <Baseline points="1831,2434 1896,2432 1961,2430 2026,2428 2091,2427 2156,2427 2221,2426 2286,2426 2351,2426 2416,2426 2481,2427 2546,2427 2611,2428 2676,2428 2741,2429 2806,2429 2871,2429 2936,2429 3001,2429 3066,2429 3132,2428"/>
                <TextEquiv>
                    <Unicode>freilich kein neues Stück, sondern ein#, sei ältestes sogar,</Unicode>
                </TextEquiv>
            </TextLine>
            <TextLine id="r2l40" custom="readingOrder {index:39;}">
                <Coords points="1829,2461 3142,2474 3142,2431 1829,2442"/>
                <Baseline points="1838,2478 1902,2477 1967,2477 2032,2476 2097,2476 2162,2476 2226,2476 2291,2475 2356,2475 2421,2475 2486,2476 2550,2476 2615,2476 2680,2476 2745,2476 2810,2476 2874,2476 2939,2476 3004,2476 3069,2476 3134,2475"/>
                <TextEquiv>
                    <Unicode>das „Märchen“. Immerhin eine Première mit literarischem An¬</Unicode>
                </TextEquiv>
            </TextLine>
            <TextLine id="r2l41" custom="readingOrder {index:40;}">
                <Coords points="1833,2525 3135,2535 3135,2492 3035,2481 1833,2475"/>
                <Baseline points="1842,2526 1906,2526 1970,2525 2034,2524 2098,2524 2163,2523 2227,2523 2291,2523 2355,2522 2419,2522 2484,2522 2548,2522 2612,2522 2676,2523 2740,2523 2805,2523 2869,2523 2933,2524 2997,2524 3061,2524 3126,2525"/>
                <TextEquiv>
                    <Unicode>strich. Wenn nur dieses veraltete, wortreiche, ganz im Stile der</Unicode>
                </TextEquiv>
            </TextLine>
            <TextLine id="r2l42" custom="readingOrder {index:41;}">
                <Coords points="1831,2570 3144,2569 3143,2516 1831,2544"/>
                <Baseline points="1839,2571 1903,2571 1968,2571 2033,2572 2098,2572 2163,2572 2228,2571 2292,2571 2357,2571 2422,2571 2487,2571 2552,2571 2617,2570 2682,2570 2746,2570 2811,2570 2876,2570 2941,2570 3006,2571 3071,2571 3136,2571"/>
                <TextEquiv>
                    <Unicode>abgespieltesten Franzosen gehaltene Schauspiel nicht gar so lang¬</Unicode>
                </TextEquiv>
            </TextLine>
            <TextLine id="r2l43" custom="readingOrder {index:42;}">
                <Coords points="1837,2623 3109,2634 3129,2571 1837,2580"/>
                <Baseline points="1846,2618 1909,2618 1973,2618 2037,2619 2101,2619 2164,2619 2228,2619 2292,2619 2356,2619 2419,2619 2483,2619 2547,2619 2611,2619 2674,2620 2738,2620 2802,2620 2866,2620 2929,2621 2993,2621 3057,2622 3121,2623"/>
                <TextEquiv>
                    <Unicode>weilig und banal wäre. Es kam zu keinem Erfolg, und das</Unicode>
                </TextEquiv>
            </TextLine>
            <TextLine id="r2l44" custom="readingOrder {index:43;}">
                <Coords points="1844,2663 3129,2686 3130,2628 3056,2623 1845,2629"/>
                <Baseline points="1852,2666 1915,2666 1979,2666 2042,2667 2106,2667 2169,2667 2233,2667 2296,2667 2360,2667 2423,2667 2487,2667 2550,2667 2614,2667 2677,2667 2741,2668 2804,2668 2868,2668 2931,2668 2995,2669 3058,2670 3122,2670"/>
                <TextEquiv>
                    <Unicode>Publikum streikte. Da hatte Herr Davis eine gloriose Idee.</Unicode>
                </TextEquiv>
            </TextLine>
            <TextLine id="r2l45" custom="readingOrder {index:44;}">
                <Coords points="1842,2712 3135,2713 3089,2672 1842,2681"/>
                <Baseline points="1849,2710 1912,2711 1976,2712 2040,2713 2104,2714 2168,2714 2232,2715 2295,2715 2359,2716 2423,2716 2487,2716 2551,2716 2615,2716 2679,2716 2742,2716 2806,2715 2870,2715 2934,2714 2998,2714 3062,2713 3126,2712"/>
                <TextEquiv>
                    <Unicode>Die böse Kritik in den Blättern hält mir die Besucher fern — kal¬</Unicode>
                </TextEquiv>
            </TextLine>
            <TextLine id="r2l46" custom="readingOrder {index:45;}">
                <Coords points="1842,2760 3140,2796 3084,2719 1842,2713"/>
                <Baseline points="1850,2759 1914,2761 1978,2762 2042,2763 2106,2764 2170,2764 2234,2765 2298,2765 2362,2765 2426,2766 2491,2766 2555,2766 2619,2766 2683,2765 2747,2765 2811,2765 2875,2765 2939,2765 3003,2765 3067,2765 3132,2765"/>
                <TextEquiv>
                    <Unicode>kulierte er; also muß ich sie abschaffen. Er warf sich daraufhin</Unicode>
                </TextEquiv>
            </TextLine>
            <TextLine id="r2l47" custom="readingOrder {index:46;}">
                <Coords points="1836,2805 3130,2839 3140,2796 1836,2769"/>
                <Baseline points="1845,2810 1909,2810 1973,2811 2038,2811 2102,2811 2166,2812 2231,2812 2295,2812 2359,2812 2424,2813 2488,2813 2552,2813 2617,2813 2681,2813 2745,2813 2810,2813 2874,2813 2938,2813 3003,2812 3067,2812 3132,2811"/>
                <TextEquiv>
                    <Unicode>in einen Fiaker und fuhr zu einem der meistgelefenen Tages¬</Unicode>
                </TextEquiv>
            </TextLine>
            <TextLine id="r2l48" custom="readingOrder {index:47;}">
                <Coords points="1841,2876 3135,2871 3135,2827 2973,2814 1842,2817"/>
                <Baseline points="1850,2858 1913,2859 1977,2859 2041,2859 2105,2860 2169,2860 2233,2860 2296,2860 2360,2861 2424,2861 2488,2861 2552,2861 2616,2861 2680,2861 2743,2861 2807,2861 2871,2862 2935,2862 2999,2862 3063,2862 3127,2862"/>
                <TextEquiv>
                    <Unicode>journale. Dort ließ er sich nicht beim Chefredakteur, sondern beim</Unicode>
                </TextEquiv>
            </TextLine>
            <TextLine id="r2l49" custom="readingOrder {index:48;}">
                <Coords points="1852,2922 3135,2922 3135,2884 3023,2859 1852,2873"/>
                <Baseline points="1860,2903 1923,2904 1986,2905 2050,2906 2113,2907 2176,2907 2240,2908 2303,2908 2366,2908 2430,2908 2493,2908 2556,2908 2620,2908 2683,2908 2746,2909 2810,2909 2873,2909 2936,2910 3000,2911 3063,2912 3127,2913"/>
                <TextEquiv>
                    <Unicode>Chef der Administration melden und begann, einen Vorschlag zu</Unicode>
                </TextEquiv>
            </TextLine>
            <TextLine id="r2l50" custom="readingOrder {index:49;}">
                <Coords points="1844,2958 3139,2976 3109,2917 1844,2919"/>
                <Baseline points="1852,2953 1919,2955 1986,2956 2053,2957 2121,2957 2188,2958 2255,2958 2323,2958 2390,2957 2457,2957 2525,2957 2592,2956 2659,2956 2727,2956 2794,2956 2861,2956 2929,2956 2996,2956 3063,2957 3131,2958"/>
                <TextEquiv>
                    <Unicode>entwickeln. Reden wir offen, sagte er. Ich betrachte das Theater</Unicode>
                </TextEquiv>
            </TextLine>
            <TextLine id="r2l51" custom="readingOrder {index:50;}">
                <Coords points="1841,3009 3131,3007 3131,2965 1841,2960"/>
                <Baseline points="1850,2999 1913,3000 1977,3000 2040,3001 2104,3001 2168,3001 2231,3002 2295,3002 2359,3002 2422,3003 2486,3003 2550,3003 2613,3003 2677,3004 2741,3004 2804,3004 2868,3004 2932,3005 2995,3005 3059,3006 3123,3006"/>
                <TextEquiv>
                    <Unicode>wie einen Krämerladen und will vor allem ein Geschäft machen.</Unicode>
                </TextEquiv>
            </TextLine>
            <TextLine id="r2l52" custom="readingOrder {index:51;}">
                <Coords points="1849,3063 3130,3056 3120,3007 1850,3011"/>
                <Baseline points="1857,3048 1920,3048 1983,3049 2046,3049 2109,3050 2173,3050 2236,3050 2299,3050 2362,3050 2425,3051 2489,3051 2552,3051 2615,3051 2678,3051 2741,3051 2805,3051 2868,3052 2931,3052 2994,3052 3057,3052 3121,3053"/>
                <TextEquiv>
                    <Unicode>Wissen Sie was? Ich will mir die Kritiken selber schreiben und</Unicode>
                </TextEquiv>
            </TextLine>
            <TextLine id="r2l53" custom="readingOrder {index:52;}">
                <Coords points="1849,3103 3129,3118 3130,3056 1849,3064"/>
                <Baseline points="1857,3098 1920,3098 1983,3098 2046,3098 2109,3099 2173,3099 2236,3099 2299,3099 2362,3099 2425,3099 2489,3100 2552,3100 2615,3100 2678,3100 2741,3101 2805,3101 2868,3101 2931,3102 2994,3103 3057,3103 3121,3104"/>
                <TextEquiv>
                    <Unicode>bei Ihnen inserieren. Sie heben die übliche Kritik auf, verpflichten</Unicode>
                </TextEquiv>
            </TextLine>
            <TextLine id="r2l54" custom="readingOrder {index:53;}">
                <Coords points="1842,3152 3141,3154 3082,3107 1843,3102"/>
                <Baseline points="1850,3149 1914,3148 1978,3148 2042,3147 2106,3147 2170,3147 2234,3147 2298,3147 2362,3147 2426,3148 2491,3148 2555,3148 2619,3149 2683,3149 2747,3150 2811,3150 2875,3150 2939,3150 3003,3150 3067,3150 3132,3150"/>
                <TextEquiv>
                    <Unicode>sich, aus Eigenem nichts über mein Theater zu bringen, sondern</Unicode>
                </TextEquiv>
            </TextLine>
            <TextLine id="r2l55" custom="readingOrder {index:54;}">
                <Coords points="1846,3207 3122,3194 2821,3150 1846,3158"/>
                <Baseline points="1854,3195 1920,3195 1986,3195 2052,3195 2119,3195 2185,3195 2251,3195 2317,3195 2384,3196 2450,3196 2516,3196 2582,3196 2649,3197 2715,3197 2781,3197 2847,3197 2914,3196 2980,3196 3046,3196 3113,3195"/>
                <TextEquiv>
                    <Unicode>überlassen alles mir allein. Ich inseriere jede Zeile! — So un¬</Unicode>
                </TextEquiv>
            </TextLine>
            <TextLine id="r2l56" custom="readingOrder {index:55;}">
                <Coords points="1849,3262 2956,3268 3108,3256 3128,3198 1849,3207"/>
                <Baseline points="1858,3246 1921,3245 1984,3243 2047,3243 2110,3242 2173,3242 2236,3243 2299,3243 2362,3244 2425,3245 2488,3245 2551,3246 2614,3246 2677,3247 2740,3247 2803,3247 2866,3247 2929,3246 2992,3245 3055,3243 3119,3241"/>
                <TextEquiv>
                    <Unicode>gefähr hat das Angebot gelautet, und Herr Davis glaubte mit</Unicode>
                </TextEquiv>
            </TextLine>
            <TextLine id="r2l57" custom="readingOrder {index:56;}">
                <Coords points="1849,3303 3049,3320 3123,3301 3123,3253 1849,3264"/>
                <Baseline points="1857,3297 1919,3294 1982,3292 2045,3290 2108,3290 2171,3289 2234,3289 2296,3290 2359,3291 2422,3291 2485,3292 2548,3293 2611,3294 2674,3295 2736,3295 2799,3296 2862,3295 2925,3294 2988,3293 3051,3291 3114,3289"/>
                <TextEquiv>
                    <Unicode>seiner Klugheit einen besonderen Trumpf auszuspielen. Geschäft</Unicode>
                </TextEquiv>
            </TextLine>
            <TextLine id="r2l58" custom="readingOrder {index:57;}">
                <Coords points="1838,3345 3051,3359 3124,3350 3125,3299 1838,3311"/>
                <Baseline points="1846,3343 1909,3342 1973,3341 2036,3340 2100,3340 2163,3340 2227,3341 2290,3341 2354,3342 2417,3342 2481,3343 2544,3344 2608,3344 2671,3345 2735,3345 2798,3345 2862,3345 2925,3345 2989,3344 3052,3343 3116,3341"/>
                <TextEquiv>
                    <Unicode>gegen Geschäft. Die Sache war aber nicht zu machen, wurde als</Unicode>
                </TextEquiv>
            </TextLine>
            <TextLine id="r2l59" custom="readingOrder {index:58;}">
                <Coords points="1838,3390 3137,3398 3137,3336 1839,3346"/>
                <Baseline points="1846,3388 1910,3388 1974,3389 2038,3389 2102,3390 2166,3390 2230,3390 2294,3391 2358,3391 2422,3391 2487,3392 2551,3392 2615,3392 2679,3392 2743,3392 2807,3392 2871,3392 2935,3392 2999,3392 3063,3392 3128,3392"/>
                <TextEquiv>
                    <Unicode>undiskutierbar hingestellt, und das Bürgertheater muß es sich nach</Unicode>
                </TextEquiv>
            </TextLine>
            <TextLine id="r2l60" custom="readingOrder {index:59;}">
                <Coords points="1841,3442 3136,3439 3136,3398 3081,3395 1841,3388"/>
                <Baseline points="1849,3438 1916,3437 1983,3437 2050,3437 2118,3437 2185,3437 2252,3437 2320,3437 2387,3437 2454,3437 2522,3437 2589,3438 2656,3438 2724,3438 2791,3439 2858,3439 2926,3440 2993,3440 3060,3440 3128,3441"/>
                <TextEquiv>
                    <Unicode>wie vor gefallen lassen, nach seinen Darbietungen beurteilt zu</Unicode>
                </TextEquiv>
            </TextLine>
            <TextLine id="r2l61" custom="readingOrder {index:60;}">
                <Coords points="1836,3502 3060,3506 3141,3496 3141,3432 1836,3433"/>
                <Baseline points="1844,3488 1908,3488 1972,3487 2037,3487 2101,3486 2166,3486 2230,3486 2294,3486 2359,3486 2423,3486 2488,3486 2552,3486 2616,3486 2681,3486 2745,3486 2810,3487 2874,3487 2938,3487 3003,3488 3067,3488 3132,3489"/>
                <TextEquiv>
                    <Unicode>werden. Die Idee des Herrn Direktors war verflucht gescheit;</Unicode>
                </TextEquiv>
            </TextLine>
            <TextLine id="r2l62" custom="readingOrder {index:61;}">
                <Coords points="1846,3570 3151,3582 3151,3544 3053,3526 1847,3514"/>
                <Baseline points="1854,3557 1918,3557 1982,3557 2047,3557 2111,3557 2176,3557 2240,3558 2304,3558 2369,3559 2433,3560 2498,3561 2562,3562 2626,3563 2691,3564 2755,3566 2820,3567 2884,3568 2948,3570 3013,3571 3077,3573 3142,3575"/>
                <TextEquiv>
                    <Unicode>man ist nicht einmal versucht sie herzlich dumm zu nennen. Sie</Unicode>
                </TextEquiv>
            </TextLine>
            <TextLine id="r2l63" custom="readingOrder {index:62;}">
                <Coords points="1849,3611 3168,3635 3146,3579 1850,3573"/>
                <Baseline points="1857,3605 1922,3604 1987,3604 2052,3605 2117,3605 2182,3606 2247,3607 2313,3608 2378,3609 2443,3610 2508,3612 2573,3613 2638,3614 2703,3616 2769,3617 2834,3618 2899,3619 2964,3620 3029,3621 3094,3621 3160,3621"/>
                <TextEquiv>
                    <Unicode>offenbart jedoch mit einem Schlage die Absichten und Gedanken</Unicode>
                </TextEquiv>
            </TextLine>
            <TextLine id="r2l64" custom="readingOrder {index:63;}">
                <Coords points="1860,3656 3147,3675 3123,3629 2989,3621 1861,3610"/>
                <Baseline points="1869,3648 1932,3649 1996,3649 2059,3650 2123,3650 2186,3652 2250,3653 2313,3654 2377,3655 2440,3656 2504,3658 2567,3659 2631,3661 2694,3663 2758,3664 2821,3666 2885,3667 2948,3668 3012,3669 3075,3670 3139,3671"/>
                <TextEquiv>
                    <Unicode>moderner Bühnenleiter; die einen sind schamhaft genug, sich nichts</Unicode>
                </TextEquiv>
            </TextLine>
            <TextLine id="r2l65" custom="readingOrder {index:64;}">
                <Coords points="1853,3713 3151,3737 3139,3675 1854,3664"/>
                <Baseline points="1861,3695 1925,3696 1989,3697 2053,3699 2117,3700 2181,3701 2245,3702 2309,3703 2373,3704 2437,3705 2502,3706 2566,3707 2630,3709 2694,3710 2758,3711 2822,3713 2886,3714 2950,3716 3014,3718 3078,3720 3143,3722"/>
                <TextEquiv>
                    <Unicode>merken zu lassen, die anderen sagen frei heraus, was ihr Inneres</Unicode>
                </TextEquiv>
            </TextLine>
            <TextLine id="r2l66" custom="readingOrder {index:65;}">
                <Coords points="1850,3736 2049,3783 2626,3760 2781,3788 2831,3735 1850,3711"/>
                <Baseline points="1858,3743 1906,3745 1954,3747 2002,3748 2050,3750 2099,3750 2147,3751 2195,3751 2243,3752 2291,3752 2340,3752 2388,3752 2436,3752 2484,3753 2532,3753 2581,3755 2629,3756 2677,3757 2725,3760 2773,3762 2822,3765"/>
                <TextEquiv>
                    <Unicode>bewegt: die Kritik ist nichts als Gewerbestörung.</Unicode>
                </TextEquiv>
            </TextLine>
            <TextLine id="r2l67" custom="readingOrder {index:66;}">
                <Coords points="2530,3815 2675,3840 2718,3821 2816,3840 2841,3823 3087,3839 3088,3792 2964,3770 2895,3787 2830,3762 2781,3786 2753,3763 2691,3781 2624,3763 2531,3781"/>
                <Baseline points="2538,3813 2565,3815 2592,3817 2619,3819 2646,3820 2673,3821 2700,3822 2727,3823 2754,3823 2781,3824 2809,3824 2836,3824 2863,3824 2890,3824 2917,3824 2944,3823 2971,3823 2998,3823 3025,3823 3052,3823 3080,3823"/>
                <TextEquiv>
                    <Unicode>Leopold Jacobson.</Unicode>
                </TextEquiv>
            </TextLine>
            <TextEquiv>
                <Unicode>Telephon 12801.
Mlenter ee S
—
□ l. österr. behördl. konz. Unternehmen für Zeitungs-Ausschnitte
6
Wien, I., Concordiaplatz 4.
2
Vertretungen
D in Berlin, Budapest, Chicago, Christiania, Genf, Koven¬
hagen, London, Madrid, Mailand, Minneapolis, New-Vork,
0
Paris, Rom, San Francisco, Stockholm, St. Petersburg.
(Quellenangabe ohne Den ähr.)
00
* Ausschnitt aus:
6-OKI. Wer Sader Zeitung
E vom:
nnstr Thatekbeslcher heranzuwaen, kann verschieden be¬
trieben werden. Der eine macht es mit guten Stücken und guten
Schauspielern, der andere glaubt es mit der Pachtung des Inseraten¬
keiles verbreiteter Blätter zu erreichen. Dieses Novum hat der neue
Mitdirektor des Bürgertheaters, der Lustspielautor Gustav Davis,
tinzuführen gesucht. Das Bürgertheater ist vor etwa eineinhalb
Jahren entstanden. Das freundliche, sehr intime Haus, hart an
der Ringstraße gelegen, schien manche Hoffnungen zu erfüllen.
Aber wie es schon so geht: die Talentvollen müssen hinter den
Talentlosen zurückstehen. Statt eines zielbewußten, künstlerischen
Leiters erhielt die Bühne in der Person eines kleinen Schau¬
spielers, Herrn Oskar Frenz, einen Direktor, dessen Ehrgeiz sich
in einem kleinbürgerlichen Rahmen bewegte. Sein Regime war
eine fast ununterbrochene Kette von Mißerfolgen, und das materielle
Resultat naturgemäß ein schlechtes. Er sah sich nach einer finan¬
ziellen Stütze um und fand sie in Herrn Gustav Davis, der es als
Zeitungsherausgeber und Autor zu Wohlstand gebracht hat. Herr
Davis war eine neue Hoffnung; man durfte ihm zutrauen, daß
er das Niveau des Theaters heben werde. Vor allem trachtete er,
Antoren von Rang heranzuziehen, und es gelang ihm, Herrn
#rthur Schnitzler zu gewinnen. Herr „Schnitzler überließ ihm
freilich kein neues Stück, sondern ein#, sei ältestes sogar,
das „Märchen“. Immerhin eine Première mit literarischem An¬
strich. Wenn nur dieses veraltete, wortreiche, ganz im Stile der
abgespieltesten Franzosen gehaltene Schauspiel nicht gar so lang¬
weilig und banal wäre. Es kam zu keinem Erfolg, und das
Publikum streikte. Da hatte Herr Davis eine gloriose Idee.
Die böse Kritik in den Blättern hält mir die Besucher fern — kal¬
kulierte er; also muß ich sie abschaffen. Er warf sich daraufhin
in einen Fiaker und fuhr zu einem der meistgelefenen Tages¬
journale. Dort ließ er sich nicht beim Chefredakteur, sondern beim
Chef der Administration melden und begann, einen Vorschlag zu
entwickeln. Reden wir offen, sagte er. Ich betrachte das Theater
wie einen Krämerladen und will vor allem ein Geschäft machen.
Wissen Sie was? Ich will mir die Kritiken selber schreiben und
bei Ihnen inserieren. Sie heben die übliche Kritik auf, verpflichten
sich, aus Eigenem nichts über mein Theater zu bringen, sondern
überlassen alles mir allein. Ich inseriere jede Zeile! — So un¬
gefähr hat das Angebot gelautet, und Herr Davis glaubte mit
seiner Klugheit einen besonderen Trumpf auszuspielen. Geschäft
gegen Geschäft. Die Sache war aber nicht zu machen, wurde als
undiskutierbar hingestellt, und das Bürgertheater muß es sich nach
wie vor gefallen lassen, nach seinen Darbietungen beurteilt zu
werden. Die Idee des Herrn Direktors war verflucht gescheit;
man ist nicht einmal versucht sie herzlich dumm zu nennen. Sie
offenbart jedoch mit einem Schlage die Absichten und Gedanken
moderner Bühnenleiter; die einen sind schamhaft genug, sich nichts
merken zu lassen, die anderen sagen frei heraus, was ihr Inneres
bewegt: die Kritik ist nichts als Gewerbestörung.
Leopold Jacobson.</Unicode>
            </TextEquiv>
        </TextRegion>
    </Page>
</PcGts>
