3436 4384
944 179 1328 268 box 8/3
251 175 799 270 4. 6. Agonie
496 229 871 288 1 4 K  e e e
1495 464 1659 540 =
177 454 1658 580 Heilung „Agonie“, die eine der Anatol=Szenen ist, also ein scharf
161 503 1665 591 on seiner gestricheltes Porträt aus der gestriegelten jungen Lebewelt der heutigen
176 545 377 599 in Hauch
373 562 1670 652 Großstadt. Wohl ist auch in dieser Kleinigkeit die zwischen den Zeilen
173 582 364 641 MMitgefühl
373 589 1661 683 hier und da diskret hervorlugende Charakterzeichenkunst, die skeptische
177 626 364 685 de großen
369 622 1666 737 Menschenkenntnis, der schwül=duftige tuberosige Stimmungsgehalt, die
166 659 368 731 n einsam
369 667 1657 757 Wahrheitsbeflissenheit Schnitzlers in homöopathischen Döschen vor¬
373 710 1665 807 handen. Es ist ein bald mehr bald weniger zartfingerig vorgenom¬
168 728 364 795 sere Zeit
365 743 1652 845 mener enger Ausschnitt aus der Tragikomödie des wirklichen Lebens
161 781 353 836 shleit von
371 790 1656 892 mit seinen frivolen Bitterkeiten. Doch der müdeste, am wenigsten
178 819 358 875 Virtuos.
365 816 1655 914 witzige von allen im „Anatol“=Reigen. Und da er in der hiesigen Dar¬
179 860 352 914 n diesem
374 862 1657 961 stellung so unwienerisch wie nur denkbar herauskam, ging er an den
188 903 353 961 ung von
354 888 1072 966 Zuhörern völlig wirkungslos vorüber.
233 934 351 996 leicht
412 958 1641 1038 Zum Kehraus gab es ein hamburgisches Gewächs, jüngsten Jahr¬
249 979 356 1028 ein
356 973 1020 1050 ganges, einen „Künstler ———
242 1013 343 1065 Und
1040 1006 1657 1076 betitelten parodistischen Akt von
352 1017 1640 1109 Karl Goldfeld. Ja, es gibt wahrscheinlich solche Narren, die,
182 1037 346 1105 rMaske
361 1048 1642 1135 obwohl sie in Erbsen und Bohnen und anderen Kriegsleckerbissen für
194 1091 348 1147 darauf
368 1090 1641 1189 fleischfreie Tage einen sehr schwungvollen und einträglichen Handel
160 1129 341 1179 ragischen
355 1133 1636 1218 treiben und so der Mitmensc##t ersprießliche Dienste leisten, eine
163 1167 346 1221 nschlichen
356 1167 1638 1273 blumenreiche Dichterglos iole sich selber um den albernen Hohlkopf
171 1208 341 1255 borstenen
351 1211 1639 1310 winden und der Welt un sich s. etwas wie ein Künstlerdasein vorzu¬
166 1245 337 1308 n Hirsch
346 1239 1632 1340 gaukeln eifrig beflissen sind. Es gibt auch bestimmt zahllose empfind¬
170 1284 340 1341 geformt,
346 1283 1627 1368 selige Backfischlein, die in angeberener echter Gefühlsamkeit und ehr¬
177 1326 350 1373 Liebes¬
352 1323 1632 1424 licher Schwärmerei vor ir##### einem frechen Grünspecht sich ein X
167 1360 333 1415 Heroine
347 1367 1631 1450 Ffür ein U machen lassen Wenn nur Herr Goldfeid den netten Einfall
168 1395 338 1448 er bitter
345 1402 1633 1482 mit einem Federzänglein e#hascht und nicht mit dem Bejoneit auf¬
160 1438 332 1494 gt: eine
339 1458 1638 1546 gespießt hätte. Immer#in #####er es mit viel Munterkeit und Bühnen¬
171 1477 329 1530 omischen
339 1497 1634 1576 geschick getan. Und da der pamadige Herr Grill der devote Herr
178 1519 331 1569 von ein
349 1517 1630 1611 Gude und das begeisterungsschöne Frl. Carlsen sich dieses Sächelchens
180 1548 332 1606 ckenheit.
339 1546 1628 1655 mit offenbar ebenso #ufrichtig freundlicher Hingabe angenommen
169 1592 323 1648 ringende
340 1591 1650 1698 hatten wie der ganz in der künstlerischen Umwelt aufgehende Teetopf
181 1633 338 1698 in statt
334 1627 1622 1731 und die gefüllte und e#mäßlich kunstvoll sich leerende Keksbüchse, so
188 1665 327 1735 Holz¬
332 1675 1635 1779 konnte ein lebhafter Erkeignicht ausbleiben, und der junge feldgraue
336 1706 1628 1803 *Künstler“=Autor durfte #h wiederholt vor seinen Freunden verneigen.
203 1727 330 1803 alten
337 1750 1319 1847 Der Schlußbeifall war sager von großer Herzlichkeit.
210 1788 319 1834 von
1424 1800 1627 1870 P. W.
192 1818 361 1891 spielte 1
831 1835 1021 1911 ——
483 2486 1320 2619 Fuonehhlt aushin, Pemieche Prase
470 2554 1431 2689 iMLurlin
502 2668 1496 2825 Kunst und Wissenschaft
481 2754 1612 2874 Eine Schnitzler-Uraufführung. Aus Hamburg wird uns
416 2790 1613 2929 geschrieben: Ein Der#### hihennoch-nich aufgeführte Stück
422 2830 1600 2958 „Agonie“ aus dem Anatolzyklus v. Schnitzler für
405 2870 1594 3008 die Bühne zu gewinnen, ist soeben vom Thalia=Theater
396 2901 1589 3043 unternommen worden. Man kann nicht sagen, daß dieser Versuch
393 2932 1586 3085 geglückt ist. Der schwere Sinn des Titels erscheint so ungeheuer¬
391 2971 1590 3104 lich gegenüber dem geringfügigen Etwas des Inhalts in diesem
391 3020 1597 3160 Einatter, daß selbst die leicht und elegant geschliffene Form des
387 3059 1588 3198 Dialogs eine Wirkung nicht mehr sicherstellen kann. Das einzige,
389 3093 1584 3246 was als bemerkenswert auffällt, ist eben die Art des Spiele¬
385 3132 1539 3273 rischen, in der hier der Todeskampf der Liebe vor sich geht. A. L.
1932 639 2384 733 Ausschnitt aus:
2383 712 3026 810 Pheater Gourler, Berlin
2099 712 2408 822 2 1.Ml. 1976
1917 744 2086 805 vom:
2363 821 2661 911 Balfurg.
1959 873 3102 961 Ein Versuch, das bisher noch nicht aufgeführte Stück „Agonie“
1891 907 3107 997 aüs dem Anatolzyklus von Schnü#lerfür die Bühne zu gewin¬
1890 953 3109 1036 nen, ist soeben vom Thalia=Theater unternommen worden.
1888 991 3108 1063 Man kann nicht sagen, daß dieser Versuch geglückt ist. Der schwere
1896 1037 3106 1116 Sinn des Titels erscheint so ungeheuerlich gegenüber dem gering¬
1891 1064 3094 1156 fügigen Etwas des Inhalts in diesem Einakter, daß selbst die leicht
1880 1118 3094 1183 und elegant geschliffene Form des Dialogs eine Wirkung nicht mehr
1884 1139 3096 1240 sicherstellen kann. Das Einzige, was als bemerkenswert auffällt, ist
1877 1187 3100 1260 eben die Arl des Spielerischen, in der hier der Todeskampf der Liebe
1883 1229 3104 1322 vor sich geht. Der interessante Abend, der drei recht entgegengesetzte
1886 1263 3103 1349 Künstler zu Wort kommen ließ, brachte als zweiten Teil des Pro¬
1888 1309 3105 1391 gramms den sehr selten aufgeführten Einakter „Der Fremde“ von
1880 1335 3101 1408 Friedrich Lienhard. Ein Bild aus dem Leben Till Eulenspiegels.
1882 1386 3086 1464 Im Gegensatz zu dem Grundgedanken in Schnitzlers „Agonie“ ist
1967 1448 3093 1528 *) Aum, d. Red. Wir veröffentlichen demnächst noch einige
1872 1470 3080 1577 Artikel aus der Feder des Dramatikers Gottfried Stommel,
1872 1529 3078 1619 der Strindbergs Arbeiten von anderen Gelichtanunkten aus holeuchtet
1864 1597 3078 1665 hier das Erwachen der Liebe in einem stolzen Mädchenherzen zum
1874 1644 3076 1704 Motiv genommen. Der Einakter ist voll von satter Poesie der Ge¬
1870 1683 3091 1733 danken und Stimmungen. Am Schlusse gab es noch die Urauf=
1870 1725 3085 1783 führung eines Einakters „Der Künstler“, in dem der junge
1858 1742 3101 1821 Hamburger Dichter Karl Goldfeld zu zeigen versucht, wie Geschäft
1865 1808 3073 1850 und Kunst, wo beide zusammenhängen, zu einer Verrohung der Le¬
1861 1836 3081 1879 bensmoral führen. Leider ist der Verfasser selbst zu wenig Künstler.
1861 1886 3044 1936 So legt er das Thema nur im gewöhnlichen Sinne aus. A. L.“
1967 2538 2395 2611 Ausschiftt aus
2245 2602 2942 2712 Vassische Zeitung, Berlin
1959 2621 2166 2699 vom:
2156 2664 2420 2765 e
2461 2593 2584 2774 65
1833 2781 2985 2868 Eine Schnitzler=Araufführung. Ein Versuch, das bisher
1800 2838 2995 2908 noch nicht ausgeführte Stick H#gonie“ aus dem Anatolzyklus
1806 2896 2984 2950 von Arthur Schnitzler für die Bühne zu gewinnen, ist soeben vom
1798 2929 2996 2986 Hamburger Thalia=Theater unternommen worden.
1801 2972 2988 3030 Man kann nicht sagen, daß dieser Versuch geglückt ist. Der schwere
1796 3021 2987 3062 Sinn des Titels erscheint so ungeheuerlich gegenüber dem gering¬
1800 3062 2976 3108 fügigen Etwas des Inhalts in diesem Einakter, daß selbst die
1794 3105 2987 3183 leicht und elegant geschliffene Form des Dialogs eine Wirkung
1797 3144 2973 3198 nicht mehr sicherstellen kann. Das einzige, was als bemerkens¬
1797 3193 2980 3241 wert auffällt, ist eben die Art des Spielerischen, in der hier-der
1790 3239 2977 3296 Todeskampf der Liebe vor sich geht. Am Schlusse gab es noch die
1792 3283 2978 3335 Uraufführung eines Einakters „Der Künstler“ ip  dem der
1793 3317 2984 3377 junge Hamburger Dichter Karl Goldfeld zu zeigen versucht,
1791 3363 2978 3403 u Geschäft und Kunst, wo beide zusammenhängen, zu einer Ver¬
1789 3399 2969 3468 rohung der Lebensmoral führen. Leider ist der Verfasser selbst zu
1786 3449 2984 3509 wenig Künstler. So legt er das Thema, nur im gewöhnlichen
1782 3489 2033 3564 Sinne aus.
2821 3495 2991 3565 4, L 3
2337 3501 2707 3583 memme M
