3344 4320
1952 183 2438 256 —
1522 255 1971 355 box 36/3
302 253 1356 347 Panphletsofforints
888 1049 2326 1105 Er schildert ihr die Schrecken des Todes in ihrer ganzen Furchtbar¬
768 1098 2342 1166 keit. Sie will doch mit ihm sterben. Aber er glaubt ihr noch immer nicht.
764 1148 2343 1214 Um sie zu prüfen, lügt er ihr vor, er habe Gift in ihren Wein getan. Sie
779 1226 2225 1278 erschrickt. Nun, da der Tod wirklich nahe ist, fürchtet sie sich davor.
881 1280 2331 1336 Voll Ekel jagt sie Filippo zum zweiten Male davon und trinkt dann
763 1323 2344 1396 selbst den Giftbecher aus. Sie eilt davon zum Herzog, vergißt aber ihren
772 1386 2349 1448 Schleier bei der Leiche. Der Herzog will wissen, wo sie gewesen ist, und
777 1442 2346 1513 da sie sterben soll, wenn sie ihn nicht dahin führt, wo sie den Schleier ge¬
771 1507 1928 1577 lassen, so kehrt sie mit dem Herzog zu Filippo zurück.
883 1570 2352 1641 Wie von einem Hauch des Niegewußten, Unbegreiflichen, Rätsel¬
780 1622 2052 1694 haften des Lebens angeweht, sagt der Herzog zu Beatrice:
1138 1693 1962 1753 „Der starb um dich? Und den verrietest du?
1130 1735 2052 1792 Und mich um ihn? Und wied'rum ihn um mich?
1114 1786 1874 1855 Was bist du für ein Wesen, Beatrice?
1128 1837 1818 1903 Und all dies Ungeheure mußte sein,
1121 1888 1835 1947 Daß ich Filippo Loschi sehen durfte —
1121 1932 1969 2006 Ein einzig Mal und so? Geheimes Walten!
1134 1984 1900 2043 In welche Tiefen muß ich untersteigen,
1135 2044 2005 2106 Die Wurzeln finden, wo sie sich verschlangen?
902 2099 2052 2180 Aber sein freier, edler Sinn findet auch die Lösung:
1077 2166 1871 2228 „Warst du nicht, Beatrice, nur ein Kind,
1061 2216 1985 2288 Das mit der Krone spielte, weil sie glänzte —
1067 2273 2000 2324 Mit eines Dichters Seel', weil sie voll Rätsel —
1080 2324 1941 2382 Mit eines Jünglings Herzen, weil's dir just
1077 2378 1906 2432 Geschenkt war? Aber wir sind allzu streng
1080 2411 1974 2475 Und leiden's nicht, und jedes von uns wollte
1071 2455 2065 2525 Nicht nur das einz'ge Spielzeug sein — nein mehr!
1074 2524 1931 2583 Die ganze Welt. So nannten wir dein Tun
1083 2561 1920 2634 Betrug und Frevel, und du warst ein Kind!“
900 2623 2361 2687 Noch selten ist wohl das Sprunghafte, Gleitende, unergründlich
791 2676 2360 2738 Rätselhafte einer Frauenseele, das halb Unbewußte, Schleierhafte, das
797 2746 2360 2801 Hin und Her von Gefühlen und Neigungen, des halb zum Weibe erwach¬
796 2791 2352 2869 ten, halb noch traumhaft dahinterstehenden jungen Mädchens, so vollen¬
792 2850 2373 2938 det dargestellt worden, wie in diesem schönheiterfüllten Werke Arthur
791 2924 1068 3000 Schnitzlers.
921 2962 2350 3061 „Der einsame Weg“ ist die Tragödie des Alleinseins, ist das
797 3030 2364 3101 Drama der bitteren Wahrheit, daß der Mensch im letzten Grunde seiner
804 3096 2365 3158 Seele doch immer einsam ist. Wundervoll ist, wie dieser Grundgedanke
799 3150 2365 3210 in den Hauptgestalten des Werkes seine Resonnanz findet, wie er aus
792 3197 2367 3283 ihnen herausklingt und mit müdem, leise ersterbendem Ton verhallt. Vor
806 3262 2362 3343 seinem Ende sagt der Schriftsteller Sala zum Maler Julian, der als
794 3333 2368 3395 leichtsinniger, lebensfroher Genießer jahrelang die Welt durchstreift hat,
805 3379 2371 3466 sich nun vor dem einsamen Altern fürchtet und deshalb seinen illegitimen
804 3466 2369 3514 Sohn, der als der Professor Wegraths gilt, von diesem zu sich herüber¬
1545 3557 1644 3635 69
2023 3866 2407 3981 S
