3344 4320
2121 169 2227 261 —
1476 249 1944 348 box 36/3
265 247 1348 343 PanphletsOffnrints
799 1098 2371 1196 ser vielmehr Dichter im reinen Sinne des Wortes ist. Hoffmannsthal
797 1164 2370 1257 erweckt immer das Gefühl einer gewissen Kälte, er blendet und bezaubert
801 1232 2362 1299 wohl, aber er reißt nicht mit. Sein kalter, klarer Verstand guckt überall
787 1305 2362 1374 zwischen den Zeilen hervor und läßt ein volles Gefühl nicht aufkommen.
793 1341 2366 1433 Das Berechnete und das Konstruierte herrschen in seinen Dichtungen vor.
789 1411 2363 1488 Sie sind mehr das Produkt eines rein verstandesmäßigen Wollens, als
782 1455 2358 1538 das Erzeugnis eines glühenden Dichterherzens, das sich mit allen seinen
787 1521 2352 1592 Fasern in den Stoff versenkte und nun allem sein persönliches Gepräge
796 1586 2355 1659 aufdrückt, allem Leben und Farbe verleiht. Hoffmannsthals Kunst glänzt
794 1645 2363 1705 wohl, aber es ist der Glanz des geschliffenen Marmors und nicht das von
797 1690 2363 1780 innen heraus leuchtende Feuer des Diamanten. Statt aus dem Leben
793 1761 2354 1829 heraus zu dichten, dichtet er in das Leben hinein. Dazu interessiert ihn
788 1818 2361 1892 vielfach das Absonderliche, Blutrünstige und teilweise sogar Perverse, und
791 1873 2007 1958 in diesem Sinne ist er gewiß eine Dekadenzerscheinung.
906 1961 2348 2048 Anders Schnitzler. Obwohl er mit Hoffmannsthal sehr starke stoff¬
778 2022 2357 2098 liche und innere Berührungspunkte hat, ist er doch darin von ihm weit
786 2088 2355 2161 verschieden, daß er nur das dichtet, was er wirklich erlebt hat oder was
781 2130 2350 2200 ihm zum inneren Erlebnis geworden ist. Überall fühlen wir die starke
778 2199 2359 2262 Anteilnahme am Stoff, die innere Ergriffenheit, die mitschwingende
768 2260 2355 2336 Dichterseele heraus, und das ist es auch, was seine Werke so wahr und
774 2321 2355 2398 unmittelbar empfunden nachklingen läßt. Gewiß steht auch er stark „über
785 2369 2350 2440 den Dingen“ und sieht mit ironischem, manchmal sogar etwas frivolem
777 2437 2346 2509 Lächeln zu, aber erst, wenn er die Dinge innerlich durchlebt hat und sie
783 2490 2360 2558 von allen verwirrenden Einzelheiten des Augenblicks, von allen Schlak¬
769 2537 1972 2624 ken befreit, klar und bestimmt vor seiner Seele liegen.
900 2629 2346 2731 Stofflich ist Schnitzler ganz Wiener. „Hast du vom Kahlenberg
777 2689 2340 2780 das Land dir rings besehn, so wirst du, was ich bin und was ich schrieb,
769 2762 2333 2828 verstehn“ sagte Grillparzer von sich. Noch mehr gilt das von Schnitzler.
769 2811 2341 2896 Wie weht doch durch alle seine Werke die weiche, stille Anmut und der
767 2868 2335 2953 verführerische Reiz der schönen Kaiserstadt, wie tauchen sie alle wieder
775 2947 2342 2995 auf, die „süßen Mädels“, die in der Stadt geliebt und in der Vorstadt
775 3005 2331 3074 geheiratet werden, die Mizzi und die Lizzi und die Steffi und das
768 3040 2339 3113 Annerl und wie sie alle heißen, und dazwischen die schönen, eleganten
768 3099 2325 3176 Damen der Gesellschaft und die eleganten, geistreichen, halb leichtsinni¬
764 3172 2324 3230 gen, halb schwermütigen jungen und alten Herren, diese feinen Lebens¬
768 3236 2332 3306 genießer und Lebenskünstler, wie sie in dieser Eigenart nur der Wiener
768 3291 2336 3369 Boden hervorzubringen vermag. So gibt es kaum eine Gestalt in Schnitz¬
765 3353 2335 3428 lers Werken, die nicht etwas spezifisch Wienerisches an sich hätte, in deren
769 3391 2334 3456 Haaren und an deren Kleidern nicht der berückende Duft der Donaustadt
765 3456 2343 3547 hinge. Das ist ja nun freilich nur in bezug auf die äußeren Verhältnisse
751 3525 2346 3578 seiner Gestalten zu verstehen. Denn als echter Dichter weiß Schnitzler das
1496 3635 1595 3698 65
