3248 4256
1050 77 1143 152 ur
785 80 981 153 ines
1738 64 2185 162 box 2/11
147 73 380 172 22
349 78 1692 193 Der rod gesellen
806 850 921 940 950
1271 865 1722 966 LA REVUE MONDLALE
899 956 2210 1083 — g... Naturellement, ce furent des liaisons très diverses.
805 1046 2200 1128 Avec l'une d’elles, Fai vécu presque comme mari et femme, pen¬
802 1092 2206 1198 dant de nombreux mois. Avec la deuxième ce fut à peu près ce
809 1164 2208 1250 quson a l'habitude d’appeler une folle aventure. Avec la troi¬
794 1213 2201 1306 sième, nous allämes si loin que je voulus mourir avec elle. La
800 1286 2200 1380 quatrième, je l'ai jetée au bas de l’escalier parce quselle me
794 1316 2209 1414 trompait avec un autre. Et l’une d’elles na été ma maitresse
794 1389 2194 1489 qu'une scule ffois. Volci peut-étre que tous ensemble vous respirez
796 1455 2205 1567 maintenant de soulagement, mes chers amis? Gardez-vous-en
799 1502 2205 1621 bien. Ce fut sans doute I'heure la plus belle de ma vie. et de la
785 1550 968 1636 sienne.
869 1629 2201 1726 Et voilà tout, je n'ai plus rien à vous dire. Maintenant je
788 1666 2197 1779 plie ce papier, je le mets dans mon secrétaire, ou il n’a qu'à
785 1753 2192 1848 attendre que je le détruise, si un autre caprice me prend, ou bien
792 1813 2199 1906 qu on vous le remette à l'heure ou je serai étendu sur mon lit
778 1854 1237 1931 de mort. Adieu 2.
849 1928 2189 2026 Le médecin enleva la lettre des mains du commergant et
781 1980 2179 2074 sembla la lire attentivement du commencement zusqu'à la fin.
780 2035 2180 2130 Puis il dévisagea le commergant qui était lä debout, les bras
778 2091 2037 2199 eroisés et qui le regardait de haut, comme ironquement.
860 2151 2175 2253 — Bien que votre femme salt morte l'année dernière, dit
770 2226 2048 2296 paisiblement le médecm, cela ne change rien à la chose.
847 2285 2182 2372 Le poéte allait et venait dans la chamhre en secouant parfois
768 2334 2163 2454 sa téte, comme sous l’effet d’une crise, et soudain il siffla entre
765 2383 2165 2483 ses dents: & Canaillel n, tandis qulil regardait le mot s’envoler,
765 2455 1746 2538 comme quelque chose qui expirait dans l’air.
841 2522 2158 2619 II essaya d’évoquer l’image de la jeune femme qu'il avait
771 2563 2155 2671 autrefois tenue dans ses bras et qui était son épouse. D’autres
758 2627 2157 2735 portraits de Temmes auxquelles il avait souvent pensé, et qu'il
755 2691 2174 2798 eroyait oubliées surgirent dans sa mémoire, mais précisément il
758 2747 2153 2861 ne put pas évoquer dans son esprit celle qu'il cherchaft. Car le
752 2801 2156 2890 corps de son épouse était flétri et sans parfum et ily avait trop
762 2860 2151 2969 longtemps qu’elle avait cessé d’être pour lui la femme almée.
751 2910 2150 3032 Mais elle était devenue quelque chose d’autre, quelque chose de
746 2993 2156 3077 plus et de plus noble: une amie fière de ses succès. pleine de
754 3052 2158 3137 sympathie pour ses déceptions et sachant comprendre le olus
741 3088 2154 3207 profond de son étre. II ne lui paraissait pas du tout impossible
747 3160 2139 3274 que le vieux célibataire dans sa méchancefé eüt cherché unque¬
