3204 4256
180 52 358 141 22
1048 52 1647 120 Junsdesellen
756 62 1052 130 eines
1698 40 2214 142 box 2/11
359 51 1679 184 Der Pod  an.  denen  e Pe 0.  de K. K. e .
1827 1013 1989 1108 100
1072 1029 1901 1151 Arthur Schnitzie.
902 1185 2225 1279 Une nouvelle comme Le Célbataire donne de Schnitzler
837 1245 2227 1322 Tidée d’un Maupassant germanique, ei au total ce n'est poini s
836 1307 1027 1402 ineract.
919 1347 2219 1441 Arthur Schnitzler, mort Tannée dermère à Vienne, pro¬
825 1423 2228 1505 cède en effei du réalisme qui florissait en France aufour de
830 1493 2225 1566 1890; apres Flaubert, apres Zola, um genre était né plus menu
825 1557 2232 1625 que le leur; toute une lignée de petits-maitres avaient réduit à la
823 1627 2227 1683 mesure de la noupelle Tinspiration de maitres qui tendaient d une
819 1673 2231 1763 synthese, que ce fül celle de Madame Bovary ei de Salammbö,
819 1723 1439 1810 ou des Rougon-Macquart.
910 1772 2219 1849 Les noupeaux venus procédaient par analyse minutieuse; leu
821 1851 2218 1929 ceil étan exercé d voir par le mon les détails c'une action, d
828 1908 2233 1959 reienir de la physionomie d’un individhu tout ce qui pouvait
825 1979 2225 2046 serpir d dresser une fiche signalétique. Pour faire de cela un
823 2024 2220 2104 ensemble, il ne reskait qu'd trouver le sujet: mince luf aussi,
818 2084 2234 2163 Dévénement qui se laisse racontei ei forme la trame captivanke
820 2139 2236 2226 c'un récit court, capable d’entrer dans quelque série des Mille
820 2197 1167 2273 et un Matins.
2031 2243 2204 2331 —
898 2234 1988 2330 Dans la littérature allemande ou les preportions
817 2315 1981 2389 amples, ou un roman prend plusieurs de nos volumes,
824 2368 1971 2458 velle fait un de nos romans, ces récits d'un épisode
789 2428 1981 2509 4 plications devinrent des nouvelles de vingt d trois c.
895 2503 1975 2578 C’est en général de telles narrations romanesq
818 2555 1974 2640 compose Taupre de Schnitzler. La Société viennois
825 2606 1965 2685 est une peinture n'y est pas représentée à la fresque
814 2675 1967 2742 plan d la fagon d' Emile Zola ou de Heinrich Mann
817 2733 1968 2815 tures seulement s'y juxtaposent, choistes seion T’ins
823 2800 1964 2863 moment; et dans chacune d’elles c’est un cas intère
815 2841 1972 2906 wrouve exposé. Schnitzler, médecin et psychologu¬
814 2906 1971 2986 échappé à linfluence de Freud; sa psychologie est d.
810 2969 1972 3047 pathie. Sans rien pourtant qui sente la théorie, ni l.
817 3018 1973 3101 laboratoire; Félément essentiel de son travail litté
866 3125 1665 3206 (1) Né en 1862, mort à Vienne, en 1931.
2455 1926 2575 2036 120
