3204 4256
158 83 379 193 22.
377 77 1729 159 Der Tod eines Junggesellen
1747 80 2190 178 box 2/11
371 80 1660 190 .    S eeeeenee eneeee
2375 915 2488 983 141
1614 919 1970 984 LE CELIBATAIRE
579 999 706 1085 ilien
1177 1018 2496 1087 Dans une nouvelle comme Frau Beate and ihr Sohn, qui
1098 1083 2496 1153 représente assez bien la moyenne dans laquelle se tient Schnitzler,
618 1115 693 1183 1-
1096 1161 2482 1228 les personnages ne sont vouès d Vextraordinaire que par désaffec¬
599 1178 672 1255 chu
1092 1203 2493 1266 tion finale de ce qui les tenait avec une espéce de fatalité, dans
1096 1263 2502 1338 la jouissance ordinaug. Une jeune veuve, Frau Beate, a un
1088 1334 2488 1406 fils de vingi ans, Hußo qui, pendant une villégiature juvénile¬
1099 1391 2495 1455 ment cede d lappen Wla semme. Mais sa mère aussi est une
658 1419 712 1504 T
1090 1446 2498 1523 femme, ei parmi les camarades de Hugo un certain Fritz qui
1093 1497 2499 1591 na pour lui que sa jeunesse l’entra# ans le tourbillon du
1094 1562 2496 1646 plaisir. Ayant cédé au vertige, un soir de'sa fenêtre elle entend
1099 1621 2492 1686 dans le jardin le naif amoureux se vanter d un autre de sa bonne
1090 1685 2496 1755 fortune. Au lien de s en tirer avec une gräce d la Musset, elle se
1085 1732 2495 1806 laisse enwvahir par le sang lourd, la tristesse dissolvante qui
1088 1798 2497 1868 mele lä-bas à Tidée de Tamour celle de la mort. Son fils sait;
1097 1849 2488 1912 #il est poussé lm aussi au néant par la volupté. Tous deux, déta¬
1097 1909 2488 1997 chant une barque, s’enfoncent dans la nuit et se laissent choir
1094 1990 2501 2052 avec un dernier baiser au fond du lac. Cest par le tragique intime
1094 2030 2498 2098 qui emplit V’existence d’une semme, de ces femmes vouées d
1088 2090 2508 2143 Tamour en face d'hommes qui ne cherchent que le plaisir, que des
1094 2147 2519 2224 romans conme Thèrèse assurent d Schnitzler imne place d part
1095 2208 1897 2296 dans la chronique du cceur féminin.
2002 2224 2418 2309 Félix BERTAUx.
2044 2364 2107 2443 1)
1496 2380 2076 2504 Le Célibataie
1581 2476 2030 2591 (Wouvelle inédite)
1175 2627 2484 2706 On frappa à la porte, tout doucement; cependant, le méde¬
1103 2688 2498 2768 cin se réveilla aussitöt, fit de la lumière et se leva. II jeta un
1100 2751 2491 2827 regard sur le lit, ou sa femme continuait à dormir tranquille¬
1099 2803 2496 2887 ment; il revétit sa robe de chambre et il alla ouvrir. II ne recon¬
580 2826 686 2904 Te¬
547 2884 697 2965 hnitz¬
1173 2892 2497 2959 (1) Sous ce titre Romanciers allemands contemporains, les éditions
1106 2943 2492 2997 Denoel et Steele vont publier le troisième volume de la Collection dirigée
398 2948 695 3025 lière on Von
1104 2986 2497 3052 par notre confrère Charensol, et ou ont déjà paru Les Romanciers Améri¬
261 3000 705 3086 hal, la lassikude des
1104 3027 1763 3084 cains et Les Romanciers Italiens.
1170 3064 2503 3125 Ce volume, comme les précédents, contient douze nouvelles inédites
196 3066 710 3151 expériences mondaines
1104 3099 2510 3148 des douze meilleurs romanciers allemands d’aujourd’hui, précédécs de
367 3128 700 3218 nank en sour¬
1104 3149 2507 3203 douze bréves introductions. Nous sommes heureux de pouvoir donner à
1102 3181 2511 3263 nos lecteurs l’introduction, et la nouvelle d’Arthur Schnitzler, qui figure
1098 3223 1440 3293 dans ce recueil.
