3204 4256
122 96 305 176 22
413 84 562 167 rT
691 94 874 169 ein
1238 86 1570 169 esellen
984 100 1149 169 Jun
1702 69 2132 196 box 2/11
302 96 1568 220 g  e . S e. an enen un e ae
958 1024 1065 1106 154
1423 1021 1860 1118 LA REVUE MONDIALE
1105 1127 2354 1200 Verra-t-on bientöt quelque chose de vous encore au
947 1209 2229 1277 théätre? demanda le médecin, avec sa voix de toujours.
1025 1259 2360 1338 Le poéte parla des difficultés extraordinaires que soulevait
953 1312 2344 1386 la représentation de son nouveau drame, lequel, à la verité, con¬
947 1366 2342 1440 tenait des attaques sans précédent contre toutes sortes de choses
950 1428 2355 1505 qui, parait-il, sont sacro-saintes aux yeux des hommes. Le poéte,
948 1487 2358 1562 lui non plus n’écoutait pas ce qulil disait, car, depuis longtemps,
949 1547 2358 1621 les phrases, souvent toutes faites, sortaient de ses levres comme
952 1604 1828 1689 quelque chose qu’on a appris par cceur.
1026 1660 2357 1762 Devant la maison du médecin, les deux hommes descendirent
955 1724 1470 1805 st la voiture s en alla.
1031 1781 2345 1854 Le medecm sonna. Tous deux étaient lä, debout, et se tai¬
960 1842 2351 1928 scient. Lorsquc les pas du concierge s’approchèrent, le poéte
957 1904 1080 1984 dit:
1017 1961 2347 2040 — Bonne nuit, mon cher docteur. Et puis il ajouta lente¬
946 2027 2342 2112 ment, avec un frémissement des nanmnes: g D’ailleurs, je ne le
950 2077 1845 2168 dirai pas, moi acn plus, à la mienne 9.
1024 2118 2341 2216 Le médecin tourna son regard de cöté et sourit doucement.
946 2191 2346 2257 La porte était ouverte. Ils se serrèrent la main; le médecin dis¬
946 2259 2356 2334 parut dans le couloir, la porte se referma. Le poête partit. II
938 2304 2353 2384 porta la main à sa poche. Qui, le papier était lä. Son épouse le
945 2371 2354 2448 drouverait, bien conservé et hien cacheté, dans sa succession. Et
942 2426 2354 2487 avec la rare imagination qui lui était particulière, il l’entendait
944 2492 1711 2566 deja murmurer sur son tombeau :
1101 2546 1971 2648 Ole noble cceur! O la grande ämel..
1731 2639 2243 2740 Arthur ScHNITZLER.
1230 2705 2267 2803 (Traduction de Alzir Hella et O. Bournac).
1940 2955 2022 3019 9145
