<?xml version="1.0" encoding="UTF-8" standalone="yes"?>
<PcGts xmlns="http://schema.primaresearch.org/PAGE/gts/pagecontent/2013-07-15" xmlns:xsi="http://www.w3.org/2001/XMLSchema-instance" xsi:schemaLocation="http://schema.primaresearch.org/PAGE/gts/pagecontent/2013-07-15 http://schema.primaresearch.org/PAGE/gts/pagecontent/2013-07-15/pagecontent.xsd">
    <Metadata>
        <Creator>prov=University of Rostock/Institute of Mathematics/CITlab/Gundram Leifert/gundram.leifert@uni-rostock.de:name=ONB_Newseye_GT_M1+(htr_id=10810)::::v=2.4.2
prov=University of Rostock/Institute of Mathematics/CITlab/Tobias Gruening/tobias.gruening@uni-rostock.de:name=de.uros.citlab.module.baseline2polygon.B2PSeamMultiOriented:v=2.4.2
prov=University of Rostock/Institute of Mathematics/CITlab/Tobias Gruening/tobias.gruening@uni-rostock.de:name=/mnt/transkribus/LA/DEA/URO/LA_news_onb_att.pb:de.uros.citlab.segmentation.CITlab_LA_ML:v=2.4.2
Transkribus</Creator>
        <Created>2019-10-07T10:26:56.453+02:00</Created>
        <LastChange>2019-10-07T11:59:52.041+02:00</LastChange>
        <TranskribusMetadata docId="223899" pageId="9491878" pageNr="17" tsid="16365350" status="IN_PROGRESS" userId="40391" imgUrl="https://files.transkribus.eu/Get?id=MHVKAPGRJXZSGOKFGRYVSAIP&amp;fileType=view" xmlUrl="https://files.transkribus.eu/Get?id=GTGYNANQXNMJHZFVHWSFSXEF" imageId="6182166"/>
    </Metadata>
    <Page imageFilename="223899_0017.jpeg" imageWidth="3248" imageHeight="4256">
        <ReadingOrder>
            <OrderedGroup id="ro_1711444899085" caption="Regions reading order">
                <RegionRefIndexed index="0" regionRef="r1"/>
            </OrderedGroup>
        </ReadingOrder>
        <TextRegion orientation="0.0" id="r1" custom="readingOrder {index:0;}">
            <Coords points="179,103 179,3231 2380,3231 2380,103"/>
            <TextLine id="r1l1" custom="readingOrder {index:0;}">
                <Coords points="171,157 259,156 298,139 318,151 361,130 410,145 528,141 526,90 482,71 454,82 392,72 360,103 331,109 263,71 244,85 212,70 169,79"/>
                <Baseline points="179,132 205,135 231,137 257,138 283,139 309,139 335,138 362,137 388,136 414,134 440,132 466,130 492,126 519,123"/>
                <TextEquiv>
                    <Unicode>22. Der</Unicode>
                </TextEquiv>
            </TextLine>
            <TextLine id="r1l2" custom="readingOrder {index:1;}">
                <Coords points="562,146 701,147 744,127 778,148 1009,135 1112,148 1113,85 900,102 828,72 807,91 762,87 716,58 562,73"/>
                <Baseline points="570,132 596,132 623,132 649,132 676,132 703,132 729,133 756,133 783,134 809,134 836,135 863,135 889,136 916,136 943,136 969,137 996,137 1023,136 1049,136 1076,136 1103,135"/>
                <TextEquiv>
                    <Unicode>Tod eines Ju</Unicode>
                </TextEquiv>
            </TextLine>
            <TextLine id="r1l3" custom="readingOrder {index:2;}">
                <Coords points="1305,148 1322,147 1329,151 1331,149 1350,152 1371,144 1380,144 1379,107 1367,107 1352,101 1351,103 1347,99 1344,103 1340,101 1331,103 1328,107 1312,102 1303,103"/>
                <Baseline points="1313,140 1342,141 1371,138"/>
                <TextEquiv>
                    <Unicode>S</Unicode>
                </TextEquiv>
            </TextLine>
            <TextLine id="r1l4" custom="readingOrder {index:3;}">
                <Coords points="1462,151 1490,150 1496,153 1509,147 1527,148 1524,80 1510,84 1497,81 1486,71 1458,73"/>
                <Baseline points="1471,143 1517,141"/>
                <TextEquiv>
                    <Unicode>1</Unicode>
                </TextEquiv>
            </TextLine>
            <TextLine id="r1l5" custom="readingOrder {index:4;}">
                <Coords points="1566,149 1578,152 1579,150 1581,152 1599,151 1608,142 1618,141 1620,103 1609,102 1603,98 1599,100 1592,94 1590,96 1587,92 1584,96 1578,92 1577,94 1568,93"/>
                <Baseline points="1574,142 1609,143"/>
                <TextEquiv>
                    <Unicode>1</Unicode>
                </TextEquiv>
            </TextLine>
            <TextLine id="r1l6" custom="readingOrder {index:5;}">
                <Coords points="1750,133 1884,173 1980,159 2029,177 2071,157 2101,175 2188,156 2190,105 2099,74 2069,92 2006,81 1955,116 1920,96 1864,106 1751,74"/>
                <Baseline points="1758,145 1784,145 1810,145 1837,146 1863,148 1889,149 1916,150 1942,152 1969,153 1995,154 2021,155 2048,155 2074,155 2100,154 2127,152 2153,150 2180,147"/>
                <TextEquiv>
                    <Unicode>box 2/11</Unicode>
                </TextEquiv>
            </TextLine>
            <TextLine id="r1l7" custom="readingOrder {index:6;}">
                <Coords points="368,165 1622,189 1610,140 1330,145 1260,85 1150,146 368,130"/>
                <Baseline points="377,155 438,157 500,159 562,160 624,161 686,163 747,163 809,164 871,164 933,165 995,165 1056,165 1118,165 1180,165 1242,165 1304,165 1365,165 1427,165 1489,166 1551,166 1613,166"/>
                <TextEquiv>
                    <Unicode>Den eenenenenenen 1. . e. de. enenen</Unicode>
                </TextEquiv>
            </TextLine>
            <TextLine id="r1l8" custom="readingOrder {index:7;}">
                <Coords points="1006,905 1019,902 1027,907 1038,899 1048,903 1060,916 1069,907 1076,908 1082,903 1092,905 1099,898 1110,900 1112,850 1089,851 1084,845 1067,846 1058,837 1049,838 1041,829 1027,834 1010,831"/>
                <Baseline points="1016,883 1044,885 1073,886 1102,887"/>
                <TextEquiv>
                    <Unicode>146</Unicode>
                </TextEquiv>
            </TextLine>
            <TextLine id="r1l9" custom="readingOrder {index:8;}">
                <Coords points="1481,903 1550,920 1605,906 1660,933 1696,907 1811,913 1904,944 1907,846 1860,849 1824,876 1719,873 1636,841 1482,868"/>
                <Baseline points="1490,896 1515,898 1540,898 1566,900 1591,901 1616,902 1642,903 1667,904 1693,905 1718,906 1743,907 1769,907 1794,908 1819,908 1845,908 1870,908 1896,907"/>
                <TextEquiv>
                    <Unicode>LA RBVUE MONDIALR</Unicode>
                </TextEquiv>
            </TextLine>
            <TextLine id="r1l10" custom="readingOrder {index:9;}">
                <Coords points="997,1002 2337,1051 2386,991 1926,987 1770,939 1597,979 998,955"/>
                <Baseline points="1006,998 1074,1000 1143,1003 1211,1005 1280,1007 1348,1009 1417,1011 1485,1013 1554,1014 1622,1016 1691,1017 1759,1019 1828,1020 1896,1022 1965,1023 2033,1025 2102,1027 2170,1028 2239,1030 2307,1032 2376,1033"/>
                <TextEquiv>
                    <Unicode>quoi donc restai-je là, pensa-t-il, en prenant place sur le siege</Unicode>
                </TextEquiv>
            </TextLine>
            <TextLine id="r1l11" custom="readingOrder {index:10;}">
                <Coords points="993,1081 2387,1102 2299,1036 995,1028"/>
                <Baseline points="1002,1057 1070,1060 1139,1063 1208,1066 1277,1068 1346,1071 1414,1073 1483,1075 1552,1076 1621,1078 1690,1080 1758,1081 1827,1083 1896,1084 1965,1086 2034,1087 2102,1089 2171,1091 2240,1092 2309,1094 2378,1096"/>
                <TextEquiv>
                    <Unicode>qui était devant la table. J'aurais plutôt le droit de m’en aller,</Unicode>
                </TextEquiv>
            </TextLine>
            <TextLine id="r1l12" custom="readingOrder {index:11;}">
                <Coords points="993,1118 2376,1165 2377,1116 2255,1093 995,1078"/>
                <Baseline points="1002,1114 1070,1116 1138,1119 1206,1121 1275,1124 1343,1126 1411,1129 1480,1131 1548,1134 1616,1136 1685,1138 1753,1141 1821,1143 1889,1145 1958,1146 2026,1148 2094,1149 2163,1151 2231,1151 2299,1152 2368,1153"/>
                <TextEquiv>
                    <Unicode>car manifestement je n’ai été appelé qu'en qualité de médecin.</Unicode>
                </TextEquiv>
            </TextLine>
            <TextLine id="r1l13" custom="readingOrder {index:12;}">
                <Coords points="983,1174 2235,1229 2384,1178 984,1135"/>
                <Baseline points="991,1174 1060,1176 1129,1177 1198,1179 1267,1181 1336,1183 1405,1185 1475,1188 1544,1190 1613,1192 1682,1195 1751,1198 1820,1200 1889,1202 1959,1204 2028,1206 2097,1208 2166,1209 2235,1210 2304,1211 2374,1212"/>
                <TextEquiv>
                    <Unicode>En fait, notre amitié n’était pas tres étroite. A mon äge, pensa¬</Unicode>
                </TextEquiv>
            </TextLine>
            <TextLine id="r1l14" custom="readingOrder {index:13;}">
                <Coords points="991,1220 2381,1306 2383,1236 2298,1221 992,1194"/>
                <Baseline points="999,1232 1067,1234 1136,1236 1205,1238 1273,1239 1342,1241 1411,1243 1479,1245 1548,1247 1617,1249 1686,1251 1754,1253 1823,1256 1892,1258 1960,1260 2029,1263 2098,1266 2166,1269 2235,1272 2304,1275 2373,1278"/>
                <TextEquiv>
                    <Unicode>t-il encore, il n'est guère possible, pour quelqu'un comme mol.</Unicode>
                </TextEquiv>
            </TextLine>
            <TextLine id="r1l15" custom="readingOrder {index:14;}">
                <Coords points="983,1287 2381,1331 2289,1279 984,1254"/>
                <Baseline points="991,1292 1060,1293 1129,1294 1198,1295 1267,1297 1336,1299 1405,1301 1474,1303 1543,1306 1612,1308 1682,1310 1751,1313 1820,1315 1889,1318 1958,1320 2027,1323 2096,1326 2165,1328 2234,1330 2303,1332 2373,1334"/>
                <TextEquiv>
                    <Unicode>d’etre l'ami d’un homme qui n’a pas de profession et qui mème</Unicode>
                </TextEquiv>
            </TextLine>
            <TextLine id="r1l16" custom="readingOrder {index:15;}">
                <Coords points="985,1364 2162,1400 2390,1368 2276,1330 986,1324"/>
                <Baseline points="995,1355 1064,1355 1133,1356 1202,1357 1272,1358 1341,1360 1410,1361 1479,1363 1549,1366 1618,1368 1687,1370 1756,1373 1826,1375 1895,1377 1964,1380 2033,1382 2103,1384 2172,1386 2241,1388 2310,1390 2380,1391"/>
                <TextEquiv>
                    <Unicode>nen a jamais eu. S’il n avait pas été riche, qu’aurait-Il bien</Unicode>
                </TextEquiv>
            </TextLine>
            <TextLine id="r1l17" custom="readingOrder {index:16;}">
                <Coords points="973,1425 2376,1458 2378,1388 975,1376"/>
                <Baseline points="983,1414 1052,1414 1121,1415 1190,1415 1260,1416 1329,1418 1398,1419 1467,1421 1537,1423 1606,1425 1675,1427 1744,1430 1814,1432 1883,1434 1952,1437 2021,1439 2091,1441 2160,1443 2229,1445 2298,1446 2368,1448"/>
                <TextEquiv>
                    <Unicode>pu faire? Probablement il se serait consacré à la littérature; Il</Unicode>
                </TextEquiv>
            </TextLine>
            <TextLine id="r1l18" custom="readingOrder {index:17;}">
                <Coords points="981,1475 2367,1524 2386,1470 982,1438"/>
                <Baseline points="990,1470 1059,1471 1128,1472 1197,1473 1267,1475 1336,1477 1405,1478 1475,1480 1544,1482 1613,1484 1683,1486 1752,1488 1821,1491 1890,1493 1960,1495 2029,1497 2098,1499 2168,1502 2237,1504 2306,1506 2376,1508"/>
                <TextEquiv>
                    <Unicode>était, en effet, tres spirituel 8. Et, en méme temps, le médeci</Unicode>
                </TextEquiv>
            </TextLine>
            <TextLine id="r1l19" custom="readingOrder {index:18;}">
                <Coords points="982,1524 2347,1586 2382,1526 983,1494"/>
                <Baseline points="991,1526 1060,1528 1129,1530 1198,1532 1267,1534 1336,1537 1405,1539 1474,1541 1543,1544 1612,1546 1681,1548 1750,1551 1819,1553 1888,1556 1957,1558 2026,1560 2095,1562 2164,1563 2233,1565 2302,1566 2372,1567"/>
                <TextEquiv>
                    <Unicode>se rappela plus d’une remarque d’une justesse malicieuse faite</Unicode>
                </TextEquiv>
            </TextLine>
            <TextLine id="r1l20" custom="readingOrder {index:19;}">
                <Coords points="974,1581 1595,1633 2385,1622 2386,1580 2250,1567 975,1553"/>
                <Baseline points="982,1586 1051,1588 1121,1590 1191,1592 1260,1594 1330,1597 1400,1599 1469,1601 1539,1603 1609,1605 1679,1607 1748,1609 1818,1612 1888,1614 1957,1616 2027,1618 2097,1619 2166,1622 2236,1624 2306,1626 2376,1627"/>
                <TextEquiv>
                    <Unicode>par le célibataire, en particulier au sujet des ouvrages de leur</Unicode>
                </TextEquiv>
            </TextLine>
            <TextLine id="r1l21" custom="readingOrder {index:20;}">
                <Coords points="981,1655 1031,1668 1093,1647 1152,1667 1282,1658 1302,1678 1388,1659 1484,1682 1485,1634 1450,1638 1396,1606 1183,1621 1069,1595 1051,1609 983,1601"/>
                <Baseline points="990,1642 1015,1643 1041,1643 1066,1644 1092,1644 1117,1645 1143,1646 1168,1647 1194,1647 1219,1648 1245,1649 1270,1650 1296,1651 1321,1652 1347,1654 1372,1655 1398,1656 1423,1658 1449,1660 1475,1662"/>
                <TextEquiv>
                    <Unicode>ami commun le poéte.</Unicode>
                </TextEquiv>
            </TextLine>
            <TextLine id="r1l22" custom="readingOrder {index:21;}">
                <Coords points="1051,1707 2371,1750 2372,1700 2268,1673 2201,1706 1052,1669"/>
                <Baseline points="1060,1703 1125,1706 1190,1709 1255,1713 1320,1716 1385,1719 1450,1722 1515,1725 1580,1727 1645,1730 1711,1733 1776,1735 1841,1737 1906,1738 1971,1740 2036,1742 2101,1743 2166,1744 2231,1745 2296,1746 2362,1746"/>
                <TextEquiv>
                    <Unicode>Le poéte et le commerçant entrèrent, Le pocte eut T'air</Unicode>
                </TextEquiv>
            </TextLine>
            <TextLine id="r1l23" custom="readingOrder {index:22;}">
                <Coords points="966,1772 2259,1820 2364,1816 2366,1773 968,1711"/>
                <Baseline points="976,1760 1045,1763 1114,1766 1183,1768 1252,1770 1321,1773 1390,1775 1459,1777 1528,1779 1597,1781 1666,1783 1735,1785 1804,1786 1873,1789 1942,1791 2011,1792 2080,1795 2149,1797 2218,1799 2287,1802 2356,1805"/>
                <TextEquiv>
                    <Unicode>froissé, lorsqu'il vit le docteur assis sur le siège que le défunt n’oc¬</Unicode>
                </TextEquiv>
            </TextLine>
            <TextLine id="r1l24" custom="readingOrder {index:23;}">
                <Coords points="976,1815 1473,1865 2369,1858 2327,1808 977,1780"/>
                <Baseline points="984,1817 1052,1820 1121,1824 1190,1827 1259,1831 1328,1833 1397,1837 1465,1839 1534,1841 1603,1844 1672,1846 1741,1848 1810,1850 1879,1852 1947,1853 2016,1855 2085,1856 2154,1857 2223,1858 2292,1859 2361,1860"/>
                <TextEquiv>
                    <Unicode>cuperait plus, et cela en tenant à la main une cigarette qui, du</Unicode>
                </TextEquiv>
            </TextLine>
            <TextLine id="r1l25" custom="readingOrder {index:24;}">
                <Coords points="970,1889 2369,1932 2343,1865 972,1845"/>
                <Baseline points="980,1873 1049,1877 1118,1880 1187,1884 1256,1887 1325,1890 1394,1893 1463,1895 1532,1897 1601,1900 1670,1902 1739,1903 1808,1905 1877,1907 1946,1909 2015,1911 2084,1912 2153,1914 2222,1916 2291,1918 2360,1920"/>
                <TextEquiv>
                    <Unicode>reste, n’était pas encore allumée, et il ferma la porte derrière</Unicode>
                </TextEquiv>
            </TextLine>
            <TextLine id="r1l26" custom="readingOrder {index:25;}">
                <Coords points="968,1954 998,1959 1003,1963 1023,1953 1033,1957 1046,1950 1051,1952 1065,1941 1077,1942 1080,1916 1056,1907 1039,1887 1031,1892 1018,1885 991,1890 983,1883 976,1883"/>
                <Baseline points="980,1933 1009,1934 1038,1938 1068,1941"/>
                <TextEquiv>
                    <Unicode>lui.</Unicode>
                </TextEquiv>
            </TextLine>
            <TextLine id="r1l27" custom="readingOrder {index:26;}">
                <Coords points="1043,2000 2361,2040 2349,1978 1045,1948"/>
                <Baseline points="1052,1994 1117,2000 1182,2005 1247,2010 1312,2013 1377,2016 1442,2019 1507,2021 1572,2023 1637,2025 1702,2027 1767,2028 1832,2029 1897,2030 1962,2030 2027,2031 2092,2031 2157,2032 2222,2032 2287,2033 2352,2033"/>
                <TextEquiv>
                    <Unicode>Désormais, on était ici en quelque sorte dans un autre monde.</Unicode>
                </TextEquiv>
            </TextLine>
            <TextLine id="r1l28" custom="readingOrder {index:27;}">
                <Coords points="1117,2069 2291,2113 2354,2066 1118,2023"/>
                <Baseline points="1126,2058 1186,2060 1247,2062 1308,2064 1369,2066 1430,2068 1491,2069 1552,2071 1613,2073 1674,2075 1735,2077 1795,2079 1856,2081 1917,2083 1978,2085 2039,2087 2100,2089 2161,2091 2222,2093 2283,2095 2344,2097"/>
                <TextEquiv>
                    <Unicode>Supposez-vous quelque chose? demanda le commergant.</Unicode>
                </TextEquiv>
            </TextLine>
            <TextLine id="r1l29" custom="readingOrder {index:28;}">
                <Coords points="1107,2113 1487,2153 2129,2150 2082,2105 1943,2089 1109,2073"/>
                <Baseline points="1115,2114 1165,2116 1215,2119 1265,2121 1316,2123 1366,2125 1416,2127 1466,2129 1517,2131 1567,2133 1617,2134 1667,2136 1718,2138 1768,2139 1818,2141 1868,2143 1919,2144 1969,2146 2019,2148 2069,2149 2120,2151"/>
                <TextEquiv>
                    <Unicode>Au sujet de quoi? fit le poête distraitement.</Unicode>
                </TextEquiv>
            </TextLine>
            <TextLine id="r1l30" custom="readingOrder {index:29;}">
                <Coords points="1111,2184 2240,2245 2367,2214 2319,2170 2159,2183 2103,2149 1113,2133"/>
                <Baseline points="1121,2177 1182,2178 1244,2180 1306,2182 1368,2183 1430,2185 1492,2187 1553,2189 1615,2191 1677,2193 1739,2195 1801,2197 1863,2199 1925,2201 1986,2203 2048,2205 2110,2207 2172,2209 2234,2212 2296,2214 2358,2215"/>
                <TextEquiv>
                    <Unicode>Au sujet de ce qui a pu le pousser à nous faire appeler,</Unicode>
                </TextEquiv>
            </TextLine>
            <TextLine id="r1l31" custom="readingOrder {index:30;}">
                <Coords points="956,2250 1084,2234 1153,2256 1365,2248 1438,2268 1545,2254 1547,2214 1383,2189 1146,2203 1077,2180 957,2199"/>
                <Baseline points="966,2229 994,2230 1023,2232 1051,2234 1080,2235 1108,2237 1137,2237 1165,2238 1194,2239 1222,2240 1251,2240 1279,2241 1308,2242 1336,2242 1365,2243 1393,2244 1422,2245 1450,2245 1479,2246 1507,2248 1536,2249"/>
                <TextEquiv>
                    <Unicode>nous et personne d’autre.</Unicode>
                </TextEquiv>
            </TextLine>
            <TextLine id="r1l32" custom="readingOrder {index:31;}">
                <Coords points="1036,2312 2360,2337 2360,2286 2012,2256 1892,2287 1038,2249"/>
                <Baseline points="1045,2292 1110,2293 1175,2295 1240,2296 1306,2298 1371,2301 1436,2302 1502,2305 1567,2307 1632,2310 1698,2312 1763,2314 1828,2317 1893,2318 1959,2321 2024,2323 2089,2325 2155,2327 2220,2328 2285,2330 2351,2331"/>
                <TextEquiv>
                    <Unicode>Le poête trouva qu'il était superflu de chercher à cela une</Unicode>
                </TextEquiv>
            </TextLine>
            <TextLine id="r1l33" custom="readingOrder {index:32;}">
                <Coords points="950,2375 1068,2361 1113,2374 1164,2359 1206,2376 1250,2366 1321,2378 1381,2358 1381,2337 1360,2342 1289,2307 1216,2320 1156,2309 1098,2329 1067,2309 999,2320 952,2300"/>
                <Baseline points="960,2351 985,2352 1011,2354 1037,2354 1063,2354 1089,2355 1114,2355 1140,2355 1166,2355 1192,2355 1218,2355 1243,2355 1269,2356 1295,2357 1321,2358 1347,2360 1373,2362"/>
                <TextEquiv>
                    <Unicode>cause particulière.</Unicode>
                </TextEquiv>
            </TextLine>
            <TextLine id="r1l34" custom="readingOrder {index:33;}">
                <Coords points="1101,2415 2356,2471 2358,2417 2311,2394 1103,2373"/>
                <Baseline points="1111,2410 1172,2413 1234,2416 1296,2419 1358,2422 1420,2424 1482,2427 1543,2429 1605,2431 1667,2434 1729,2435 1791,2438 1853,2439 1915,2441 1976,2442 2038,2444 2100,2445 2162,2447 2224,2448 2286,2449 2348,2451"/>
                <TextEquiv>
                    <Unicode> Notre ami, déclara-t-il, a senti tout bonnement la mort</Unicode>
                </TextEquiv>
            </TextLine>
            <TextLine id="r1l35" custom="readingOrder {index:34;}">
                <Coords points="947,2466 2198,2530 2350,2517 2352,2470 948,2438"/>
                <Baseline points="955,2470 1024,2470 1093,2471 1162,2472 1232,2473 1301,2475 1370,2476 1440,2479 1509,2481 1578,2484 1648,2487 1717,2489 1786,2492 1855,2494 1925,2497 1994,2500 2063,2502 2133,2504 2202,2505 2271,2507 2341,2508"/>
                <TextEquiv>
                    <Unicode>approcher et, bien qulil vecüt assez solitaire, du moins dans les</Unicode>
                </TextEquiv>
            </TextLine>
            <TextLine id="r1l36" custom="readingOrder {index:35;}">
                <Coords points="950,2518 2345,2570 2304,2514 951,2471"/>
                <Baseline points="958,2520 1026,2524 1095,2529 1164,2532 1233,2535 1302,2538 1371,2540 1439,2543 1508,2545 1577,2547 1646,2549 1715,2550 1784,2552 1853,2554 1921,2556 1990,2558 2059,2560 2128,2562 2197,2564 2266,2566 2335,2569"/>
                <TextEquiv>
                    <Unicode>derniers temps, il est probable que dans une heure pareille surgit</Unicode>
                </TextEquiv>
            </TextLine>
            <TextLine id="r1l37" custom="readingOrder {index:36;}">
                <Coords points="940,2583 2290,2640 2355,2637 2357,2577 941,2541"/>
                <Baseline points="949,2584 1018,2586 1088,2588 1158,2590 1228,2592 1298,2594 1368,2596 1438,2598 1508,2600 1578,2602 1648,2604 1717,2606 1787,2608 1857,2610 1927,2613 1997,2614 2067,2616 2137,2618 2207,2620 2277,2621 2347,2623"/>
                <TextEquiv>
                    <Unicode>chez les natures qui sont faites originellement pour la société le</Unicode>
                </TextEquiv>
            </TextLine>
            <TextLine id="r1l38" custom="readingOrder {index:37;}">
                <Coords points="943,2649 2093,2702 2095,2644 2001,2618 945,2598"/>
                <Baseline points="952,2638 1008,2640 1065,2643 1121,2646 1178,2648 1235,2650 1291,2653 1348,2655 1404,2657 1461,2659 1518,2661 1574,2663 1631,2665 1687,2667 1744,2669 1801,2670 1857,2672 1914,2673 1970,2675 2027,2676 2084,2677"/>
                <TextEquiv>
                    <Unicode>besom de voir autour de soi des visages familiers.</Unicode>
                </TextEquiv>
            </TextLine>
            <TextLine id="r1l39" custom="readingOrder {index:38;}">
                <Coords points="1102,2722 2347,2753 2348,2711 2269,2686 1104,2654"/>
                <Baseline points="1112,2705 1173,2707 1234,2708 1296,2710 1357,2712 1418,2714 1480,2717 1541,2719 1602,2722 1664,2724 1725,2726 1786,2728 1848,2730 1909,2732 1970,2734 2032,2735 2093,2737 2154,2737 2216,2738 2277,2737 2339,2737"/>
                <TextEquiv>
                    <Unicode>Mais il avait certainement une maitresse? fit observer ie</Unicode>
                </TextEquiv>
            </TextLine>
            <TextLine id="r1l40" custom="readingOrder {index:39;}">
                <Coords points="937,2750 1004,2785 1024,2770 1088,2786 1122,2772 1160,2778 1182,2795 1213,2773 1253,2767 1254,2730 1219,2735 1162,2715 1097,2731 938,2727"/>
                <Baseline points="946,2759 973,2760 1000,2761 1027,2762 1054,2763 1081,2764 1108,2765 1135,2766 1162,2766 1189,2767 1216,2768 1244,2769"/>
                <TextEquiv>
                    <Unicode>commerçant.</Unicode>
                </TextEquiv>
            </TextLine>
            <TextLine id="r1l41" custom="readingOrder {index:40;}">
                <Coords points="1082,2824 2081,2885 2340,2874 2343,2792 2245,2828 1740,2775 1083,2783"/>
                <Baseline points="1091,2822 1153,2825 1215,2827 1277,2830 1339,2832 1401,2834 1463,2836 1525,2838 1587,2841 1649,2843 1711,2845 1773,2847 1835,2848 1897,2850 1959,2852 2021,2854 2083,2855 2145,2857 2207,2859 2269,2861 2332,2863"/>
                <TextEquiv>
                    <Unicode> Une maitresse? repéta le poête, en frongant dédaigneuse¬</Unicode>
                </TextEquiv>
            </TextLine>
            <TextLine id="r1l42" custom="readingOrder {index:41;}">
                <Coords points="925,2908 999,2902 1020,2887 1100,2902 1349,2898 1350,2866 1290,2840 1189,2852 1155,2834 973,2842 928,2825"/>
                <Baseline points="935,2879 960,2879 985,2879 1010,2879 1036,2880 1061,2881 1086,2881 1112,2882 1137,2883 1162,2884 1188,2885 1213,2886 1238,2887 1264,2888 1289,2889 1314,2890 1340,2891"/>
                <TextEquiv>
                    <Unicode>ment les sourcils.</Unicode>
                </TextEquiv>
            </TextLine>
            <TextLine id="r1l43" custom="readingOrder {index:42;}">
                <Coords points="1032,2957 2334,3007 2350,2904 2160,2935 1034,2891"/>
                <Baseline points="1041,2938 1105,2941 1170,2943 1235,2946 1300,2948 1365,2950 1430,2952 1495,2955 1560,2957 1625,2959 1690,2961 1754,2963 1819,2965 1884,2967 1949,2969 2014,2971 2079,2973 2144,2975 2209,2977 2274,2979 2339,2982"/>
                <TextEquiv>
                    <Unicode>Voici que le médecin s'apergut que le tiroir du milieu de la</Unicode>
                </TextEquiv>
            </TextLine>
            <TextLine id="r1l44" custom="readingOrder {index:43;}">
                <Coords points="925,2995 1021,3024 1070,3005 1250,3029 1521,3023 1522,2972 1490,2961 1436,2984 1341,2958 1290,2978 1259,2952 1052,2969 1026,2946 927,2945"/>
                <Baseline points="934,2994 964,2996 994,2998 1025,2999 1055,3000 1086,3002 1116,3003 1147,3004 1177,3005 1208,3006 1238,3007 1269,3007 1299,3008 1330,3009 1360,3009 1391,3010 1421,3010 1452,3011 1482,3011 1513,3012"/>
                <TextEquiv>
                    <Unicode>table était à demi-ouvert.</Unicode>
                </TextEquiv>
            </TextLine>
            <TextLine id="r1l45" custom="readingOrder {index:44;}">
                <Coords points="1077,3070 1861,3112 2199,3102 2228,3066 1078,3022"/>
                <Baseline points="1086,3068 1142,3067 1199,3067 1255,3067 1312,3068 1369,3069 1425,3070 1482,3072 1538,3074 1595,3076 1652,3078 1708,3080 1765,3083 1821,3085 1878,3086 1935,3088 1991,3089 2048,3090 2104,3091 2161,3091 2218,3090"/>
                <TextEquiv>
                    <Unicode>A savoir si son testament ne serait pas lä? dit-Il.</Unicode>
                </TextEquiv>
            </TextLine>
            <TextLine id="r1l46" custom="readingOrder {index:45;}">
                <Coords points="1090,3137 2333,3167 2316,3100 1092,3087"/>
                <Baseline points="1100,3126 1161,3126 1222,3127 1283,3127 1344,3129 1406,3130 1467,3131 1528,3133 1589,3135 1650,3137 1712,3138 1773,3141 1834,3143 1895,3145 1956,3146 2018,3148 2079,3150 2140,3152 2201,3154 2262,3155 2324,3157"/>
                <TextEquiv>
                    <Unicode>Que nous importe? fit le commerçant. tout au moins en</Unicode>
                </TextEquiv>
            </TextLine>
            <TextLine id="r1l47" custom="readingOrder {index:46;}">
                <Coords points="923,3190 1987,3231 2193,3197 1983,3148 925,3139"/>
                <Baseline points="932,3169 994,3174 1057,3177 1119,3180 1182,3183 1245,3185 1307,3187 1370,3189 1432,3191 1495,3192 1558,3194 1620,3195 1683,3196 1745,3198 1808,3200 1871,3202 1933,3204 1996,3207 2058,3210 2121,3213 2184,3217"/>
                <TextEquiv>
                    <Unicode>ce moment. D’ailleurs, il a une sceur, mariée à Londres.</Unicode>
                </TextEquiv>
            </TextLine>
            <TextEquiv>
                <Unicode>22. Der
Tod eines Ju
S
1
1
box 2/11
Den eenenenenenen 1. . e. de. enenen
146
LA RBVUE MONDIALR
quoi donc restai-je là, pensa-t-il, en prenant place sur le siege
qui était devant la table. J'aurais plutôt le droit de m’en aller,
car manifestement je n’ai été appelé qu'en qualité de médecin.
En fait, notre amitié n’était pas tres étroite. A mon äge, pensa¬
t-il encore, il n'est guère possible, pour quelqu'un comme mol.
d’etre l'ami d’un homme qui n’a pas de profession et qui mème
nen a jamais eu. S’il n avait pas été riche, qu’aurait-Il bien
pu faire? Probablement il se serait consacré à la littérature; Il
était, en effet, tres spirituel 8. Et, en méme temps, le médeci
se rappela plus d’une remarque d’une justesse malicieuse faite
par le célibataire, en particulier au sujet des ouvrages de leur
ami commun le poéte.
Le poéte et le commerçant entrèrent, Le pocte eut T'air
froissé, lorsqu'il vit le docteur assis sur le siège que le défunt n’oc¬
cuperait plus, et cela en tenant à la main une cigarette qui, du
reste, n’était pas encore allumée, et il ferma la porte derrière
lui.
Désormais, on était ici en quelque sorte dans un autre monde.
Supposez-vous quelque chose? demanda le commergant.
Au sujet de quoi? fit le poête distraitement.
Au sujet de ce qui a pu le pousser à nous faire appeler,
nous et personne d’autre.
Le poête trouva qu'il était superflu de chercher à cela une
cause particulière.
 Notre ami, déclara-t-il, a senti tout bonnement la mort
approcher et, bien qulil vecüt assez solitaire, du moins dans les
derniers temps, il est probable que dans une heure pareille surgit
chez les natures qui sont faites originellement pour la société le
besom de voir autour de soi des visages familiers.
Mais il avait certainement une maitresse? fit observer ie
commerçant.
 Une maitresse? repéta le poête, en frongant dédaigneuse¬
ment les sourcils.
Voici que le médecin s'apergut que le tiroir du milieu de la
table était à demi-ouvert.
A savoir si son testament ne serait pas lä? dit-Il.
Que nous importe? fit le commerçant. tout au moins en
ce moment. D’ailleurs, il a une sceur, mariée à Londres.</Unicode>
            </TextEquiv>
        </TextRegion>
    </Page>
</PcGts>
