3296 4256
3181 131 3254 213 550
714 186 1793 280 Greit in Riga: 8 Rbl. jährlich, 4 Rbl. halbjährüch.
840 255 1677 322 2 Abl. vierteljährlich, 75 Kop. für 1 Monat.
2809 241 3230 336 1778—1889
688 293 1948 383 [IPreis ins Haus geliefert: 10 Rbl. jährlich, 5 ## halb¬
2608 314 3284 409 (von 1889—1907 nicht erschie
296 277 729 424 N 208.
856 341 1753 412 jährlich, 2½/# Rbl. vierteljährlich, 1 Abl. monatlich.
710 343 1955 462 Breis durch die Post. 10 Rbl. jährl., 5 Rbl. halbjährlich
841 441 1669 505 2½ Kbl. vierteljährlich, 1 Rbl. für 1 Monat
2222 414 3278 538 Hundertundachtzehnter
759 555 1982 677 Annahme von Abonnements und Inseraten im Inlande.
304 611 1257 704 In Nigs: im Kontor der Müllerschen Buchdruckerei.
1362 642 2412 740 In Tuckum: V. Kreytenberg, Apotheke.—Talsen: J. Koncewicz
326 695 382 747 *
368 674 1349 744 Dorpat: J. B. Krüger, Buchh., Ferd. Vergmann, Buchh.
1434 693 2408 772 Bauske: K Steppermann, Buchh.— Canden: Emil Stein.
2571 699 2876 776 Rebaktion:
361 722 1355 784 Pernan: Emil Treuseld, J. Anderson, L. W. Laakmann.
1434 734 2405 811 Frauenburg: Ringait=Wehjsch.—Revalt Kluge & Ströhm,
2939 662 3271 833 Nr. 190.
368 760 1351 814 Fellin: F. Feldt, Kluge & Ströhm. — Lemsal: J.
2505 741 2945 839 Telephon Nr. 199.
1419 768 2329 847 Hapfal: A. Koppel. — Arensburg: Theod. Lange.
364 792 1344 845 Gregorlus. — Wenden: Balwin, Buchh. Ad. Plamsch,
1436 810 2406 906 St. Petersburg: L. & E. Metzl & Ko., gr. Morskaja 11.
372 833 1358 904 A. Jack. — Wolmar: Trey. — Walk: August Lyra, vorm.
1716 861 2326 919 N. Mattifsen, gr. Stallhofstr. 29.
358 873 1347 925 Moritz Rudolffs Buchh. — Werro: W. v. Gaffron.— Stock¬
1421 875 2392 962 Moskan: L. & E. Metzl & Ko., Mjasnizlaja, Haus Sytow.
363 912 1351 980 mannshof: A. Wihksne, Buchh.— Mitai: Ferd. Besthorn,
1427 927 2403 1002 N. Petschkowski, Petrowka N 6. J. Deubner, Fur¬
2525 893 3285 1018 Donnerstag, den 6. (19.
370 956 880 1002 C. Th. Bluhm, H. Allunan.
1423 958 2394 1048 kassowskaja, Haus Obidin. Kaiserliche Hofbuchhandl. der
362 981 1317 1052 Libau: B. D. Meyer, G. L. Zimmermann, R. Puhze.
1432 1005 2161 1066 Gesellschaft M. O. Wolff, Schmiebebrücke.
381 1034 1346 1098 Falebstadt: H. Hickstein. — Goldingen: Ferd. Besthorn.
1442 1040 2397 1117 Warschau: L. & E. Metzl & Ko., Krakauer Vorstadt N 53.
380 1065 872 1126 Windan: Th. C. Antmann.
328 1042 396 1128 :
1371 1051 2226 1163 „ Niew: Karl Schepe, Buchh., Nikolajewfkaje 9.
363 1086 1286 1187 Dohlen: J. Aumal. — Preekuln: Gebr. Burkewitz.
2815 1089 3280 1189 Preis pro Cxemplmn 5 Ko
3144 1161 3217 1214 8
400 1164 980 1264 S
1104 1168 1317 1241 W
1857 1177 1973 1294 1
1480 1257 2506 1355 Er kannte Irene schon einlge Jahre, ohne 1e27
2514 1267 3287 1382 schwebte und mit ihrem Tänzer in
1445 1308 2492 1400 sonderliches Interesse an ihr genommen zu haben,
613 1327 1199 1424 Der tote Gabriel.
2515 1344 3280 1421 verschwand. Als der Walzer zu
1454 1377 2498 1454 und wie allen Bekannien des Hauses war auch
2507 1398 3265 1464 spazierte Ferdinand im Saal herum,
860 1399 977 1463 Von
1450 1419 2500 1500 ihm ihre Neigung zu Gabriel kein Geheimnis
624 1413 1177 1506 Arthur Schnitzler*).
2510 1446 3246 1517 was ihn eigentlich hergelockt hatte,
1438 1469 2503 1554 geblieben. Als Ferdinand ein paar Tage vor
2511 1488 3132 1565 Mühe wert gewesen war, dised
423 1481 1436 1571 Sie tanzte ansihm vorüber, im Arme eines
3204 1493 3258 1558 el
1445 1521 2495 1598 Weihnachten im Hause ihrer Eltern zu Gaste
2506 1531 3114 1610 Daseins, der in der letzten
363 1529 1428 1619 Herrn, den er nicht kannte, neigte ganz leise den
3194 1554 3281 1621 die
1441 1553 2495 1661 gewesen war, hatte sie mit ihrer angenehmen
2502 1580 3137 1679 lichen Stunden in Wilhelmi
370 1595 1422 1662 Kopf und lächelte. Ferdinand Neumann ver¬
1435 1623 2484 1693 dunklen Stimme ein paar Lieder gesungen. Ga¬
2499 1636 3215 1698 einen düsteren Reiz mehr verli
367 1637 1424 1713 beugte sich tiefer, als es sonst seine Art war. Sie
1438 1660 2503 1757 briel hatte sie auf dem Klavier begleitet, und
2502 1686 3216 1760 rauschenden Banalität dieses Balle
359 1691 1427 1765 ist auch da, dachte er verwundert und fühlte sich
1431 1717 2496 1786 Ferdinand erinnerte sich deutlich, daß er sich ge¬
2498 1727 3216 1811 lassen. Und er bekam plötzlich
362 1732 1422 1798 mit einem Male freier als vorher. Wenn Irene
1441 1764 2486 1851 fragt hatte: Warum heiratet denn der gute Junge
2493 1773 3279 1855 nicht nur von dem Balle ju entferne
363 1793 1426 1862 es über sich vermochte, schons vier Wochen nach
1437 1819 2484 1880 nicht das liebe, einfache Geschöpf, statt sich an
2497 1840 3252 1915 den allernächsten Tagen, vielleicht
366 1838 1415 1911 Gabriels Tod im weißen Kleide mit einem
1426 1871 2494 1926 diese großartige Wilhelmine zu hängen, die ihn
2504 1876 3265 1958 Stadt zu verlassen und eine Reis
360 1873 1265 1960 beliebigen unbekannten Herrn durch
1255 1898 1421 1953 einen
1433 1912 2486 1986 sicher demnächst betrügen wird? Daß gerade er
2491 1919 3271 1995 Süden anzutreten, nach Sizilien ode
358 1939 1426 2015 lichten Saal zu schweben, so durfte er sich's
1436 1962 2486 2035 vom Schicksal ausersehen war, diese Ahnung wahr
2495 1969 3263 2059 Er überlegte eben, ob er vor seiner?
359 1984 1245 2056 auch nicht länger übel nehmen, an
1248 1988 1430 2072 diesen
1436 2012 2486 2087 zu machen, das hatte Ferdinand an jenem Tage
2494 2014 3265 2105 helminen Lebewohl sagen sollte als
353 2026 1292 2111 Ort der lauten Freude gekommen zu
1291 2040 1421 2104 sein.
1434 2054 2486 2119 freilich noch nicht geahnt. Doch was den wahren
2500 2077 3263 2151 vor ihm stand. Leicht neigte sie den
368 2066 1275 2161 Heute abend zum erstenmal nach
1298 2089 1432 2170 vier
1424 2109 2487 2187 Anteil seiner Schuld an Gabriels Tod anbelangte,
2493 2118 3251 2209 widerte seinen Graß; er reichte ihr
359 2132 1417 2211 Wochen stiller Zurückgezogenheit war er von
1510 2156 2483 2226 hatte Anastasius Treuenhof, der Versteher
365 2176 1417 2259 dem Wunsch erfaßt worden, wieder unter Menschen
2499 2172 3281 2244 führte sie durch das Gedränge im
1430 2193 2488 2261 aller irdischen und göttlichen Dinge, sofort fest¬
2492 2223 3279 2305 wenigen Stufen hinauf zu dem breit
354 2245 1422 2301 zu gehen. Zur angenehmen Ueberraschung seiner
1437 2261 2487 2337 gestellt, daß ihm in dieser ganzen Angelegenheit
2486 2264 3268 2346 den gedeckten Tischen, der rings um
362 2280 1414 2359 Eltern, die sich ihres Sohnes tiefe Verstimmung
1420 2290 2489 2379 nicht die Rolle eines Individuums, sondern die
2490 2315 3271 2398 lief. Eben fing die Musikwieder an,
359 2320 1413 2404 über den Tod eines doch nur flüchtigen Be¬
1419 2356 2483 2426 eines Prinzips zugefallen, daß daher wohl zu
2491 2368 3264 2440 ersten Schwellen der Akkorde sagte #
355 2359 1420 2444 kannten kaum zu erklären gewußt hatten, war
1426 2398 2494 2463 gelinder Wehmut, keineswegs aber zu ernsthafter
2498 2418 3286 2489 „Er ist tot — und wir zwei sind dal
362 2427 1411 2511 er zum Abendessen im Frack erschienen, hatte die
1418 2442 2239 2525 Rene ein Anlaß vorhanden sei.
2225 2459 2475 2525 Immerhin
2494 2473 3270 2543 erschrak ein wenig, beschleunigte
356 2469 1411 2544 Absicht geäußert, den Juristenball zu besuchen,
1421 2489 2484 2582 war es ein peinlicher Augenblick für Ferdinand
2493 2514 3264 2573 seine Schritte und bemerkte endlich
359 2525 1412 2593 und entfernte sich bald mit dem angenehmen
1422 2553 2484 2607 gewesen, als er mit Wilhelmine an Gabriels
2487 2562 3280 2653 das erste Mal seither, daß ich unter
363 2564 1420 2652 Gefühl, den guten alten Leuten ohne besondere
1426 2595 2477 2660 Grabe stand, auf dem noch die welkenden
2488 2609 2823 2681 Menschen bin.“
3079 2612 3243 2676 N
353 2607 1269 2689 Mühe eine kleine Freude bereitet zu haben.
1426 2629 2480 2718 Kränze lagen, und seine Begleiterin plötzlich mit
392 2657 1412 2736 Im Fiaker, der ihn nach den Sophiensälen führte,
2538 2651 3262 2747 „Für mich ists heute schon das
1418 2689 2475 2772 jenem Tonfall, den er von der Bühne her so gut
361 2695 1415 2789 wurde ihm wieder etwas beklommen ums Herz.
2484 2699 3278 2797 erwiderte Irene mit klater Stim.e
1418 2742 2475 2809 kannte, zu ihm, dem Tränen über die Wangen
352 2756 1412 2837 Er dachte der Nacht, in der er von Wilhelmi¬
2491 2769 3284 2873 bin ich im Theater gewesen und einm
1423 2784 2473 2862 liefen, die Worte sprach: „Ja, Du Schuft, nun
357 2809 1417 2880 nens Fenster aus drüben am Stadtparkgitter eine
2486 2813 2690 2893 Soiree.“
1420 2835 2474 2907 kannst Du freilich weinen.“ Eine Stunde später
358 2848 1406 2937 dunkle Gestalt hatte auf und ab wandeln sehen;
2526 2848 3279 2953 „War es amüsant?“ fragte Ferdin
1426 2883 2473 2963 schwor sie allerdings, daß um seinetwillen auch
357 2904 1409 2981 des Morgens, an dem er, noch im Bette liegend,
2535 2916 3275 2994 „Ich weiß es nicht. Irgendwer
1417 2931 2470 3018 Bessere als Gabriel hätten sterben dürfen, und in
347 2962 1417 3034 die Nachricht von dem Selbstmord Gabriels in
2492 2945 3285 3046 gespielt, irgend ein andirer hat kom
1418 2989 2478 3060 den letzten Tagen schien es Ferdinand manchmal,
358 3001 1399 3070 der Zeitung gefunden, der Stunde, da ihm Wil¬
2490 3020 3275 3094 vorgetragen, und dann lät man getan
1422 3031 2468 3096 als hätte sie alles Traurige, was geschehen war,
354 3050 1399 3128 helmine den ergreifenden Brief zu lesen gegeben,
2524 3056 3280 3160 „Ja, es ist immer dasselbe,“ ben
1411 3069 2468 3143 einfach vergessen. Treuenhof wußte auch diesen
2485 3088 2684 3189 dinand.
352 3113 1399 3183 in dem Gabriel von ihr, ohne ein Wort des
1413 3129 2483 3207 seltsamen Umstand zu erklären, und zwar damit,
349 3157 1406 3231 Vorwurfs, ewigen Abschied genommen hatte.
2526 3137 3207 3252 Sie standen vor einer Tür.
1412 3178 2473 3254 daß die Frauen mit den Urelementen verwandter
343 3183 1406 3275 Auch während er über die breite Treppe empor¬
2485 3192 3230 3308 Quadrille engagiert,“ sagte Irene,
1420 3232 2467 3292 als die Männer und daher von Anbeginn dazu
347 3252 1407 3325 stieg und selbst im Saal beim Rauschen der
2478 3259 3270 3346 sie nicht tanzen. Flüchten wir auf d
1420 3279 2470 3368 geschaffen wären, das Unabänderliche mit Ruhe
348 3302 1398 3374 Musik war ihm nicht heiterer zumute ge¬
2480 3317 3273 3387 Ferdinand führte Irene über die sch
1419 3318 1743 3405 hinzunehmen.
349 3345 1409 3442 worden; erst Irenens Anblick hatte seine Stim¬
2475 3367 3255 3440 Wendeltreppe hinauf Er sah ei
347 3396 655 3470 mung erhellt.
1455 3370 2465 3471 Zum zweitenmal lanzte Irene an Ferdinand
2462 3413 3305 3495 Paderstäubchen auf Irenens Schultern.
1419 3447 2458 3521 vorüber und wieder lächelte sie. Aber ihr Lächeln
2467 3470 3267 3548 Haar trug sie in einem schweren Knot
1413 3487 2458 3566 schien ein anderes als das erstemal; beziehungs¬
404 3467 1398 3555 *) Aus der eben bei S. Fischer in Berlin erschienenen
2470 3506 3246 3585 Nacken. Ihr Arm lag leicht in
336 3512 2465 3627 Novellensammlung des ausgezeichneten Schriftstellersreicher, grüßender, und ihr Blick blieb auf
2461 3554 3268 3638 Die Tür zur Galerie stand offen, in
339 3573 988 3646 „Masken und Wunder“.
1394 3593 3276 3702 Ferdinand haften, während sie schon wieder davon= Loge saß ein Kellner, der sich nun ei
