3248 4256
169 75 1146 181 21. Der tote Gabriel
1217 87 1730 194 box 2/10
356 136 1164 213 10 k 1. —. 1 u .    A — 1
2043 1268 2442 1356 ###inac 3
1117 1604 1240 1675 da
2607 1605 2810 1690 IR
1392 1614 1475 1680 #l
146 1626 397 1721 919 A10 N
2951 1699 3096 1782 0
240 1703 464 1816 Roa
2185 1725 2380 1829 —
2625 1756 3124 1834 Waaten untnsh
2066 1802 2295 1878 ndD
86 1811 364 1884 Mapiadmei
702 1813 880 1885 MSAb
1059 1848 1296 1915 Kl. naist
2209 1848 3127 1943 eantt aot
1142 1901 1514 1975 Meracn
2297 1907 2402 1967 1987
2559 1912 3059 1983 M
118 1933 280 2005 S A
1134 1949 1446 2016 Ba schhie
2228 1961 2983 2016 S ch rc
216 1987 604 2078 1778—1839
1390 2010 2961 2081 Erscheint täglich mit Nusnahme der Synn= und hohen Festtate.300
1101 2039 1232 2105 Anhlir
1581 2064 2747 2125 Insertionsgebühr: 10 Kop. (fürs Ansland du Pfal
52 2068 832 2141 ven 1889—1907 nicht erschienen).
1502 2064 2597 2158 auf der ersten Seite 40 Kop. (fürs Ausland 1 Mark 20 Pia
1510 2112 3127 2233 einspaltige Petitzeile oder deren Raum. — Roklamizelle 20 K=g. 1912.
1521 2163 1954 2240 (fürs Ansland 75 Pfg.).
78 2168 1221 2292 ndachtzehnter Jahrgang.
2820 2213 2869 2272 6
1589 2191 2746 2283 Die bis 11 Uhr vormittags abgegebenen Anzeigen fiuden noch in
1476 2241 2033 2311 Abendnummer Aufnahme.
2510 2257 3019 2337 uua natsuhn chlag
516 2295 609 2352 Shen
1333 2347 1392 2409 99
1398 2345 1686 2411 pitchihürs
1741 2374 2554 2481 Annahme der Inserate im Ausiande.
445 2417 598 2510 Posft
2810 2409 2952 2516 is
66 2450 292 2525 daktion:
1206 2451 2804 2543 iu Berlim: Rudolph Mosse, sowie in allen seinen In Dresden: „Iunalihendanf“.
761 2444 1086 2532 Expebitiom
1425 2507 2139 2575 Filialen in Deutschland, Oesterreich.
353 2461 1128 2591 Nr. J59. Telephon Nr. 90.
60 2504 364 2592 von Nr. 199.
1430 2555 2136 2618 der Schweiz, Frankreich und England.
2186 2510 3099 2625 „ Frankfurt a. Mll G. 3. Daube & Ca
1433 2576 2137 2658 Bernhardt Arndt, Annoncen=Exped.
986 2581 1166 2664 naufifod
2977 2581 3098 2663 un#e
1438 2618 1801 2671 Mohrenstr. Nr. 28.
2170 2580 3005 2698 Sonben: Delsy Dartes & Gag 1 Finch
2539 2662 2728 2718 m k. G
1263 2639 2128 2727 Hamburg: Haasenstein & Vogler, sowie in
67 2647 1111 2764 nnerstag, den 6 (19.) September.
1433 2689 2126 2755 allen ihren Filialen in Deutschland,
2331 2698 3041 2791 Aug. Slegie, 30, Lime strest, #.
1422 2741 2128 2813 Oesterreich, der Schweiz, Frankreich und
551 2729 711 2842 Sh
1424 2774 1643 2848 Englaud.
2201 2747 2971 2849 Paris: Agenee Havas, Placs dele De
1363 2822 2858 2892 Abonnementspreis fürs Ausland bei direkter Kreugbaudsendung:
237 2835 1096 2956 Pueis pro Exempler 5 Kav.
1219 2874 1969 2928 18 Rbl. jährlich, 9 Rbl. halbjährlich, 4 9
1987 2879 2457 2936 bl. 0 Kop. vierteljährlich.
2616 2874 3087 2961 50 Kop. munatlicht #
1222 2909 3082 2973 Bestellung durch die deutschen Postämter 6 Mark 75 Pf. vierteljährlich
1088 2927 1196 2989 ac
2977 2981 3120 3107 Kug
48 3048 1003 3128 bte und mit ihrem Tänzer in der Menge
1058 3065 2061 3156 „Ich will ein Glas Champagner trinken,“ sagte
2072 3065 3144 3171 es ahnte, tränke sie wohl nicht hier heroben mit
53 3089 994 3165 wand. Als der Walzer zu Ende war,
1005 3101 1174 3182 Irene.
56 3154 997 3223 erte Ferdinand im Saal herum, fragte sich,
2077 3147 3069 3220 mir Champagner. Oder vielleicht erst recht ...
1044 3137 2061 3226 Oh! dachte Ferdinand — sollte sie interessanter
63 3192 995 3265 ihn eigentlich hergelockt hatte, und ob es der
2117 3187 3138 3281 „Ich habe die Bischof neulich als Medea
1004 3207 2060 3294 sein, als ich vermutete? Oder ist es Affektation?
69 3247 994 3319 wert gewesen war, die edle Melancholie seines
2070 3220 3130 3314 gesehen,“ sagte Irene. „Nur ihretwegen bin ich
1041 3258 2064 3337 Er bestellte den Wein, dann rückte er ihr einen
54 3291 992 3371 ns, der in der letzten Zeit die leidenschaft¬
2071 3295 3134 3361 ins Theater gegangen. Seit der Premiere des
1002 3280 2056 3398 Sessel zurecht, so daß man sie von unten nicht
66 3345 986 3415 Stunden in Wilkelminens Armen nur
2079 3344 3123 3413 Stückes von Gabriel im vorigen Winter hatte ich
1008 3354 1310 3429 sehen konnte.
66 3376 996 3452 düsteren Reiz mehr verliehen, von der
2074 3381 3132 3468 sie nicht auf der Bühne gesehen. Damals hat
1057 3387 2058 3494 „Sie waren sein Freund?“ fragte Irene und
2073 3423 2798 3512 die Geschichte wohl angefangen?“
55 3418 992 3497 henden Banalität dieses Ballabends stören zu
1010 3442 1510 3534 sah ihm fest ins Auge.
2108 3489 3121 3559 Ferdinand zuckte die Achseln, er wußte gar
93 3492 988 3547 Und er bekam plötzlich Sehnsucht, sich
1046 3490 2049 3575 „Sein Freund? Das kann man eigentlich nicht
54 3537 994 3598 nur von dem Balle zu entfernen, sondern in
2070 3510 3132 3624 nichts. Und er stellte fest: „Sie ist eine große
1001 3540 2044 3636 sagen. Jedenfalls waren unsere Beziehungen in
2069 3571 2344 3658 Künstlerin.“
54 3581 995 3666 llernächsten Tagen, vielleicht morgen, die
1005 3616 2052 3680 den letzten Jahren nur sehr lose.“ Und er
71 3641 994 3714 zu verlassen und eine Reise nach dem
2111 3611 3122 3706 „Das ist wohl möglich,“ erwiderte Irene,
997 3662 2050 3738 dachte: Wie sonderbar sie mich ansieht. Sollte
87 3687 989 3760 anzutreten, nach Sizilien oder Aegypten.
2073 3658 3129 3769 „aber ich glaube nicht, daß sie darum das Recht
998 3700 1493 3775 sie ahnen, daß ich...
1489 3717 2048 3788 Doch er sprach weiter:
2069 3728 2196 3809 hat.
45 3720 994 3803 berlegte eben, ob er vor seiner Abfahrt Wil¬
1004 3763 2055 3835 „Vor fünf oder sechs Jahren habe ich zugleich
2111 3758 3128 3853 „Was für ein Recht?“ fragte Ferdinand, wäh¬
55 3779 987 3855 inen Lebewohl sagen sollte+ als plötzlich Irene
994 3810 2050 3881 mit ihm an der Universität einige Vorlesungen
2066 3834 2861 3904 rend er die Gläser von neuem füllte.
46 3833 982 3903 hm stand. Leicht neigte sie den Kopf und er¬
1001 3853 2049 3923 gehört. Wir haben nämlich beide Jns stadiert,
2119 3877 3120 3945 „Das Recht, einen Menschen in den Tod zu
51 3884 987 3950 tte seinen Graß; er reichte ihr den Arm und
995 3911 2055 3990 überflüssigerweise. Dann, vor drei Jahren, im
2060 3905 3104 3990 treiben,“ schloß Irene und blickte ins Leere.
50 3928 984 3997 e sie durch das Gedränge im Saal die
995 3956 2048 4019 Herbst, haben wir miteinander eine Radpartie
2104 3972 3118 4047 „Ja, mein Fräulein,“ sagte Ferdinand be¬
48 3973 991 4049 gen Stufen hinauf zu dem breiten Gang mit
995 4009 1874 4058 gemacht, von Innsbruck aus, wo wir un
2906 4033 3092 4082 anperer
