3436 4352
513 221 574 276 m
2251 221 2753 302 box 35/10
208 220 2103 321 12. Conedies of words and other Plays
702 309 906 405 Grd.
269 334 1104 500 THE RELIABLE PRESs cllpring-BührnU
372 478 963 541 ALBERT ROMEIKE °(Co.
465 527 906 603 26 Warren Street
497 576 856 652 Nev: Vork City
524 686 832 750 CLIPPING FROM
349 704 1027 867 (uOn
638 874 995 969 Terrum
660 961 1007 1037 ster, Mass.
659 1031 913 1171 SEP 3
1156 1218 1884 1273 physician by profession and a psy¬
445 1219 1127 1294 WHy ANNIE RUSSELL MARBLE
1159 1267 1874 1313 chologist by instinct. His skill in
1154 1298 1882 1353 Trevealing latent feelings and tense
439 1288 1046 1375 IA Shelf of New Plays
1174 1335 1870 1376 situations by subtle dialogue is
474 1351 1167 1408 With the opening of the “season“
1165 1363 1875 1407 marked quality of all his plays.The
438 1384 1165 1436 Zor clubs and amateur dramatic so¬
1173 1392 1887 1450 Hour of Recognition“ and The Big
1170 1431 1879 1485 Scene“ are typical. Literature,“ is
438 1429 1155 1477 kietles, comes the demand for new
1167 1466 1872 1506 Pan exalted farce,“ and" His Help¬
444 1456 1159 1512 Mlays, or revivals of old dramas,
456 1490 1161 1542 Which will be adapted to acting or
1177 1493 1870 1537 mate,“ an intuitive “study of dis-il¬
452 1533 1162 1575 group reading. More Pormenteau
1179 1521 1887 1583 lusionment.“ The plays will make
825 1559 1137 1604 Walker (Stewar
446 1565 818 1607 Flays by Stuart
1168 1555 1897 1626 interesting studies for students of
461 1599 1178 1639 Eidd) contains three interesting plays
1170 1597 1468 1649 modern drama.
444 1626 1177 1668 Gat are already somewhat familiar.
446 1655 1179 1709 to students of drama of today," The
456 1682 1173 1740 Liady of the Weeping Willow Tree,“
479 1726 1167 1778 The Very. Naked Boy,“ and Jona¬
459 1753 1181 1809 shan Makes à Wish.“ One of these.
1428 1750 2264 1848 IIit RELAABEE TRLes CEHTine BoRTHe
474 1794 1186 1856 st least, has been acted in Worces¬
447 1831 567 1885 #r.
1538 1828 2141 1904 ALBERT ROMEIKE & CO.
472 1859 1194 1909 leiIn his introduction, Edward Hale
1618 1877 2045 1960 26 Warren Street
458 1886 1184 1956 Mierstadt says of the first and third
487 1932 1188 1986 ays."both have the distinction of
1653 1936 2013 2003 New Vork City
482 1960 1183 2021 being popular with audiences and un¬
494 1996 1187 2039 apular with critics, a condition of
455 2030 1181 2080 Mairs not as unique as it might
1668 2032 1985 2105 CLIPPING FROM
472 2065 1182 2114 seem.“ Both are original and enter¬
459 2098 1183 2141 t#ining; the firs is a fantasy founded
485 2131 1192 2183 on an old Japanese legend, the sec¬
1407 2056 2272 2234 Ger de Gud
465 2164 1187 2220 end is a modern realistic study of
459 2198 1183 2248 eharacter, with the first act transcen¬
455 2233 1183 2286 ding the later scenes in technique
458 2269 1182 2315 and appeal. The second play in the
466 2298 1180 2345 trio is "a trifle“ dramatically but
451 2327 1190 2388 Arusing and well-written. Informa¬
453 2371 1181 2414 Mye chapters unonReportory The¬
1856 2277 2232 2471 World
459 2399 1183 2467 ##ters and their plays' are appended.
504 2438 1188 2481 Plays for a Folding Theater by Co¬
1602 2433 1841 2520 4
457 2465 1183 2524 IIn Campbell Clements (Stewart Kidd)
447 2502 1193 2551 Indlude three artistie Pierrot-Colum¬
1787 2509 2191 2590 J01 29 1928
447 2542 1183 2598 bine plays,“ brief one-act dramas
459 2574 1190 2618 with adventure and much symbolism,
462 2615 1186 2660 of which the third, The Return of
1632 2587 1799 2665 —E1—
671 2635 713 2672 811
466 2640 1178 2683 Harlequin,“ is ethe most effective.
2253 2649 2968 2724 that Vienna no longer exists in
459 2677 1178 2730 There are also three colorful, wierd
1567 2579 2239 2742 TRREE WRITERS OF PLATS.
2258 2700 2966 2768 Austria, though there is a good deal
453 2700 1187 2754 dramas of the East, with touches of
737 2737 1190 2790 The Desert.“The
458 2734 812 2793 fatalism, like “
2265 2737 2684 2796 of it everywhere eise.
1557 2752 2269 2834 Schnitzler, Wedekind and Gribble as
738 2768 1186 2821 hree Lepers of Suk-el¬
461 2776 713 2825 Siege,“ and
2283 2765 2965 2832 The" Comedies,“ however, are
606 2802 679 2835 —en
466 2803 1188 2854 Garab, Moon Tide,“ is a. “creepy“
2255 2811 2969 2866 rendable, and poor Wedekind is not.
1686 2813 2148 2886 They Appear in Print.
466 2836 1182 2891 tale of the sea and vengeance for the
2266 2852 2978 2917 His tragedies of sex are warped,
1597 2852 2258 2927 In Europe, Schnitzler’s dramatie
474 2877 1200 2916 murder of"Old Hank.“ Comedies of
2255 2887 2981 2945 crazy and old fashioned. Much the
460 2901 1198 2960 Words by Arthur Schnitzler (Stewart
1520 2903 2253 2981 pieces are ranked on à par with those
2266 2924 2973 2988 sanest of them is “Spring’s Awaken¬
445 2939 1197 2993 Kidd) are"Englished from the Ger¬
1547 2959 2258 3022 of his German confreres, Hauptmann
2264 2965 2969 3020 ing.“the play that professors used
445 2973 1206 3029 man“ by Piarre-Loving, who writes“
444 3020 1193 3072 an introduction. The author 1s a.
2264 3013 2971 3057 quietly te hide from their students of
1551 3011 2249 3073 and. Wedekind," says Pierre Loving
2259 3048 2971 3106 modern drama, yet Spring’s Awak¬
1541 3046 2256 3122 in an introduction to his translations
2272 3086 2967 3142 ening“ is outdated. The play is a
1550 3105 2252 3159 of Schnitzler’s“Comedies of Words
2275 3121 2969 3170 plea of seg education, written in ex¬
1543 3151 2250 3197 and Other Plays,“ (Stewart Kidd). A
2268 3156 2964 3210 pressionistie form long before expres¬
1549 3181 2258 3240 pernsal of the works of Hauptmann,
2272 3199 2984 3254 sionism was invented. Nevertheless ##
1559 3224 2254 3267 Wedekind and Schnitzler is likely to
2269 3231 2976 3292 is strained and wearying. Sex, in
1547 3246 2259 3314 suggest that Mr. Loving is too modest
2266 3274 2969 3330 truth, is a problem, as-much a, prob¬
1555 3288 2110 3347 in his claims for Schnitzler.
2251 3308 2968 3362 lem with children as with adults.
1610 3327 2257 3379 At any rate Schnitzler’s“Comedies
2270 3349 2982 3417 This is Mr. Wedekind’s contribution
1544 3371 2253 3419 Jof Words“ came over into English in
2268 3385 2620 3446 totthe discussion.
1548 3416 2260 3454 Ja vastly more impressive form than
2288 3412 2984 3477 Harry Wagstaff Gribble’s March
1550 3447 2248 3499 clings to Wedekind’s Tragedies of
2265 3462 2984 3502 Hares“ is disappointing in print. On
1550 3480 2253 3537 Sex,“ translated by Samuel A. Eliot
2266 3496 2981 3548 second perusal it reduces itself to
1556 3517 2253 3569 Jr. and issued by Boni & Liveright.
2269 3534 2979 3581 inlitation Shaw, clever at times and
1553 3562 2256 3604 It may be that this is due to the fact
2265 3574 2970 3627 crammed with bizarre notions, but
1546 3602 2256 3644 that Wedekind Is more of a poet, that
2266 3613 2981 3671 hardly a play to go wild about, as the
1551 3631 2261 3690 more of his effect depends on his in¬
2266 3647 2982 3699 critics did. It is burlesque with
1546 3669 2253 3724 dividual style. Certainly the “Com¬
2261 3688 2983 3737 nöthing to steady it, no background
1549 3718 2251 3765 edies of Words“' are effective mostly
2259 3719 2985 3765 of normality to throw the mad mimic
1557 3753 2257 3809 because of that adroit dialogue and
2269 3762 2983 3820 into relief. That is probably why it
1560 3791 2246 3837 construction. Their basic ideas are
2264 3798 2402 3859 (alied.
1555 3821 2258 3868 trite and repetitions. Their psychol¬
1556 3860 2266 3920 ogy, far from being profound, is no
2297 3868 2981 3923 The August issue of Harper’s Bazar
1552 3897 2254 3952 longer even novel. Anabol“ took
2266 3898 2983 3950 is the Children’s Fashions Number. It
2771 3938 2986 3991 UThe In¬
1548 3933 2260 3986 Uthe English-speaking world by storm
2271 3937 2781 3982 features the beginning of
1552 3964 2259 4022 Tbecause it was composed of sidelights
2272 3981 2979 4025 terpreter’s House,“ a fresh novel of
1588 4014 2263 4057 nastrange and engaging culture,
2263 4009 2982 4070 smartest New York, by Struthers
1529 4043 2389 4099 the Vienna of pre-war days. But Bürt.
2789 4094 2835 4155 —
