3344 4352
1093 320 1605 407 box 3577
161 333 648 426 3. Daemner
615 334 1005 421 Iseelen
1095 1089 1511 1172 Telephon 12801.
334 1255 1356 1362 P mim WEn
344 1351 1498 1421 O l. österr. behördl. konz. Unternehmen für Zeitungs-Ausschnitte
520 1394 1388 1488 Wien, I., Concordiaplatz 4.
728 1467 1160 1543 Vertretungen
358 1515 1493 1587 □ in Berlin, Budapest, Chicago, Christiania, Genf, Kopen¬
337 1568 1493 1633 hagen, London, Madrid, Mailand, Minneapolis, New-Vork,
427 1609 1458 1690 Paris, Rom, San Francisco, Stockholm, St. Petersburg.
739 1648 1139 1702 (Quelienangabe ohne Gewähr.)
333 1682 778 1785 = Ausschnitt aus
798 1711 1552 1806 Igemeine Rundschau, München
323 1723 421 1803 2
329 1793 573 1855 E vom:
809 1805 1155 1908 GEES0
435 1893 1289 1998 Bücher und Menschen.
812 1986 937 2039 Don
702 2028 1037 2116 Dr. A. Lohr.
249 2098 1512 2173 Unsere Kultur ist in den letzten Jahrzehnten ungeheuer in
225 2142 1510 2211 A die Breite gegangen — freilich auf Kosten ihrer Tiefe. In der
224 2183 1512 2252 Zeit der Volkshochschulen und der allgemeinen Bildung suggeriert
235 2234 1518 2286 man sich die Fiktion einen Hebung der Gesellschaft in Persönlich¬
236 2270 1510 2328 keit und Schönheit, berauscht sich gern an der Möglichkeit einer
236 2306 1513 2370 allgemeinen Perfektibilität, an der Hoffnung auf eine rasche
239 2346 1517 2391 Annäherung an ein mehr oder minder vages allgemeines Kultur¬
227 2385 1513 2436 oder Bildungsideal — und wiegt sich dabei in tönenden Phrasen
230 2425 1509 2483 und übersieht den Wurm der Entsittlichung, der stetig am Marke
224 2458 739 2516 der Volkswohlfahrt nagt.
349 2491 1508 2564 Und wenn man in unsere Literatur hineinschaut, die ja der
225 2526 1511 2585 Spiegel der Volksseele sein soll, so überkommt einen oft ein
1002 2585 1038 2618 si
218 2579 1513 2637 Grauen. Und es ist nicht so sehr der sttengefährdende Einfluß
228 2611 1501 2685 eines Teiles unseres Schrifttums — denn der war schon größer —,
217 2662 1513 2709 welcher mich elegisch stimmt, als die traurige Erscheinung, daß
219 2706 1505 2749 allenthalben das Virtuosentum überhand nimmt, daß so überaus
218 2730 1511 2799 viele Schriftsteller unseres großen Vaterlandes wie ausgeblasene
218 2765 1500 2832 Eier sind, die einem nur die weißschimmernde Schale glitzernder
222 2796 1513 2876 Worte und bizarrer Erfindungen bieten, aber inwendig zum Er¬
216 2850 1507 2901 schrecken hohl sind und weder den Verstand anregen, noch das
226 2893 1510 2930 Herz beschäftigen. Einen Jahrmarkt der Worte könnte man mit
220 2923 1515 2985 Recht den weitaus größten Teil unserer Gegenwartsliteratur
230 2970 1508 3037 nennen, der bei äußerem Firlefanz Verstandesöde und Herzenskälte
218 3003 1029 3050 in weiten Volkskreisen zurücklassen muß.
341 3042 1501 3118 Man nehme nur des bekannten Aunes
1315 3094 1352 3121 —
219 3064 1503 3136 Novellenbuch „Dämmerseelen“ Berlin 1907. S. Fischer.
220 3124 1513 3200 132 S. 3.— M) her. Die Stilisierung der Geschichten ist ja elegant
218 3168 1509 3234 und fein, aber hinter der schillernden Oberfläche steckt rein nichts.
229 3200 1507 3264 Schnitzler wollte nach E. A. Poes Vorbild Erlebnisse schildern,
224 3225 1507 3302 die unter dem Banne einer fremden, außermenschlichen Sphäre
218 3273 1503 3347 liegen. Aber Schnitzler und — Mystiker: Es liegt gar nichts
217 3322 1500 3366 Wahrscheinliches in den mehr ulkig=pikanten als schaurigen Ge¬
218 3360 1492 3424 schichten, die in keiner Weise die faszinierende Wirkung der Er¬
224 3386 1542 3466 zählungen Poes oder R. L. Stevensons ausüben. Vielleicht sollen
227 3433 1527 3512 die Sachen nur novellistische Clownsprünge zur Belustigung des
222 3464 914 3529 literarischen Variétépuhlikums sein
2579 1361 2994 1459 Telephon 12801.
1821 1535 2956 1645 P MimteieeEr Bnng
1827 1630 2986 1706 O l. österr. behördl. konz. Unternehmen für Zeitungs-Ausschnitte
1989 1669 2872 1773 Wien, I., Concordiaplatz 4.
1815 1740 1918 1795 4
2212 1760 2654 1820 Vertretungen
1835 1807 2967 1876 ∆ in Berlin, Budapest, Chicago, Christiania, Genf, Kopen¬
1808 1855 2972 1903 hagen, London, Madrid, Mailand, Minneapolis, New -Vork,
1927 1890 2928 1953 Paris, Rom, San Francisco, Stockholm, St. Petersburg.
2227 1932 2631 1986 (Quelienangabe ohne Gewähr.)
1820 1961 2996 2064 Kusschntt as Oaue arte dalee,
1807 2037 1898 2083 15
2335 2029 2777 2125 Na
1816 2069 2437 2185 * TOm OZeT 700
2077 2186 2857 2253 DAM MERSEELEN, by the Austrian
2016 2232 2839 2290 novelist and playwright, Arthur
1999 2283 2849 2346 Schnitzler. whose Liebelei“ was played
2014 2324 2850 2399 in NewVork last winter under thef
2015 2369 2849 2422 name The Reckoning, is a collection
2011 2415 2843 2476 of six talented short stories that do
2012 2467 2838 2529 lionor to the name of this promising
2017 2512 2833 2568 author. As the general title indicates,
2022 2562 2851 2618 they are somber tales, problem episodes,
2014 2607 2844 2663 if you will, and for that reason hardly
2017 2661 2849 2709 to be chosen for translation even if wei¬
2017 2695 2843 2762 disregard the bolder elements in thef
2014 2757 2846 2808 situations presented. Consider, for in¬
2019 2784 2843 2850 stance, the last story,Andreas Tha¬
2010 2829 2850 2896 mevers letzter Brief.“ It is the fare¬
2014 2863 2857 2948 well letter of a man about to commit
2027 2926 2848 2994 suicide. He does not doubt his wise's
2016 2976 2848 3029 virtue—far from it. He takes infinite
2022 3027 2837 3081 pains to prove that it is unimpeachable,
2019 3081 2833 3133 and yet he despairs of convincing any
2018 3116 2848 3170 but himself. The circumstances are so
2009 3162 2836 3225 peculiar and the evidence seemingly so
2013 3213 2843 3265 danming that he knows the whole world
2014 3258 2841 3319 will condemin her and will point the fin¬
2006 3310 2841 3359 ger of scorn at him. No, he does not
2005 3356 2837 3409 doubt her, but he cannot bear the shame
2018 3393 2835 3460 of it all. He can only leave this letter
2008 3441 2838 3500 to defend her. The problem is whether
2006 3487 2833 3541 she merits his eloquent defense.—J.
2091 3533 2148 3592 G.
2064 3569 2844 3655 (G. E. Stechert & Co., 120 W. zoth
2004 3630 2393 3696 St., Neze Vork.)
