3344 4352
1177 317 1607 409 box 35/7
702 320 1046 414 seelen
168 323 804 424 3. Daemners
478 508 1197 701 dden. Reich
1103 741 1246 858 7%
208 736 518 909 #2
703 720 1402 965 Pellen Mlon.
312 1327 1444 1415 1. Dämmerseelen von Arthur Schnitzler (S. Fischer
213 1392 1450 1462 Verlag, Berlin). Der bekann##che
223 1450 1448 1514 mit diesem Titel jene dunklen Wesen, die unter der
235 1495 1437 1554 suggestiven Macht eines eigenen oder fremden Willens
226 1554 1440 1608 halb bewußt, halb traumhaft die Wege gehen, die ihnen
232 1597 1435 1659 ein Schicksal gezeichnet. „Ihr Wesen dämmert hin, wie
222 1644 1446 1705 nach unbekannten oder ungewissen Zielen.“ Sie wandeln
225 1691 1435 1760 in einem Zustande, da ihnen Schatten und Licht, Träume
223 1742 1447 1801 und wirkliches Geschehnis ineinanderfließen. Erscheint
227 1791 1444 1846 ihnen dann wie dem Freiherrn von Leisenbohg oder der
223 1840 1435 1899 Marie Ladenbauer blitzartig die entsetzlich klare, rauhe
223 1907 1448 1951 Wirklichkeit, oder zeigt die dunkle Macht, trotz aller
223 1951 1441 2004 menschlichen Berechnung, immer wieder ihr hohnlachendes
223 1989 1434 2039 Siegergesicht, wie dem Leutnant in der „Weissagung,
236 2038 1445 2097 so muß die Erkenntnis ihrer menschlichen Ohnmacht den
230 2098 1443 2152 Unglücklichen den Tod bringen. — Schnitzler hat seine
224 2138 1450 2183 Novellen mit dramatisch erlaubter Spannung aufgebaut,
228 2195 1443 2261 seine Technik ist raffiniert, jedoch nicht übertrieben; seine
233 2242 1442 2291 Sprachmittel sind verblüffend einfach, aber er weiß sie
231 2286 1437 2352 meisterhaft zu handhaben und mit ihnen das Geschick
226 2346 1449 2408 seiner Persönlichkeiten uns glaubhaft, ja notwendig zu
234 2401 1451 2450 gestalten. Einzig die letzte Novelle „Andreas Thamepers
227 2430 1453 2496 letzter Brief“ behagt mir nicht, die Idee ist kleinlich,
244 2488 1460 2561 ja beinahe= hanal, der Tod des Andreas durchaus un¬
243 2529 511 2603 verstäudlich.
989 2752 1319 2828 Telephon 12.801.
467 2776 1051 2984 „OBSERVER
254 2972 1359 3024 l. österr. behördl. konz. Unternehmung für Zeitungs-Ausschnitte
423 3019 1196 3105 Wien, I., Concordlaplatz 4.
661 3078 952 3150 Vertretungen
245 3114 1349 3182 in Berlin, Basel, Budapest, Chicago, Cleveland, Christiania,
249 3183 1346 3230 Genf, Kopenhagen, London, Madrid, Mailand, Minneapolis,
249 3219 1349 3276 New-York, Paris, Rom, San Francisco, Stockholm, St. Peters¬
653 3256 944 3314 burg, Toronto.
555 3268 1043 3356 (Quellenangabe ohne Gewähr.)
247 3341 709 3424 Ausschnitt aus:
717 3364 1266 3472 Die Glocke, Chicage
247 3450 422 3507 vom:
779 3447 1197 3557 Heuer 1907
374 3546 1367 3630 Schnitzler ist sich in den angezeigten Novellen treu ge¬
277 3610 1377 3670 blieben, sö wie ihn seine Leser aus seinen früheren Werten
284 3670 1363 3720 kennen. Es sind zum Teil tolle, zum Teil düstre Geschich¬
279 3725 1379 3769 ten, zumeist mit dem lebensfrohen Wien als Hintergrund,
282 3762 1362 3810 in allen wird ein wenig allermodernste „Seelenanalyse“ ge¬
279 3808 1365 3866 trieben; es sind aber auch alles moderne Menschen, und
283 3856 1362 3908 Schnitzler erzählt von ihnen in dem brillierenden, fast pi¬
288 3906 1371 3960 kanten Siil, den er den Franzosen des Barocks abgesehen zu
277 3944 1369 4007 haben scheint. Menschenschicksale eigenster Art, Schicksale,
287 4002 1371 4052 wie wir sie so gern nichtssagendenennen, die aber die dun¬
271 4039 1377 4111 kle Macht hinter und über dem Menschen verraten, die wer¬
278 4085 1106 4149 den uns in diesen turzen Novellen vorgeführt.
2492 1315 2873 1398 Telephon 12801.
2360 1487 2834 1580 FKSI
1736 1585 2889 1637 G l. österr. behördl. konz. Unternehmen für Zeitungs-Ausschnitte
1745 1616 1812 1662 6
1893 1620 2783 1712 Wien, I., Concordiaplatz 4.
1733 1695 1828 1756 2
2126 1704 2568 1766 Vertretungen
1743 1764 2871 1816 O in Berlin, Budapest, Chicago, Christiania, Genf, Kopen¬
1722 1798 2879 1843 # hagen, London, Madrid, Mailand, Minneapolis, New-Vork,
1820 1834 2848 1901 Paris, Rom, San Francisco, Stockholm, St. Petersburg.
1738 1846 1816 1885 O
2149 1877 2536 1938 (Quellenangabe ohne Gewahr.
1730 1919 1779 1972 2
1734 1914 2120 1999 6 Ausschnitt
2121 1934 2945 2051 Breslauer Mergen Zeitung.
1731 1992 1820 2038 52
1970 1983 2168 2062 7-AUL. 1
1717 2028 2026 2122 6 vom:
1749 2107 2976 2174 Bei aller stofflichen Verschiedenheit künstlerisch gleichwertiger Arl
2408 2170 2976 2224 in seinem neuesten Novellen¬
1677 2108 2965 2266 beiten reicht Arthu#S#### S. Fischer, Berlin) glut¬
1680 2200 2137 2257 buche: „Dämmere
1681 2239 2970 2299 ebenbürtige bunte Perlen, an einem einfarbigen Bande zusammen.
1683 2286 2975 2326 Er läßt auf alle den reichen Glanz seines Ich fallen und er rückt sie
1675 2315 2972 2383 sogleich in die wirksamste Beleuchtung Beim Zusammenklang dieser
1673 2365 2976 2392 Perlen hören wir eine seltsame Melodie. Schnitzler beweist auch in
1676 2389 2970 2459 seinem neuesten Werkchen jene außerordentliche Treffsicherheit des To¬
1675 2437 2969 2487 nes, die gar nicht mehr von fremden Weisen beirrt, im Konzert der
1675 2484 2965 2539 zahlreichen europäischen Musikanten leicht an ihren Sonderakkorden
1690 2522 2956 2567 erkannt wird. Dieser Dichter ist eben das, was Goethe als „höchstes
1685 2552 2962 2602 Glück der Erdenkinder“ pries: eine Persönlichkeit. Von jener welt¬
1685 2585 2956 2644 männischen Gewandtheit, die nur irrtümlich als oberflächlich gilt,
1678 2615 2948 2684 weil sie schamhaft genug ist, heiße Tränen hinter dem heimlichen Wap¬
1675 2671 2952 2718 venschilde des Lächelns zu verbergen, läßt er durch die Maske des
1682 2711 2969 2757 spielerisch tändelnden Dandys das wahre Antlitz des sinnenden
1675 2741 2973 2803 ernsten Dichters lugen. Schnitzler bildet, wenn ich so sagen darf, den
1673 2791 2960 2834 verkürzten Ausdruck der ganzen Wiener Kultur. Einer Kultur, die
1672 2824 2975 2880 von einer gewissen Schwermut der altweltstädtischen Zermürbtheit
1671 2862 2957 2904 angekränkelt, von dem ewig verjüngenden duftzarten Zauber schmeich¬
1681 2904 2958 2951 lerischer, schlanker lebensfroher Frauen getröstet, von der Nähe des
1697 2934 2965 2986 Schaukeltaktes venedigscher Gondeln gewiegt, seltsamer Wunder voll
1686 2968 2964 3021 gleichsam Italien mit Oesterreich vermählen will. Der schmiegsame
1701 3018 2965 3064 Fluß der Schnitzlerschen Sprache, die rhythmisch belebt. in der Tat
1701 3049 2967 3103 venedigschen Gondeltakt zu wiederholen scheint, die selbstverständliche,
1690 3091 2964 3137 schlichte, zuweilen übermütige Sicherheit der Darstellung schenkt uns
1696 3132 2960 3186 auch in diesem Werkchen reiche Freude. In „Dämmerseelen“ gibt
1694 3168 2959 3217 sich Schnitzler, der selten scharf unterstreicht, noch leiser, zarter und
1692 3206 2960 3264 absichtsloser als in seinen übrigen Werken: Seine leichte, scheinbar
1685 3243 2975 3302 spielerische Art der Problem=Ueberwindung beraubt uns freilich
1684 3287 2981 3338 zahlreicher Spannungsmöglichkeiten; die Stockungen, Kadenzen und
1700 3326 2982 3373 Wirbel, an denen andere Dichter leicht scheitern, versinken so zu sehr
1697 3367 2975 3407 im unendlichen Dämmer, sodaß wir die Gefahren und Probleme der
1686 3384 2978 3448 Darstellung eines Tages vielleicht nicht mehr erkennen und daher ihre
1684 3429 2988 3498 Anwesenheit leugnen werden. Ahnungslose Tänzer an Abgründen
1682 3474 2352 3529 habei eben glückgewiegte Träume.
2124 3496 2475 3567 Er
2698 3497 2798 3591 1
