3392 4384
1080 270 1533 363 box 35/7
101 274 936 379 3. Dachnerseelen
1034 1349 1414 1441 Telephon 12801.
276 1470 357 1546 6
1212 1527 1416 1626 MDANMNT
271 1539 352 1615 8
378 1536 584 1636 WANNNNE
277 1594 355 1653 12
288 1612 1420 1691 D l. österr. behördl. konz. Unternehmen für Zeitungs-Ausschnitte
303 1679 370 1723 6
450 1672 1323 1754 Wien, I., Concordiaplatz 4.
666 1746 1094 1810 Vertretungen
283 1789 1420 1867 0 in Berlin, Budapest, Chicago, Christiania, Genf, Fopen¬
281 1853 1420 1916 hagen, London, Madrid, Mailand, Minneapolis, New-Vork,
387 1881 1394 1959 Paris, Kom, San Francisco, Stockholm, St. Petersburg.
687 1929 1080 1992 VOnallenangete ohne Gewänr.)
354 1967 766 2053 Ausschnitt aus:
689 2031 1454 2111 Leipziger Abendzeitung, Leipzig
278 2052 361 2107 55
435 2044 677 2119 3 4 1907
273 2101 511 2170 E vom:
494 2171 1322 2243 gleichen Veglag ist erschienen: Dämmerseelen,
342 2181 746 2256 Novellen von Artä#¬
1013 2226 1318 2278 Artur Schnitzler
405 2218 1316 2312 t schne eigene Kunst und icht feder mag sie gomtieren.
337 2275 1311 2346 Aber das Publikum, für das er diese neuen Sachen ge¬
341 2310 1316 2375 schriebs hat, wird sie gerne lesen und seines Lieblings
341 2348 1319 2411 neuestess Werk freundlich aufnehmen. Die erste Novolle:
343 2374 448 2416 Das
524 2379 618 2424 hick
658 2388 1310 2454 des Freiherrn von Leisen¬
341 2413 1310 2487 bößg,dist typisch für den ganzen Mann: Ich meine
352 2445 1315 2498 Schnitzler und seine Welt: Die Untreue des Weibes,
340 2476 1297 2552 charakterlose Männer und drum herum ein bißchen Welt
344 2522 1301 2592 und eine starke Dosis Sentimentalität. In der zweiten:
441 2564 1311 2621 Weissagung, feiert der Aberglaube und der
352 2586 1305 2658 Möstizismus fröhliche Orgien. Es wird niemand ein¬
342 2619 1314 2694 faslen wollen, das unsichtbare Walten geheimnisvoller
335 2672 1308 2725 Kräfte zu leugnen, aher #ier ist denn doch des Guten
336 2684 1313 2765 etwas zu viel getan. Ein ganz verrücktes Ding ist die
340 2713 1318 2800 letzte Geschichie: Andreas Thamevers letzter
345 2754 1310 2828 Brief. Er fängt folgendermaßen an: Keineswegs kann
350 2788 1309 2855 ich weiterleben. Denn so lange ich lebe, würden die
348 2822 1308 2894 Leute höhnen, und niemand sähe die Wahrheit ein. Die
345 2862 1314 2931 Wahrheit aber ist, daß mir meine Frau treu war. Ich
342 2890 1324 2963 schwöre es bei allem, was mir heilig ist, und ich besiegle
343 2924 793 2979 es durch meinen Tod.
862 2941 1304 2999 Schnitzlers Weiber sind
342 2958 1310 3026 hysterische oder pathologische oder sonstige Frauenzimmer
343 3001 1304 3083 und seine Männer degenerierte Waschlappen. Das ist.
338 3031 613 3079 feine Welt. K
661 3041 1332 3114 st auch eine Welt. Es muß eben
337 3068 784 3142 auch solche Käuze geben.
397 3092 579 3148 ### r
2515 407 2896 495 Telephon 12801.
1770 578 2890 680 P Mnmm HreTrSsnnune
1759 663 2891 724 O l. österr. behördl. konz. Unternehmen für Zeitungs-Ausschnitte
1774 712 1825 758 6
1919 714 2802 797 Wien, I., Concordiaplatz 4.
2158 799 2586 865 Vertretungen
1769 847 2900 908 0 in Berlin, Budapest, Chicago, Christiania, Genf, Kopen¬
1752 896 2894 951 E hagen, London, Madrid, Mailand, Minneapolis, New-Vork,
1865 924 2875 972 Paris, Rom, San Francisco, Stockholm, St. Petersburg.
2179 971 2567 1015 (Quellenangabe ohne Gewähr.)
1756 1013 2236 1096 2 Ausschnitt aus:
1990 1055 2824 1143 E. 4. :907 St. Petershurgar 7-itumne
1758 1134 2367 1234 & Hrtbur Schnitzlere
2199 1169 2806 1265 Neuer Novellenband.
1847 1238 2842 1338 Es gibt Schriftsteller — man kann in diesem Falle
1802 1287 2852 1399 ogar „Geister“ sagen —, denen es an Biegsamkeit fehlt.
1790 1334 2855 1425 Alles andere ist vorhanden: der lebhafte Wunsch, die
1807 1387 2848 1486 tarke Veranlagung, — aber was die Elastizität an¬
1800 1419 2854 1516 betrifft, da hapert's. Sind es sonst nur Gewaltmen¬
1801 1464 2849 1563 ichen, die, obwohl an ihr Ich gebannt, Dissonanzen zu
1801 1516 2861 1599 überwinden, ihrer Unbefriedigtheit immer neuen Aus¬
1801 1548 2858 1645 druck, eine metallen klingende Stimme zu geben wissen,
1860 1599 2867 1683 so dringen sie durch. „Wahre Prinzen aus Genie¬
1806 1638 2864 1740 lanb“ pflegen daher auf die andern, die Hilflosen, im
1811 1687 2864 1776 Vollgefühl ihrer überlegenen Kraft, höhnisch herabzu¬
1799 1727 2866 1820 blicken. In der Verworrenheit jener anderen wohnt
1805 1764 2875 1862 aber nicht jauchzendes elastisches Leben genug, damit
1813 1821 2875 1910 aus ihren wilden Wünschen eine Welt entstehen könne.
1819 1844 2878 1969 Dies ist der Unterschied zwischen einem Hebbel oder
1826 1921 2886 1996 Dostojewski und analogen gärenden Talenten, deren
1833 1941 2890 2040 Heimlichkeiten und Begabungen sich nicht zu einem
1836 2001 2888 2089 sprachlichen Erzeugnis von suggestiver Gewalt krystalli¬
1829 2025 2885 2136 sieren können. Das Publikum weiß gewöhnlich von
1838 2071 2900 2177 solchen Unglücklichen nichts, oder ahnt zum mindesten
1831 2111 2886 2209 nicht ihre Seelenqualen, während es begeistert einer
1837 2130 2897 2252 dritten Gattung nachläuft: den Oberflächlichen, die
1836 2206 2888 2305 mühelos gebären, den Routiniers, den Künstlern der
1840 2261 2900 2352 guten Stube, die eben nur die Leichtflüssigkeit, die jour¬
1840 2265 2903 2378 nalistisch geschulte leichte Hand ihr eigen nennen; —
1845 2381 2134 2440 den Banalen.
1899 2376 2898 2467 Am glücklichsten unter den Autoren sind aber ohne
1861 2435 2897 2522 Zweifel diejenigen, die ein schönes, mit Maß tiefes,
1857 2466 2896 2558 bis zu einem gewissen Grade reiches Talent mi einer
1861 2504 2900 2607 virtuosen Technik verbinden. Zu allen Zeiten hat es
1870 2570 2908 2660 soiche nicht eben in das Bereich des Genialischen ragende,
1859 2599 2907 2707 aber Ignadete Menschen gegeben; unter den heutigen
1873 2642 2921 2740 weiß h niemand glücklicher zu preisen, als den Wiener
1877 2666 2918 2783 Dichter Arthur Schnitzler. Man verstehe mich:
1868 2724 2922 2830 interessant sein und ein gutes Gewissen haben, dem
1879 2772 2861 2867 Publikum und der Kritik zum Vergnügen gereichen,
1879 2815 2928 2919 ja, kann's denn was Schöneres geben? — Wahrlich,
1874 2872 2676 2961 ihm muß ich den goldenen Apfel reichen.
1933 2887 2925 2986 Von drei Namen, die man mit Vorliebe zusammen¬
1881 2939 2933 3040 bringt, — die beiden andern sind Maupassant und
1884 2975 2929 3085 Tschechow — ist Schnitzler nicht der am stärksten leuch¬
1886 3034 2940 3134 tende. Maupassant ziert schon beinahe das Diadem
1888 3076 2936 3180 der Unsterblichkeit; Tschechow, an technischem Raffine¬
1890 3127 2943 3218 ment hinter dem Franzosen und Deutschen zurückstehend,
1902 3165 2940 3265 übertrifft sie an Herzlichkeit und Ursprünglichkeit. Jnl
1900 3198 2958 3300 Arthur Schnitzler kreuzen sich etliche alte Kulturen: ers#
1900 3254 2967 3352 ist Jude, Wiener, deutscher Dichter, Medicus practicus!
1908 3286 2958 3395 und noch einiges weniger Erklärliche, — sicher durch
1899 3340 2963 3441 Feuer, Wasser und kupferne Röhren gegangen. Dann#
1905 3374 2957 3480 ist er der einzige von den Dreien, der unter uns weilt.
1967 3427 2968 3522 Ab und zu denke ich, wenn ich Arthur Schnitzler lese,
1914 3467 2966 3567 an die klugen, weltmännischen französischen Schrift¬
1922 3513 2963 3620 steller des 18. Jahrhunderts: an Crébillon den Jüngern
1918 3553 2963 3661 zumal, der vor 150 Jahren von den Verirrungen des
1912 3590 2972 3691 Herzens und des Geistes und von seltsamen Sofas sprach!
1922 3625 2965 3740 und dessen Narien leider kein Heldenbuch nennt. Vor
1931 3683 2984 3785 diesem Crébillon, dem ich übr gens nur nachsagen kann,
1931 3730 2990 3827 daß er ein ganz außergewöhnlicher Menschen= und ins¬
1932 3768 2978 3870 besondere Frauenkenner war und daß ohne ihn Herr
1934 3814 2984 3913 Schnitzler gewissermaßen nicht existieren würde, hat
1939 3857 2980 3963 unser Dichter eins voraus: Gemüt. Auch er erzählt
1932 3899 2988 4000 etwa in derselben ansprechenden, graziösen, reifen Weise,
1944 3957 2989 4038 auch etwas unlprisch, ein wenig trocken. Aber Wiener
1941 3985 2999 4083 Blut pulsiert hier, Wiener Duft liegt auf diesen Seiten.
1937 4041 3007 4129 Sicher ist Schnitzler der markanteste und zugleich für:
1940 4075 2999 4159 die Leute draußen im Reich und überall bedeutsamste,
1938 4116 2994 4208 der universalste Wiener Schriftsteller. Hugo von Hof¬
2747 4149 3008 4211 literarisch“,
