3392 4352
457 263 658 328 emme
181 262 578 371 3. Dath
1154 248 1630 348 box 3577
625 267 1025 373 rseelen
1692 349 2899 434 stil, eine naive Natürlichkeit, die nicht frei von Nervosität ist und
1690 427 2906 472 ein Stil, der ab und zu schon an Manier streift: es muß einem
1687 473 2906 522 Literaturschalk fast auf die Finger brennen, diesen bereits etwas
1695 513 2905 573 starr gewordenen Hessestil zu parodieren. Manier ist sicherlich die
1696 566 2910 628 starke Anthropomorphisierung in den Naturbeschreibungen, so
1687 609 2909 654 wenn er schreibt: „Erste scheue Blitze rissen zuckend durch das
1696 656 2912 729 schwärzliche Grau“ oder „der Regen quoll in leidenschaft¬
1691 708 2913 763 lichen Stößen aus den Mündungen der Traufen“. In allem
1681 742 2903 838 bedeutet sein Stil eine wirksame Ueberwindung des naturalisti¬
1687 788 2072 867 schen Romanstiles.
1757 828 2909 893 Für die beste Erzählung des vorliegenden Buches halte ich
1678 879 2903 947 unbedingt „Die Marmorsäge“; danach kommt direkt der köstliche
1683 946 2914 1007 „Lateinschüler". Trotz der entzückenden Feinheiten im letzten
1683 986 2912 1056 Teil kann ich „Heumond“ nicht so hoch stellen; das Reinmensch¬
1684 1035 2910 1101 liche dieser Erzählung scheint mir nicht zwingend genug, das Er¬
1677 1078 2903 1141 wachen aus dem erotischen Unbewußten nicht so einfach vor sich
1682 1120 2907 1188 zu gehen. In „Aus Kinderzeiten“ stört ein seltsamer und
1672 1159 2913 1236 keineswegs angenehmer Kontrast des hier und da Ludwig Thoma
1681 1220 2903 1294 abgeguckten Bubenstils und der schönen übervernünftigen Dinge,
1677 1263 2384 1325 die in diesem Stil gesagt werden.
1758 1299 2908 1389 Schnitzler ist eine ganz andere Erscheinung als Hermann
1679 1352 2898 1421 Hesse; hier natürliche Naivität mit Kunststil, dort künstliche
1685 1411 2905 1472 Naivität erzeugt durch fein vollzogene Häufungen von Kunsttricks.
1686 1458 2902 1510 Der Schnitzler dieser Novellen ist nicht mehr der Schnitzler des
1685 1495 2910 1554 „Reigen“; er ist wehmütiger und dabei ironischer geworden; er
1688 1546 2908 1622 ist in die Mitte zwischen „Liebelei“ und „Sterben“ auf der einen
1699 1596 2903 1654 Seite, „Anatol“ und „Reigen“ auf der anderen Seite geraten.
1697 1643 2904 1693 Kein Witz und auch kein Humor: superiore Nachdenklichkeit, von
1690 1689 2904 1758 der er von Anfang an ein gutes Stück sitzen hatte. Seine Sehn¬
1688 1739 2904 1789 sucht nach Natur und Natürlichkeit ist immer mit intensivster und
1694 1785 2904 1849 sorgfältigster Kunst gepaart. Aber bereits wird er leise karikatu¬
1695 1833 2902 1898 ristisch — man merkte es schon in seinen zwei letzten Dramen —;
1694 1880 2907 1932 er leistet sich unnötige Charge und blinzelt nach einem merk¬
1690 1916 2317 1992 würdigen Mystizismus hinüber.
1759 1962 2899 2044 Was im speziellen Schnitzlers Novellenkunst anbetrifft, so
719 1970 1440 2077 Zwei neue Novellenbücher.
1694 1998 2904 2071 bin ich sicher, daß er ein mittelmäßiges, sogar ein schlechtes
1683 2066 2902 2136 Drama schaffen kann, eine mittelmäßige Novelle aber in keinem
664 2053 1467 2144 Von Franz Clement (Luxemburg).
1692 2113 2908 2162 Fall, so stilsicher ist er. Besonders in diesem Band, wo alle
536 2112 1679 2202 Das eine ist von Hermann Hesse und heißt „Diess
1684 2158 2900 2228 spielerische Erotik fehlt, hat sein Stil sehr viel Mark; man spürt
456 2163 1678 2238 seits“; das andere ist von Arthurenitler und heißt
1693 2211 2565 2269 fast etwas wie Schulung an Kleist und Halm.
458 2221 1684 2285 „Dämmerseelen“, beide sind erschienen im Verlage von S. Fischer
1763 2242 2909 2303 Für die beste der fünf Novellen halte ich „Das Schicksal des
457 2274 1685 2341 in Berlin. Zwei alte Belannte also.Und=leider=s###
1687 2288 2906 2371 Freiherrn von Leisenbogh“; in der man ehrfürchtig wird vor der
453 2320 1687 2365 zu wenig von guten neuen Büchern, die von alten Bekannten
1678 2338 2904 2416 Pfychologischen Bravour, mit der alles das vorgetragen wird; es
447 2367 1676 2426 kommen, weil man bei unserer wirklichen Sehnsucht nach Neuem
1694 2397 2910 2461 gehört schon außerordentliche Gestaltungskraft dazu, diese sonder=,
463 2407 1679 2472 nur Zeit hat für die, die aus dem Dunkel der einsamen Dicht¬
1688 2448 2901 2513 fast wunderbaren Voraussetzungen in Konsequenz und Nealis¬
462 2454 1679 2520 stube ans Zeitungs= und Zeitschriftenlicht gehoben werden wollen.
1691 2493 2898 2560 mus darzustellen. Wie Worte und Namen zu Dingen und
455 2512 1681 2566 Man täte hier doppelt Unrecht, weil diese beiden neuen Bücher
1691 2539 2901 2612 Taten werden, das ist der tiefere Sinn dieser kuriosen Geschichte.
456 2542 1688 2621 ihre beiden Dichter zum mindesten in veränderter Beleuchtung,
1756 2590 2905 2647 In der zweiten Novelle, der „Weissagung“, kann man mit
468 2615 1614 2661 teilweise auch mit einigermaßen verändertem Kern zeigen.
1688 2625 2904 2685 etwas Mühe Stiftersche Einflüsse nachweisen, wie denn über¬
544 2646 1687 2713 „Diesseits“ ist Hermann Hesses erster Novellenband; er nennt
1688 2685 2907 2740 haupt Schnitzler von allen österreichischen Dichtern der Gegen¬
455 2707 1677 2750 die gesammelten Stücke aus einem richtigen Gefühl heraus „Er¬
1692 2730 2908 2784 wart am meisten in der österreichischen Tradition bleibt. Man
454 2739 1674 2816 zählungen“, denn der Komposition der eigentlichen Novelle liegt
1696 2775 2897 2827 bewundert hier ebenfalls die erstaunliche technische Ueberlegen¬
461 2799 1684 2846 seine Art fern. Eine Stilverschiedenheit zwischen dem „Peter
1699 2823 2903 2878 heit; nur erscheint einem das Spiel mit dem Wunderbaren etwas
462 2834 1685 2897 Camenzied“ und „Unterm Rad“ einerseits und der hier zu be¬
1693 2863 2912 2933 billig und zu sehr zu einem reinen Artistentum hinzudrängen.
457 2880 1685 2947 sprechenden Neuerscheinung besteht gar nicht. Die Komposition
1703 2920 2907 2978 Eine in ihrer Einfachheit wundervolle Novelle ist „Das neue
467 2928 1678 2983 ist hier wie dort gleich schlaff, und bei Vorhandensein von wirk¬
1695 2964 2908 3025 Lied“, analytisch in der Technik und meisterhaft in dem die ge¬
458 2977 1683 3037 licher Steigerung der Handlung gleich sorglos gehandhabt. Was
1696 3007 2903 3065 heimen menschlichen Untergründe unforciert aber sicher aufdecken¬
457 3020 1682 3092 Hesses Dichtungen so starke Wirkung gibt, ist eine Qualität, die
1694 3059 2907 3126 den Dialog. Kein Hineinkomponieren, ein förmliches Wachsen
456 3071 1681 3120 nur mit einem abgenutzten, fast schal gewordenen Begriff be¬
1690 3108 2903 3168 und machtvolle Stimmung. Man spürt die wirkliche Ergriffen¬
458 3120 1687 3193 zeichnet werden kann: er hat Poesie, unendlich viel Poesie, dazu
1702 3156 2903 3208 heit und bewundert gleichzeitig die aparte, aber nur scheinbar er¬
466 3177 1679 3229 persönliche, innerliche, moderne, obschon auch etwas romantische
1693 3198 2912 3259 künstelte Seelenabrundung. So was kann heute fast nur Schnitz¬
476 3214 1686 3277 Poesie, die erreicht wird ohne Zuhilfenahme verbrauchter poeti¬
1684 3253 1937 3328 ler machen.
470 3261 1687 3322 scher Requisiten. Und diese Poesic fließt aus seiner wirklichen
1768 3264 2902 3351 In der kurzen Skizze „Die Fremde“ ist Maria, blindes Schick¬
470 3310 1690 3362 Liebe zu den Menschen und Dingen, aus seinem starken vollsinn¬
1701 3328 2905 3404 sal. Wiener Luft mit eigenartigem Katholizismus, schwermütige
472 3354 1691 3425 lichen Verhältnis zur Natur. Hesse ist, wenn man den Namen
1692 3389 2905 3447 Leichtfertigkeit, wie K. H. Strobl einmal treffend über Schnitzler
471 3404 1682 3455 nicht eng faßt, im Grunde ein Idylliker, und alle Lebensgegensätze
1702 3430 2906 3498 sagte. Hier hat Saar Einfluß geübt; die symbolistische Gestaltung
471 3458 1691 3504 dienen ihm augenscheinlich dazu, die idyllischen Zustände desto
1693 3494 2915 3543 ist freilich moderner, Stellen, wie die hier folgende, sind einzig
468 3496 1688 3567 stärker hervortreten zu lassen. Das Psychologische steuert bei ihm
1697 3525 2916 3590 im Stil: „Die Linke auf den Degen gestützt, blickte der erzene
463 3553 1679 3602 einzig und allein auf dieses Ziel zu. Hesses Art ist eine auf¬
465 3564 2935 3657 fallende Vermischung von großer, ursprünglicher Naivität mit Kunst= Held wie aus ewigen Augen vor sich hin. Seine Haltung war
1749 3642 2963 3738 von erhabener Müdigkeit, als sei er sich zugleich der Größe und
1756 3700 2950 3797 der Zwecklosigkeit seiner Taten bewußt und als ginge sein ganze¬
1749 3767 2313 3857 Stolz in Schwermut unter.“
1831 3772 2962 3880 Bei der Lektüre des letzten Stückes der Sammlung, des über
1751 3842 2970 3935 legene Ironie atmenden Abschiedsbriefes Andreas Thameyers
1764 3883 2969 3987 begreift man am besten den Titel „Dämmerseelen“: halb wahn
1762 3938 2982 4040 sinnige, in Zweifeln gebundene; deshalb blendet zu viel Licht un
1750 4001 2479 4098 zu viel Dunkelheit sie gleichermaßen.
2430 4066 2497 4139 100
2840 4142 2935 4181 K
