3344 4320
1054 260 1507 360 box 35/7
364 298 461 346 m
260 299 325 346 6
194 293 932 379 —rseden
575 1732 1596 1788 — Dämmerseelen. Novellen von Arthur Schnitzler,
524 1771 1095 1830 S. Fischer, Verlag, Berlin.
571 1808 1561 1858 Arthur Schnitzler springt wiederum mit der blauke
521 1853 1591 1910 geschmeidigen Waffe seines gleißenden Stiles auf den
521 1888 1536 1938 literarischen Kampfplan und fordert eine Welt in
529 1916 1618 1975 Schranken, seine Welt, die er nur aufgebaut zu haben
517 1963 1606 2022 scheint, um sie mit einem seiner eleganten sicheren Stöße zu
516 2000 1611 2053 vernichten. Wie ein echter Künstler baut er sie auf, reich
518 2032 1610 2089 an Form und Farben und, wenn es erlaubt ist so zu sagen,
520 2075 1554 2137 von einem Duft demimondainer Begebenheiten erfüll
523 2111 1618 2174 dessen unfaßbaren und rätselhaften Zauber kein deutscher
523 2150 1614 2199 Schriftsteller besser zu geben versteht, als eben Schnitzler,
515 2186 1614 2229 der hierin den besten Franzosen gleichkommt. Und unter
525 2227 1613 2285 diesen Formen und Farben bergen sich Seelen, die uns,
521 2262 1620 2312 die sich selber ewig fremd bleiben, die ein seltsamer Gott
520 2292 1618 2346 ihren Weg führt, ein Gott, dessen furchtbares, schauriges,
525 2339 1618 2396 vernichtendes Wesen sich unten der Schellenkappe eines
520 2377 1496 2450 Narren birgt. So baut Schnitzler seine Welt auf;
521 2414 1607 2472 folgt der Schlag; diese ganze bunte, närrische Pelt stürzt
524 2450 1615 2519 zusammen, und nichts bleibt, als ein höhnisches Lachen,
527 2489 1639 2543 oder häufiger, ein leises, verhaltenes Kichern, das wie ein¬
528 2530 1642 2589 fernes, lang nachhallendes Echo der Vernichtung durch die
524 2558 1621 2632 Leare irrt. So ist das Schicksal des Freiherrn von Leisen¬
1505 2597 1536 2619 —7
530 2602 1626 2665 bogh, der die junge Sängerin Kläre Held hat ausbilden
537 2618 1648 2693 lassen mit der stillen Hoffnung, sich eines Tages in dem
530 2675 1630 2739 Genuß ihrer Liebe zu sehen. Aber während die junge
530 2711 1616 2768 Künstlerin in unerschöpflichem Liebesbedürfnis von einem
526 2746 1618 2810 Männerherzen an das andere sinkt, steht ihr uneigennütziger
533 2783 1623 2852 freiherrlicher Freund dabei und wartet geduldig, bis die
523 2825 1619 2875 Reihe an ihn kommt. Bei dem Tempo, das die feurige
534 2866 1625 2923 Kläre einschlägt, hoffen wir mit dem Freiherrn, daß das in
530 2903 1631 2955 absehbarer Zeit einmal geschehen wird. Da stürzt einer
528 2949 1625 3013 der Liebhaber Klärens eines Tages vom Pferde. Es war
531 2979 1625 3031 ein tödlicher Sturz, den er mitten aus einem Leben des
536 3012 1576 3085 fröhlichsten Genusses tat, aber er kann die schöne We
538 3062 1620 3114 nicht verlassen, ohne seinem Nachfolger in der Günst
536 3082 1643 3151 Klärens einen Streich zu spielen. Er läßt sie schwören
535 3138 1624 3184 keinem mehr anzugehören. „Der erste nach ihm, der ihre
542 3162 1633 3228 Lippen berühren, ihren Leib umfangen wird, soll in die
535 3201 1642 3261 Hölle fahren.“ Einen Schwur zu brechen, kann für die
536 3237 1652 3289 schöne Kläre nicht schwer sein, aber wird sie den berühmten
531 3285 1655 3341 Tenor, dem ihr empfindsames Herz gleich darauf gehört¬
1646 1369 2737 1442 gern in die Hölle fahren sehen? Wie hilft man sich da nurd
1650 1413 2742 1478 Aber ist er nicht immer noch da, der wie ein treuer Hund
1654 1478 2746 1524 ihren Spuren folgt, der diskrete Freiherr von Leisenbogh,
1643 1500 2742 1566 der seit zehn Jahren darauf wartet, seine unerschütterliche
1657 1540 2745 1597 Liebe belohnt zu sehen? Jetzt scheint sein Moment ge¬
1655 1576 2750 1642 kommen! Sie gewährt ihm ihre Gunst. Und während sich
1653 1611 2748 1667 nun im Kopfe des armen Freiherrn eine schöne Zukunft
1652 1651 2747 1723 aufbaut, verschwindet Kläre mit ihrem Tenor, dem sie jetzt
1657 1688 2748 1757 ohne Gefahr angehören darf. Den guten Freiherrn aber,
1658 1719 2758 1789 der an innerem menschlichen Werte ungefähr dem Ritter
1651 1764 2741 1828 Toggenburg gleicht, lläßt der satanische Samitzler mit
1659 1802 2750 1865 groteskem Humor zur Hölle fahren. Man sieht, daß
1655 1836 2741 1901 Schnitzler ein größerer Humorist ist, als Schiller, der ja
1650 1875 2750 1946 die Lächerlichkeit seines Toggenburg niemals erkannt hat.
1656 1922 2742 1987 Es soll auch heute im Deutschen Reiche noch Leute geben,
1656 1960 2436 2020 Schullehrer und dergleichen, welche ....
1719 1995 2747 2060 So ist ferner das Schicksal des Herrn von Umprecht, dem
1672 2024 2749 2087 für einen bestimmten Tag sein Tod mit allen näheren Um¬
1656 2067 2748 2130 ständen vorausgesagt wird. Und da er alle Umstände kennt,
1663 2100 2758 2166 so glaubt er ihnen leicht aus dem Wege gehen und dem Tode
1671 2131 2750 2201 entfliehen zu können. Aber der Unheimliche mit der
1673 2199 2552 2245 Schellenkappe auf dem Kopfe nasführt ihn doch.
1716 2218 2750 2277 So ist ferner das Schicksal Albrechts, der das seltsame
1659 2254 2750 2314 Mädchen heiratet, jenes Mädchen, dazu bestimmt die
1672 2287 2757 2358 Männer erst zu betrügen und dann ins Verderben zu stürzen.
1655 2328 2752 2381 Man weiß, es gibt solche rätselhaften Geschöpfe, aber nie¬
1677 2366 2751 2430 mand weiß, was in ihnen vorgeht, weshalb sie die Männer
1658 2403 2749 2463 #erst betrügen und dann ins Verderben stürzen, sie selbst
1665 2439 2750 2508 wissen es nicht; der Unheimliche aber weiß es vielleicht. Aber
1673 2482 2759 2537 Albrecht heiratete ohne Zaudern in sein Verderben hinein.
1658 2526 2755 2578 *Schon auf der Hochzeitsreise erfüllt sich sein Geschick; sie
1666 2549 2755 2619 entflieht ihm. Er ist nicht überrascht, er hat das alles
1661 2577 2759 2657 kommen sehen, es stand auf seinem Programm, wie auch
1658 2628 2758 2689 der Schluß auf seinem Programm stand, mit dem er seinem
1672 2673 2758 2730 Leben, das ohne sie keinen Reiz hat, ein Ende macht. Aber
1673 2706 2760 2768 selbst den Toten finden wir noch durch einen blutigen,
1668 2743 2763 2800 satanischen Scherz des Gottes mit der Schellenkappe ge¬
1671 2781 2766 2849 narrt. So ist eines um das andere. Wir schließen das
1672 2821 2761 2876 Buch und hören ein leises, verhaltenes Kichern, wie ein
1667 2858 2762 2925 Echo durch die Leere des Todes gehen, durch jene Leere,
1680 2895 2758 2956 die ehemals von einer farbigen, leben= und genußsprühenden
1672 2945 2129 2999 Welt ausgefüllt wurde.
2586 2933 2759 3025 141
