3392 4384
1061 197 1554 285 box 3577
125 203 955 307 3. Daennerseelen
957 1341 1367 1437 Telephon 12801.
309 1522 1350 1630 MeregrkterSm
227 1607 1364 1680 O l. österr. behördl. konz. Unternehmen für Zeitungs-Ausschaitte
377 1677 1264 1768 Wien, I., Concordiaplatz 4.
608 1762 1030 1816 Vertretungen
218 1785 1357 1847 D in Berlin, Budapest, Chicage, Christiania, Genf, Kopen¬
225 1840 1365 1908 hagen, London, Madrid, Mailand, Minneapolis, New-Vork,
320 1876 1331 1958 Paris, Rom, San Francisco, Stockholm, St. Petersburg.
620 1921 1031 1991 (Quellenangabe ohue Genauf.)
214 1983 255 2036 *
221 1967 703 2059 Ausschnitt aus;
392 2033 562 2114 29 AP
619 2045 1401 2179 Heutsche Tageszeilang, Berim
223 2084 448 2158 E vom:
215 2150 1461 2266 Dämmerseelen. Novellen von Arthur Schnitzler. (S. Fischers
381 2237 784 2307 Verlag, Berlin.)
284 2256 1463 2351 Merkwürdige Geschichten — „in Callots Manier“, hätte der
212 2315 1450 2412 Gespenster=Hoffmann gesagt, und in E. Th. A. Hoffmanns Ma¬
216 2350 1456 2458 nier, würde ich sagen, wenn Schnitzler nicht die Gabe fehlte,
233 2387 1469 2483 Schauer des Unheimlichen auszulösen. Er fabuliert spukhaft
223 2458 1454 2529 drauf los: von dem Mann, der eine schöne, sonst sehr entgegen¬
225 2481 1467 2568 kommende Schauspielerin lange Zeit unglücklich liebt. Sie er¬
227 2525 1460 2607 lhört ihn endlich — aber nur, weil ihr prophezeit worden ist,
242 2572 1466 2670 daß der Fünfte, dem sie ihre Gunst schenken würde, sterben müsse,
242 2618 1462 2699 uund weil sie nicht will, daß ein gewisser verehrter Sänger
209 2656 1467 2744 sdieser bedauernswerte Fünfte sei. Freiherr v. Leisenbogh kommt,
238 2700 1468 2800 denn auch richtig um, und Kläre kann nun dem Sänger, der
244 2756 1470 2839 jetzt der sechste ist, eine Zeitlang ewig treu sein. Aehnlich
240 2785 1474 2893 spielerisch ist „die Weissagung“ erdacht. Jemandem wird pro¬
248 2832 1466 2925 phezeit, daß er an einem bestimmten Tag und unter bestimm¬
238 2859 1476 2967 ten Umständen sterben müsse. Er tut alles, die Weissagung
245 2915 1477 3012 Lügen zu strafen, und am Ende stolpert er gerade dadurch in
230 2974 1481 3057 das angesagte Verderben hinein. „Was aber unter allem diesem:
245 3007 1478 3103 Unbegreiflichen das Unbegreiflichste bleibt, ist der Umstand, daß
239 3050 1473 3133 der Schullehrer, der damals seiner Perücke mit erhobenen Hän¬
248 3094 1487 3179 den nachlief und im Walde verschwand, niemals wiedergesehen,
247 3148 1480 3230 ja daß nicht einmal sein Leichnam aufgefunden wurde.“ Na ja.
250 3184 1498 3267 Aber Gruseln macht das nicht. Diese Maske steht Schnitzler:
251 3219 1485 3331 schlecht zu Gesichte. Achselzuckend sieht man zu, was für un¬
253 3267 1479 3358 bändige, dabei nutzlose Mühe er sich gibt, und achselzuckend, un¬
251 3309 1499 3398 interessiert legt man das Buch beiseite. Schade um manche feine
256 3366 1495 3445 Stelle, die on kultivierter Erzählertechnik zeugt! Aber selten
260 3408 1493 3501 hat das Werk eines Gewandten, das nicht mit dem Herzen ge¬
250 3447 1495 3536 schrieben worden ist, so wenig zum Herzen gesprochen wie dies.
258 3487 1499 3573 Und just Schnitzler ist bei seiner großen Geschicklichkeit bisher
268 3557 1396 3626 immer im Stande gewesen, solches Manko zu verbergen. „
1336 3580 1461 3628 r. n.
1669 741 1755 806 *
1772 738 2803 832 WnWTTTRTSnrner
1672 823 2822 888 ● l. österr. behördl. konz. Unternehmen für Zeitungs-Ausschnitte
1680 877 1747 925 6
1841 881 2712 969 Wien, I., Concordiaplatz 4.
1657 956 1754 1007 2
2056 955 2481 1017 Vertretungen
1673 1010 2818 1065 0 in Berlin, Budapest, Chicago, Christiania, Genf, Kopen¬
1659 1051 2811 1107 hagen, London, Madrid, Mailand, Minneapolis New-Vork,
1778 1087 2797 1142 Paris, Rom, San Francisco, Stockholm, St. Petersburg.
2091 1135 2471 1181 (Quellenangabe ohne Gewähr.)
1663 1174 2750 1292 = Ausschnitklaut Badische Lendes Zeitung
1684 1220 1729 1280 8
1665 1250 1763 1299 9a5
1666 1268 2538 1362 FE vom: 3-Mil 1907 Mannheim
2063 1319 2535 1447 Literatur.
1808 1420 2855 1531 Arthut Schnitzz=r,. Dämmerseelen. Novellen.
1714 1479 2107 1550 Verlag S. Fi###
1809 1531 2865 1625 Als eine kleine Episodenreihe in der Kunst, wie im
1722 1580 2853 1648 Leben Artur Schnitzlers, des vornehmen, stillen, gelassenen
1723 1635 2849 1674 Tichters, dürften diese Novellen anzusehen sein. Sie bedeuten
1714 1665 2853 1713 weder einen Fortschritt, noch einen Rückschritt in seinem
1718 1707 2856 1760 Schaffen, sondern vielverschlungene, dunkelumschattete Sei¬
1722 1747 2854 1784 tenwege, wie man sie in nachdenklichen, traumerfüllten Däuk¬
1717 1767 2864 1823 maestunden wandelt. Da geschieht es wohl, daß uns ein
1723 1811 2863 1889 spktsam gestalteter Baumstamm Leben zu gewinnen scheins
1711 1861 2854 1905 Laß uns eine fremde Vision ängstet, daß sich Erinnerungen
1712 1898 2853 1952 und Bilder geheimnisvoll mischen und daß Fernes und Un¬
1717 1941 2538 1998 wirkliches zu naher Wirklichkeit rwächst.
1812 1971 2859 2028 Unmerklich führen und verstricken die fünf hier zu einem
1712 2015 2860 2083 Buch von einheitlichem Grundton vereinigten Geschichten den
1717 2060 2860 2123 Leser in eine schwermütige Welt trüben Ahnens und bangen
1730 2099 2845 2151 Hellsehens, in eine Welt des Geheimnisvollen und Unbereches¬
1726 2123 2862 2185 baren, über die sich der melancholische Schatten der Ver¬
1718 2168 2863 2227 gänglichkeit ausbreitet. Schnitzler, der Arzt, kommt aus
1728 2209 2870 2288 dieser Welt, Schnitzler, der Wiener, hat mit weicher Em¬
1709 2256 2885 2297 pfänglichkeit alle ihre Schauden in sich aufgenommen undin
1758 2321 2915 2401 Schnitzler, der Künstler, gibt ihr dumpfes Grauen meisterlich
1772 2387 1939 2443 wieder.
1855 2402 2899 2468 Da ist der Freiherr von Leisenbohg, der sterben muß,
1767 2464 2896 2503 weil er eine Frau umarmt, ohne zu wissen, daß sein toter
1777 2503 2964 2561 Vorgänger den Ersten, der nach ihm die Frau in seinen
1778 2539 2909 2598 Armen halten würde, verflucht hat. Dann der Herr von
1788 2588 2901 2631 Umprecht, der genau zehn Jahre nach einer ihm gewordenen
1775 2617 2913 2674 Weissagung in der prophezeiten Weise endet. Schließlich
1789 2666 2915 2715 „die Fremde“, die ihren Mann gr ndlos verläßt, so daß er
1779 2690 2915 2758 zur Pistole des Selbstmörders greist, und die sich an einen
1794 2725 2926 2792 gleichgiltigen Unbekannten verschenkt. Der Stefan George¬
1787 2762 2907 2829 Kenner wird an „die Fremde“ in den Liedern von Traum
1792 2827 2591 2885 und Tod denken, von der es heißt, es war
1946 2861 2489 2932 „ihr Lächeln süß und herb
1946 2899 2660 2978 Gatten und Brüdern zum Verderb“.
1864 2958 2919 3018 Damit die wienerische Note nicht fehle, ergänzen die
1775 3020 2925 3065 Volkssängerin Maria Ladenbauer, die mit dem Verlust des
1797 3039 2962 3116 eugenlichts zugleich den Geliebten verliert und aus dem ##
1791 3085 2922 3141 Fenster springt, sowie der gute Herr Thameyer, der sich tötet,
1794 3133 2922 3184 weil sich seine Frau in einer seltsamen Stunde an einem
1800 3161 2911 3216 Tiergartenneger „versehen“ hat, so daß sie ein Kind zur
1793 3201 2931 3255 Welt bringt, das niemand außer ihm selbst für das Seine
1792 3251 2045 3311 halten will.
1874 3266 2926 3326 Eine dunkelschwere Woge von müdem Gram und hoff¬
1784 3319 2932 3375 nungsloser Sehnsucht: die steigt sowohl aus den halbtraurigen
1784 3358 2918 3413 als auch aus den ganz traurigen unter diesen Geschichten auf.
1798 3401 2926 3454 Gegen ihren kunstvollen Bau, wie gegen ihren tiefmenschlichen
1796 3432 2919 3496 Inhalt ist nichts einzuwenden, und doch legt man sie nicht
1803 3488 2907 3533 erlöst und befreit, sondern traurig und gedrückt aus der
1796 3527 2904 3581 Hand. Mit dem Wunsch, sie möchten nicht die letzten No¬
1799 3559 2910 3613 vellen Schnitzlers sein und ihr Ton möge nicht den Grundton
1802 3598 2909 3656 seiner nächsten Werke bilden, schließt man ernst und nach¬
1795 3641 2633 3707 denklich das feine Buch dieser fünf Erlebnisse.
2321 3664 2848 3742 Dr Wilhelm von Wymetal.
1877 3689 2024 3746 Wien.
