3344 4256
1164 209 1620 301 box 3577
362 219 740 282 aemmers
176 223 1003 311 3. esSeelen
573 934 2258 1036 beesrsess2 Neues vom Büchertisch. B8888884 489
1430 1010 2251 1077 oder minder den Charakter interessanter
588 1035 1417 1090 werdenden Melodien von Euryante und
1425 1064 2238 1125 Feuilletons tragen, u. a. der „Bergsturz“
596 1085 1416 1131 Oberon tönten, der eine gewisse poetische
1424 1103 2262 1150 und „Eine Katastrophe“ hervor. Hier würde
586 1119 1415 1167 Begabung hatte und in einer von mächtigen
1438 1143 2263 1202 selbst eine minder lebendige Darstellung uns
581 1160 1414 1215 künstlerischen Eindrücken bewegten Umgebung
1426 1171 2266 1242 zu fesseln vermögen. Feiner und glänzender
585 1198 1420 1251 aufgewachsen war, widmete sich nicht wie
1426 1208 2264 1275 noch offenbart sich das Schilderungsvermö¬
586 1233 1411 1293 sein Bruder der Kunst, noch schlug er die
1425 1260 2266 1320 gen des warm empfindenden Mannes in der
589 1273 1421 1335 übliche juristische Laufbahn ein, sondern warf
1430 1296 2265 1353 „Kurierfahrt von Paris nach London“ aus
595 1313 1420 1371 sich begeistert auf das Eisenbahnwesen zu
1441 1341 2268 1394 dem Jahre 1855. Da ist eigen Geschautes
585 1351 1423 1418 einer Zeit, da es in Deutschland noch fast
1419 1385 2269 1440 #farbensatt wiedergegeben, besonders in den
788 1391 986 1443 GLLI
1425 1410 2255 1466 wenigen Sätzen über die Seefahrt. Neben¬
1431 1453 2270 1510 bei will ich noch bemerken, daß mein Laien¬
1424 1488 2269 1545 verstand sich baß wunderte, daß schon da¬
1427 1541 2260 1577 mals, vor mehr als 50 Jahren, diese Kuriere
1423 1570 2263 1635 die deutsche Meile in acht Minuten fuhren.
1424 1619 2153 1674 Warum sind wir dann heut so stolz?
1489 1650 2263 1712 Von den übrigen Skizzen erwähne ich:
1439 1683 2269 1743 „Eine Brücke in 18 Tagen“, „Im Hause
1430 1723 2259 1775 Robert Stephensons“, „Eine Winternacht auf
1435 1776 2258 1820 der Lokomotive“ „Sturm auf den Schienen“.
1439 1795 2264 1858 „Eine Monstreleistung der Maschinenindu¬
1436 1845 2274 1897 strie“ — nicht, um gerade diese Feuilletons
1428 1881 2260 1933 besonders hervorzuheben, sondern damit sich
1424 1921 2259 1972 der Leser nach ihren Titeln einen Begriff
1431 1953 2274 2014 von dem Inhalt des Werkes machen kann.
1440 1997 2276 2058 Es wäre nicht übel, wenn wir dieses Buch
1436 2034 2276 2105 aus der Welt der Arbeit in die Hände un¬
1440 2081 1855 2145 serer Knaben legten.
1477 2100 2273 2168 Nur vermittels eines Wortwitzes der
1436 2147 2272 2215 mit dem Begriff „Techniker“ spielt, könnte
1444 2191 2284 2254 man von Mar Eyth und Max Maria von
1446 2231 2278 2283 Weber eine Brücke zu Arthur Schnitzler
1442 2270 2282 2324 schlagen, dem eleganten, überlegenen Wiener,
1445 2312 2285 2373 der alle Mittel der Kunst sicher beherrscht.
1449 2354 2282 2407 „Dämmerseelen“ heißt sein neues No¬
1438 2381 2280 2450 vellenbuch (Berlin, S. Fischer). Es inter¬
1719 2425 2281 2474 wer hätte anderes erwartet?
1452 2430 1681 2488 essiert stark
1445 2457 2287 2513 Es läßt am Ende etwas leer — wen er¬
1455 2498 2286 2561 staunt das? Arthur Schnitzler ist ja nie der
1436 2541 2288 2602 Mann des vollen Herzens gewesen. Immer
1454 2579 2296 2635 nur ein kluger, feiner, rechnender Künstler.
1456 2622 2279 2679 Die reinen tumben Toren, die blutechten
1451 2673 2278 2714 Poeten erscheinen neben ihm leicht täppisch
1444 2697 2292 2763 und ungelenk. Sie haben Liebe oder Haß
1452 2739 2283 2786 oder draufgehenden Zorn, wo Schnitzler ein
1455 2775 2278 2839 fein ironisches Lächeln, ein Zucken der Mund¬
1450 2813 2279 2875 winkel, eine elegante Handbewegung hat.
1447 2848 2291 2901 Er balanciert mit einer Sicherheit, die man
1457 2899 2290 2955 ganz gewiß auch nicht unterschätzen soll, auf
1462 2936 2295 2988 schmalem Grat, und man weiß niemals recht
1453 2963 2287 3032 bei ihm, wo die Kunst aufhört und das
1458 3007 2293 3066 Raffinement anfängt. Er ist halt ein Kul¬
1459 3047 2290 3108 tur= und kein Naturdichter. Ein typischer
1452 3085 2301 3144 Wiener. Nicht so fein wie Hofmannsthal;
1453 3143 2297 3195 noch weniger ein kalter Macher wie Felir
1461 3162 2287 3216 Salten, etwa in der Mitte zwischen beiden
1468 3207 2301 3263 stehend: ein kluger, leise ironischer Künstler.
1464 3242 2292 3298 Aber so lange noch Natur und Herz den
1464 3283 2288 3335 Dichter machen und nicht Kultur und Kopf,
1459 3322 2298 3377 so lange soll mir auch keiner vorreden, daß
1469 3357 2305 3420 diese jungwiener Schule irgendwie einen
1461 3401 2305 3454 echten Gewinn für unsere Dichtung abwerfen
1462 3439 2300 3491 könnte. Unter der ganzen Jugend der
1464 3487 2305 3537 Kaiserstadt an der Donau sind nur zwei echte
1469 3517 2309 3571 „Naturen“: die Baronin Handel=Mazzetti,
1467 3552 2315 3614 die „Jesse und Maria“ schrieb, und Karl
1464 3603 1948 3670 Ginzkey, der Lyriker .
2856 4066 3023 4129 S
