3392 4256
685 267 765 325 6
1122 253 1587 344 box 3577
140 262 987 362 3. Daennersbeien
723 925 834 996 68
1309 927 1698 1016 Der Spiegel.
717 1030 1504 1107 nisse werden vorgetragen von einer Ge¬
1526 1040 2299 1110 Raum steigt, fliegt Erde mit, die ihn
711 1094 1501 1162 lassenheit, die sie im Grunde nicht in¬
1528 1099 2289 1144 trägt, wie das Gewölk auf alten Bil¬
729 1134 1506 1195 teressieren. Es fehlt die unterirdische
1525 1144 2305 1196 dern den gen Himmel fahrenden Jesus.
734 1178 1511 1234 Vibration, die inwendige Resonanz.
1515 1186 2297 1246 Lamprecht sagt von Beethoven, er er¬
733 1224 1512 1273 Schnitzler erscheint hier, letzten Endes,
1522 1224 2295 1285 wecke „das Wohlgefühl: diese Musik
727 1271 1510 1320 als Amateur des Occultismus. Er er¬
1525 1265 2302 1328 werde nicht straucheln“. Diese roman¬
730 1314 1507 1364 innert an jene Abbés des achtzehnten
1519 1308 2306 1369 tische Kunst aber ist beständig im Be¬
730 1352 1511 1399 Jahrhunderts, die mit weltmännischer
1531 1356 2306 1414 griff zu straucheln; wie der Tastgang
725 1399 1500 1447 Eleganz Wunder und Dogmen vortru¬
1535 1402 2298 1454 eines Blinden; von einer Blinden han¬
738 1435 1513 1497 gen, die sie eigentlich gar nichts an¬
1520 1444 2308 1488 delt eine Erzählung dieses Bandes, und
730 1487 1508 1534 gingen, behandelt diese geistlichen Din¬
1531 1484 2296 1542 Blinde sind für diese moderne Ro¬
733 1527 1500 1585 ge mit einer heimlichen, artigen Iro¬
1531 1527 2300 1585 mantik überhaupt charakteristisch und
732 1567 1499 1615 nie. Man denkt an Brentano: „Die
1536 1570 2297 1613 von ihr oft dargestellt worden: der
727 1615 1513 1671 dummen Gänse glauben mir alles“; der
1534 1610 2305 1671 Blinde mit seinem verfeinerten Tastsinn
732 1657 1499 1703 dumme Leser glaubt Schnitzler alles,
1523 1655 2296 1711 ist besonders fähig, Zwischenwerte und
729 1695 1517 1755 wird aber von einem untersten Gefühl
1527 1710 2300 1753 entlegene Nüancen zu erspüren, er ist
733 1743 1509 1780 der Unbefriedigung und Unruhe ge¬
1532 1741 2301 1800 in der Irdischkeit und zugleich vom
730 1784 1511 1835 stört. Es ist die Eigenschaft roman¬
1526 1786 2303 1843 Dunkel umgeben, ausgesetzt in „das
729 1823 1502 1880 tischer Kunst, und sie ist hier besonders
1535 1830 2300 1884 weite Reich der Weltennacht,“ das
735 1870 1506 1916 deutlich zu erkennen, daß sie ein Ge¬
1526 1872 2306 1926 Land, das Tristan meint, — Tristan, die
737 1916 1506 1964 fühl der Unsicherheit erzeugt, der Ge¬
1534 1916 2300 1970 Inkarnation der erdlosen, der Däm¬
741 1950 1506 2002 fahr, zu fallen, des angstvollen Em¬
1521 1952 1882 2018 merseelen=Musik.
735 1998 1510 2048 porgehobenseins in dem Raume. Dem
1572 2012 1807 2081 München.
1936 2010 2265 2081 Ernst Lissauer.
722 2036 1514 2107 klassischen Dichter, wenn er in den
1280 2431 1401 2582 6
1371 2522 1677 2628 S
734 3344 2310 3405 Verantwortlich für Verlag und Redaktion: Dr. Lion Feuchtwanger, für den Inse¬
1051 3382 2011 3433 ratenteil: Leonhard Steinberg, beide in München.
821 3409 2220 3471 Druck von der graph. Kunstanstalt Jos. C. Huber, Diessen vor München.
