3344 4320
459 339 616 394 mme
618 314 1611 421 rseelen box 35/7
161 332 527 431 3. Daen
1122 1499 1525 1586 Telephon 12801.
362 1657 435 1724 *
453 1668 851 1765 KUH
861 1665 1512 1767 PirkeieAnmn
365 1718 456 1770 —
375 1758 1512 1815 0 l. österr. behördl. konz. Unternehmen für Zeitungs-Ausschnitte
371 1795 451 1844 60
539 1815 1416 1889 Wien, I., Concordiaplatz 4.
350 1874 458 1936 2
756 1883 1207 1952 Vertretungen
373 1934 1506 1984 0 in Berlin, Budapest, Chicago, Christiania, Genf, Kooen¬
362 1979 1512 2037 hagen, London, Madrid, Mailand, Minncapolis, New-Vork,
463 2024 1499 2083 Paris, Rom, San Francisco, Stockholm, St. Petersburg.
366 2024 453 2066 0
775 2061 1173 2122 (Quellenangabe ohne Gewähr.)
371 2060 458 2106 00
365 2097 849 2196 ∆ Ausephnfft ahis:
729 2142 1428 2237 peitep-Zeitung, Wien
351 2216 615 2290 E vom:
536 2258 1592 2404 Tnmerseie. Pensien von munser ectllen
395 2271 1025 2372 Berlin. S. Fischer, 1907. 132 S.
525 2355 1568 2444 Dammerselen, halbschtächtige, zweiseln leicht ure
419 2386 1573 2477 gehende, leicht bewegliche, leicht bestimmbare Menschen schildert
415 2421 1549 2519 Schnitzler immer mit Vorliebe. Er schildert sie halb mit Spottt
408 2445 1560 2558 halb mit Ernst; er steht über ihnen, spielt mit ihnen und ha
403 2497 1559 2598 doch für sie eine merkwürdige Vorliebe. Die fünf kleinen Novellen
417 2531 1552 2623 haben alle diesen Charakter der Ironie und des Mitleids, des
406 2571 1559 2679 sanften Spottes und des traurigen Ernstes. Es liegt über ihnen
405 2621 1561 2706 ein leicht gedämpfter Schimmer, der entzückt und bewegt. Sie
409 2649 1554 2742 sind mit jener feinen Kunst schmerzlicher Müdigkeit erzählt, die
405 2685 1550 2792 den Dichter auszeichnet und die ihn zu einer so besonderen Er¬
391 2716 1274 2817 scheinung unserer gegenwärtigen Literatur macht.
2655 1467 3341 1528 74% herrn v. Leisenbohg“. Es ist
1893 1491 3343 1570 Neues von Wiener Dichtern.es sich an dem seinen Man
1902 1550 3342 1601 * Es schreibt sich so leicht über unsere Wiener Toggenburg liebt ein junges
2772 1587 3318 1659 berühmten Sängerin wird.
1826 1591 2769 1643 Poeten, daß es schon wieder sehr schwierig wird.
2771 1633 3319 1701 Leidenschaft in eine andere
1834 1639 2759 1694 Als graziös und kraftlos sind sie in der deutschen
2778 1667 3352 1742 hofft. Bis sie nach manchen
1826 1684 2762 1739 öffentlichen Meinung gebrcht, als angenehme
2770 1708 3342 1787 mittelt sich ihm ergibt und
1833 1725 2761 1775 Charmeure, die man nicht allzu ernst nehmen
2777 1764 3351 1829 Des Rätsels Lösung erfährt e
1832 1775 2762 1826 muß, als liebenswürdig gehaltlose Plauderer von
2773 1805 3351 1862 Liebhaber später. Der früher
1823 1818 2755 1869 angenehmer Leichtfertigkeit. Der biedere Norden
2769 1851 3342 1915 bend den ersten verflucht, der
1832 1859 2755 1915 wird immer mißtrauisch, wenn er sich amüsiert,
2784 1894 3340 1954 würde. Und die schöne Frau
1830 1910 2768 1952 und so gilt ihm die Donau als Nebenfluß der
2779 1933 3352 1998 Deshalb erlebt Leisenbohg je
1829 1941 2762 2006 Seine. Deutsch schreibende Gallier scheinen wir
2765 1976 3351 2042 liche Erfüllung seines Wunsch
1837 1987 2769 2039 ihm: verfeinert, doch auch schwächlich und ent¬
2771 2030 3336 2076 starrt er nun in das entsetzte
1826 2032 2762 2090 artet. Er schreibt unseren Könnern ins Zeugnis:
2779 2067 3326 2127 forschende Gesicht seines Nachf
1827 2061 2756 2120 äußere Form der schriftlichen Arbeiten musterhaft.
2779 2116 3335 2170 er hört, wie der Tote ihn ruft
1831 2120 2767 2173 Aber hinter der Anerkennung für die Form birgt
2783 2149 3339 2212 von der Enttäuschung, der Sch
1835 2166 2763 2225 sich eine Verachtung für den Inhalt. Die Wiener
2779 2204 3327 2256 nacht, der Angst des Verhängr
1823 2196 2756 2260 Dichter gelten bloß als Schilderer kleiner
2781 2247 3322 2307 Wodurch sich der Fluch erfüllt
1826 2247 2764 2304 Amnouren, unbeträchtlicher Verhältnisse, wehleidi¬
2767 2286 3338 2347 beruhigen und wieder aufblühe
1829 2295 2763 2371 er Liebeleien. Statt Leidenschaft bringen sie nur
1829 2340 2769 2394 Sentimentalität auf, eine sanfte, witzige Me¬
2816 2337 3351 2401 Solche grausame und au
1824 2391 2758 2434 lancholie. Während unsere norddeutschen Dichter
2774 2377 3350 2447 Begebnisse beschäftigen Schnitz
1823 2419 2764 2472 bekanntlich die Welt und die ganze Menschheit in
2770 2421 3352 2493 haft. Er macht gern Ausflüge
1837 2466 2762 2517 ihre Werke eingefangen haben. Da die Form
2772 2468 3329 2537 derbaren. So findet sich ind
1826 2510 2766 2562 mangelhaft ist, muß doch der Inhalt gediegen sein.
2775 2520 3351 2584 zählung „Die Weissagung“, i
1833 2558 2507 2620 Denn wären sie sonst Dichter? ...
2767 2561 3351 2623 phezeiung eines galizischen 2
1868 2609 3337 2664 Nun steckt ja in jeder Trivialität eine Erkennt= den Tag erfüllt. Das Bild, da
2780 2645 3343 2702 ren aufblitzen ließ, wird Leb
1828 2652 2764 2715 nis — meist als versteinerter Kern. Ganz sicher
1832 2692 3351 2747 ist also jenes Lob und jener Tadel der Wiener vollzieht sich das Fatum trot
1822 2736 3341 2783 berechtigt. Aber es ist bloß eine Wahrheit, nicht Anstrengungen des von ihm
1825 2773 3340 2837 die Wahrheit. Menschen, insbesondere künst- Unheimlichste daran ist, daß es
1831 2820 3351 2870 lerische Menschen gefrieren eben nicht in der Phantasie eines Dritten,
2768 2864 3352 2923 dient, der auf eine so unbegt
1824 2869 2768 2938 Formen, lassen sich nicht in Schubladen stecken.
2770 2901 3337 2955 Geschicke fremoer Menschen gre
1835 2917 2773 2971 Das fühlt man so recht wenn man den letzten
2609 2955 2758 3010 durch¬
2777 2953 3351 3008 sogar, daß des Poeten Phanta
1833 2953 2301 3018 Novellenband Artug
1827 2975 3350 3059 blättert. Es ist durg us noch der ine Schnitzler Gesetzen gehorcht. Denn in
2779 3044 3350 3097 ward einer Gestalt gedacht, die
1876 3049 2754 3092 und doch auch ein neuer Schnitzler. Und beides
2781 3077 3351 3135 in sein Stück aufnehmen woll
1828 3084 2762 3147 ist erfreulich. Seine alten Tugenden sind zu wohl
2775 3121 3351 3186 ließ. Aber sie hat offenbar
1823 3129 2753 3187 sbekannt, als daß man sie noch preisen müßte. Die
2772 3168 3345 3220 Zeugungsakt des Denkens das
1826 3176 2758 3227 Ineuen hingegen muß man zu erfassen suchen.
2776 3206 3341 3271 und entscheibei iene Weissagun
1828 3222 2753 3280 Denn sie machen das Bild des lieben Dichters erst
2770 3243 3335 3320 das Tiessie gerührt, an Ding
1833 3265 2756 3331 so recht hell, gerade indem sie ihn uns auf jenen
2766 3295 3350 3360 sind, um ausgesprochen oder a
1835 3309 2754 3356 dunklen, einsamen und seltsam verschlungenen
2772 3344 3350 3404 werden, hier werden Empfindu
1837 3352 2717 3409 Wegen zeigen, auf denen er jetzt zu gehen liebt.
2772 3388 3320 3444 gefühlt werden können.
1868 3384 2762 3467 Da berichtet er uns „das Schicksal des Frei¬
2768 3424 3352 3484 erinnert man sich jenes orient
2761 3473 3351 3528 der die Kunst für Frevel hält,
1858 3474 2758 3549 *) „Dämmerseelen.“ Verlag von S. Fischer,
2744 3512 3352 3592 vom Schöpfer ihre Seele verlg
1818 3515 2144 3592 Berlin. 1907,
2234 3560 3351 3634 # n uugech#. ### ##. ## uset ind, Der Sulsie Der Men
