3392 4320
1176 241 1635 347 box 35/7
204 249 1044 364 3. Daennerseelen
1994 1275 2317 1363 Telephon 12.801.
1469 1404 2190 1498 „ODÖNRTER
1285 1482 2395 1542 I. österr. behördl. konz. Unter.sehmen für Zeitungs-Ausschnltte
1484 1538 2212 1619 Wien, I. Concordiaplatz 4.
1678 1586 2025 1656 Vertretungen
1293 1646 2406 1700 in Berlin, Basel, Budapest, Chicago, Cleveland, Christiania,
1290 1692 2386 1750 Geni, Kopenhagen, London, Madrid, Mailand, Minneapolis,
1285 1723 2389 1789 New-Vork, Paris, Rom, San Francisco, Stockliolm, St. Peters¬
1695 1761 1997 1818 burg, Toronto.
1600 1801 2054 1861 (Quellenangabe ohne Gewähr,
1276 1831 2473 1997 Ausschnitt Adgutsche-Monatshefte, München
1288 1940 1469 2020 vom:
1522 1964 1829 2074 B
845 2035 2307 2134 Dämmerseelen. Novellen von Arthur Schnitzler (S. Fischer,
739 2107 2300 2154 Berlin). Die fünf Novellen haben etwas Gemeinsäes: Schicksäle, die irgend¬
743 2156 2300 2221 wo in der vierten Dimension geschürzt werden; das Rätselhafte, Unbegreifliche,
740 2207 2316 2283 menschlich Unerklärliche. Damit zugleich fallen die Novellen heraus aus dem
738 2254 2310 2320 großen und reinen Reiche der Kunst, das wir Schnitzler nur ungern verlassen
749 2299 2308 2353 sehen, in die wirkungsvolle aber unreinere Sphäre artistischer Kolportage¬
741 2352 2306 2414 literatur. Oesterreichisch in jedem Wort und Tonfall, von eleganter und
740 2407 2307 2459 sicherer Ironie, ist das alles erzählt zum Entzücken: vielleicht ein Nonplusultra
738 2455 2306 2519 an leichter und spielend;: Technik der Erzählung. Nur bleibt immer ein Rest
740 2503 2307 2570 von Unbehagen, weil all diese Geschicke eigentlich tragisch sind und bloß durch
739 2536 2312 2588 den überlegen spöttischen Dortrag Schnitzlers ironisch wirken: tragisch der
738 2595 2301 2647 toggenburgisch empfindsame Freiherr, der einem Fluche, und der Baron Ump¬
735 2640 2306 2683 recht, der einer Prophezeiung als Opfer fällt; tragisch die unheilbar schwer¬
736 2683 2302 2737 mütige Vorstadtsängergeschichte; tragisch sogar der Selbstmord des Hahnreis,
729 2737 2312 2777 den sein treues Weib mit einem Negerknaben überrascht. So ist ein Zwie¬
728 2787 2345 2847 spalt zwischen Gegenstand und Dortrag, der den Reiz des kleinen Buches
724 2848 1450 2912 ausmacht und zugleich verstimmt.
