3344 4320
1097 211 1558 331 box 3577
111 239 953 347 3. Dachnerseelen
413 1049 2034 1124 WALAMTR WETOE A  MA
1438 1112 2518 1187 dat deg verwarrende mengeling tegeljjk iets belacheljjks
1443 1149 1591 1212 heckt.
1476 1179 2511 1241 Onder' der oordeelvellingen van de Duitsche kritiek
1463 1223 2517 1278 wordenPer gevonden die Dämmerseelen met het
1453 1269 2508 1309 werk vax Poe in vergeljjking brengen. Maar dat belachelij¬
380 1186 1348 1361 FEUILLETON.
1449 1301 2514 1351 ke, die; spot maakt dan toch con onderscheid wegenlij¬
1461 1345 2515 1400 ker dn in welke overeenkomst ook gevonden zou kun¬
1449 1383 2514 1436 nen worden. Als Poe de werkeljjkheid die wij zien en
693 1369 981 1463 — ———
1462 1419 2510 1467 tasten ontkent, dan doet hij dat om er ecn hoogere
1464 1466 2514 1514 voor in de piaats te stellzn, om de menscheljjke ziel
1451 1493 2388 1560 te doen zegevieren over de ruwe kracht van de
2403 1421 2507 1587 11
1459 1542 2416 1590 felijke natuur. „Wie kent de mysterièn van den
364 1502 1450 1624 Nieuwe Duitsche Boeken.
1457 1575 2507 1624 en zijn kracht. De mansch geeft zich nict over aan de
1457 1613 2504 1668 engelen, noch zeifs te cenenmale aan den dood, dan
868 1628 1248 1703 Arthur Schuitzler.
1450 1644 2226 1709 alleen door de zwakheid van zijn wil.
870 1685 1303 1744 Dämmerseclen.
1483 1689 2502 1749 Voor Schnitzler bestaat die „wil'' zoo weinig als „de
864 1725 1268 1793 Berlin, S. Fischer.
1460 1728 2502 1777 ruwe Frachten der stoffeljjke natuur“'. Het zijn alle
1455 1767 2520 1825 beide maar illusics, die jets belacheljjks krijgen door
391 1783 1446 1848 In ccn novelle van zijn Anatol-Cyelus laat Schnitzler
1454 1816 2504 1862 den doodeljjken ernst waarmiee wij er aan gelooven.
370 1843 1437 1893 de hoofdpersoon Anatol zichseiren dus kenschetsen:
1445 1841 2500 1912 Zoo bereikt hij het schijnbaar onbereikbare; cen koddi¬
359 1888 1437 1936 „Ik ben een lichtzinnig melenkolikus.?' Dat is Scimitz¬
1453 1882 2510 1939 ge gebeinnzinnigheid. Men aarzelt even om dat woord
361 1919 1438 1980 ler zeif ock; en hij wordt het hoe langer hoe meer.
1447 1924 2507 1979 „koddig'' neer te zetten, want het is niet precies.
366 1944 1446 2012 In ziin vroeger werk was behalve de luchtige spot en
1453 1966 2501 2011 Maar het is nu ccnmaal de eigenaardigheid van
368 1990 1450 2054 de dreekgeestigheid toch ook, nog ernst. Die is er al
1445 2006 2510 2057 Schnitzier’s werk — streelend voor den een, prikkelend
364 2036 1441 2086 Jang uit. „Zum grossen Nurstel'' noemt hij het laatste
1462 2046 2516 2095 voor den ander — dat het, niettegenstaande de zuive¬
366 2078 1446 2127 stukje van de „Marionnetten'' die verleden jaar ver¬
1445 2078 2510 2141 i re scherpte van den vorm, naar den inhond ontglipt
365 2103 1443 2164 schenen, en in deze rubriek besprohen werden. Het
1446 2111 2042 2181 aan alle preciese benamingen.
366 2145 1453 2206 lijkt wel of hij de hecle wereid voor zoo'n hanswors¬
1493 2132 2513 2207 Om er ##n idee van te krijgen, doet men best de
359 2191 1456 2255 ten-theater, zoo’n Jan Klaassen-spel gehonden wil heb¬
1457 2204 2514 2259 tweede novelle van dezen bundel door te lezen: Weis¬
361 2230 1453 2290 ben; hij stuurt ziin verbeeidings-gestalten uit spelen
1454 2239 1685 2292 sagung.
355 2255 1452 2326 daarin als Jantjes en Lijsjes, mal en aandoenlijk te go¬
1481 2260 2513 2328 De voorspelling is deze, gedaun door ecn kermis¬
361 2307 1444 2347 ljjk. En men kijkt er naar, geboeid door de bevallig¬
1456 2291 2514 2371 kunstenmaker aun een jongen officier, voor eon tijd¬
363 2341 1451 2406 heid en den tintelenden humor van den dialoog deer
1449 2357 2519 2398 stip tier jaar op de scconde af verwijderd van het¬
361 2380 1441 2433 de bewegingen, fiin en precies als die van ccn mees¬
2411 2390 2509 2442 cen
1462 2386 2404 2446 geen waarin de voorspelling gedaan wordt: op
365 2423 1445 2475 terlijk gevoerden strijkstok over cen viool, waarmee de
1448 2437 2508 2477 baar, midden in een van bosch omgeven weide, om¬
363 2459 1448 2510 gezegden telkens vlak langs den nitersten rand van het
1450 2468 2517 2526 ringd der een schoone, roodharige vrouw, twee jon¬
373 2495 1438 2548 ernstige, van kracht, hartstocht, leed, heenglijden, 266
1457 2501 2517 2561 gens en een klein meisje, terwijl twee jagers fakkels
363 2538 1445 2588 dat ze schijnen onvermijdelijk te zullen räken, en toch
1452 2538 2509 2586 in de hoogte houden, zal hij stervende uitgestrekt lig¬
367 2572 1447 2634 niet raken. En door zifn voldocning heen voelt men
1457 2580 2511 2639 gen. Zij wordt gedaan zonder cenige geheimzinnigheid
370 2616 1439 2670 met dat al toch cen heimelijke ergernis, cen prikke¬
1450 2623 2528 2681 in het nuchterste milieu dat zich laat bedenken: eon
364 2651 1442 2699 ling, cen wreveligheid ten slotte. In den grond is dit
1447 2667 2515 2715 kazerne, en de kazerne nog wel van ecn stom, ver¬
827 2680 1441 2746 Als „de geest die altijd ont¬
355 2691 827 2752 alles een ontkenning.
1460 2702 2517 2747 velend Oostenrijksch garnizoensplaatsje aan de Pool¬
360 2731 1445 2778 kent'' niet zulk cen groot woord was, zou men daar¬
1455 2732 2512 2795 sche grens, waar de officieren, voor uitspanming na
1339 2767 1445 2820 zijn
367 2767 1332 2811 mee willen aanduiden wat Schnitzler bezielt bij
1454 2776 2516 2829 cen lichameljjk-vermocienden dienst, nict anders heb¬
1324 2804 1443 2856 cen
370 2803 1335 2855 werk. Hij ontkent altijd alles en doct het met
1463 2808 2510 2861 ben dag kaarten en wiin. Zjj demoralisceren er, de cen
364 2848 1439 2903 lach. En niet alleen toont hij aan dat nietig en te
1456 2852 2511 2906 voor de andef na; een jonge luitenant schiet zich
373 2871 1451 2936 genenmale ijdel is wat gewoonlijk voor het allergewich¬
2415 2873 2525 2936 be¬
1459 2885 2419 2943 voor den kop, cen tweede wordt ccn drinkebroer,
361 2911 1449 2973 tigste wordt gehouden, maar met innige voldoening be¬
1455 2929 2515 2971 leedigt een goede kennis en krijgt zijn ontslag, de ka¬
367 2960 1449 3017 wiist hij dan, op den koop toc, dat iets werkelijk ge¬
1446 2961 2511 3021 pitein wordt, zonder cenige aanleiding, woedend ja¬
359 2992 1437 3056 -wichtigs in het geheel niet bestaat en dat wat wij
1452 3018 2512 3058 loersch op zijn vrouw, „zoodat hij haur op een goe¬
367 3027 1439 3088 „leven'', „werkelijkheid'' enz. plegen te nocmen, niet
1446 3041 2518 3102 den dag het venster uitgooide; de vrouw bleef, — on¬
364 3079 1439 3136 meer is dan een vluchtige begoocheling van onze go¬
1441 3070 2501 3148 begrispeljjk — héel en gezond, de man stierf in 't gek¬
372 3112 1450 3161 dachte, en het onderscheid tusschen schijn er wezen
1451 3126 2506 3180 kenhuis'. Als toppunt van de ellende, waartoe verve¬
371 3144 1444 3210 dat wij maken cen gehcel en al denkbecldig en willekeurig
2036 3167 2507 3218 — cen goede jongen, be¬
1450 3159 2049 3216 ling een mensch brengen, kan -
373 3192 1443 3237 aangenomen iets. Dit laatste bock Dämmersce¬
1442 3204 2499 3256 mind bij al Zjn kornuiten, maar buitengewoon dom,
374 3228 1446 3282 len geeft de uiterste consequenties vun die gedachte.
1449 3236 2517 3302 dacht ideens dat hij aanleg voor philosophie had en
374 3269 1451 3312 Het zet het allergewconste dageljjksche bestaan onmid¬
1455 3278 2505 3335 ging Kant en Hegel van buiten leeren en opzeggen.
360 3297 1450 3349 dellijk naast het mysterie, ncen, niet er nanst, magr
1466 3318 2513 3371 De officier wien de voorspelling gedaau wordt, von
366 3356 1451 3399 er in, er door heen, z00 dat het niet mcer mogeljjk is
1453 3365 2513 3420 Umprecht, weet van verveling niet anders te doen dan
363 3386 2392 3448 te scheiden of te onderscheiden; en op zulk ceu wijze maar ou bed te gaau liggen sigaretten rocken.
2545 1119 3295 1178 Saaier en nuchterder kan het al niet.
2526 1151 3295 1210 bij elkaar zitten aan de „regimientstafel'
2523 1188 3303 1241 poraal „du jeur'' en meldt den goochel
2534 1230 3306 1283 ten minste cen afleiding! De goochela
2520 1272 3292 1320 Joodje, met een „bespotteljjkerelegance'
2531 1314 3280 1364 ecnige kunstjjes, waardoor den heeren
2531 1342 3305 1400 vergaat, en dan de bedoelde voorspelling.
2529 1392 3298 1437 niet uit: maar terwijl hij von Umprecht
2532 1424 3291 1476 houdt, op de binnenplaats der kazerne,
2523 1474 3295 1512 nen en muren rondom verdwijnen en in
2529 1505 3298 1558 duideljjkheid, de schemerige boschweide,
2532 1544 3298 1594 tien jaar ouder, met een zwaren baard
2534 1582 3293 1633 hoofd ecn littecken, stervende op een
2522 1617 3309 1672 maar ccn seconde. Bjjna geen breuk hee
2525 1660 3307 1708 in het nuchtere kazerne-leven van elken
2528 1697 3305 1747 list weer begint en voortgant als alt
2521 1737 3307 1789 Umsprecht heeft er ecn indruk van gek#
2529 1774 3311 1822 niet meer vergeet. Het heeft ecn. wat####
2531 1818 3303 1860 nocmen, negatieven invloed op zijn leve
2528 1855 3310 1903 alles vermijden wat zou kunnen leiden t
2523 1894 3302 1946 van het vizioen. Hij trouwt met cen mei
2522 1925 3302 1978 bruin haar heeft, in stee van het roode,
2526 1969 3300 2029 baar wechende had; hij gaat den dienst
2533 2003 3302 2056 geljjkheid van vechten en litteekens opl
2529 2049 3313 2104 weg, hij koopt een landgoed waarin nerg##
2520 2087 3292 2154 bekennen valt op die weide midden in
2530 2127 2661 2187 kend.
2562 2148 3309 2230 Tot op het laatste oogenblik kan hij o
2527 2211 3304 2261 hij zijn lot ontgaan zal, „dat niets hem
2529 2251 3293 2302 September 1868, om tien uur '8 avonds
2533 2277 3252 2332 bruinen baard op een baar te liggen.?
2527 2327 3318 2373 Echter niet in ernst, en als afloop van
2533 2370 3302 2414 maar omdat er door liefhebber) komedie
2540 2407 3310 2454 op ecn buitengoed, en hij in die komedi
2523 2443 3308 2501 vult, oorspronkelijk voor cen ander besten
2520 2482 3304 2535 zelfde baar eindigt. Iljj heeft verlangd ze
2530 2526 3301 2569 200 van de profetie cen schertäste maken
2530 2565 3191 2628 blik der vervulling zelf. De meesp
2518 2600 3184 2665 rig jong meisje, ziin eigen zoontje
2522 2641 3193 2699 ders, staan om hem heen, derschr
2534 2678 3249 2728 wien von Imprecht zijn geschiedenis
2521 2719 3288 2758 ziet naar de grocp, en naar den man 0
2530 2739 3309 2802 vergeet de woorden van zijn roltelzegge
2525 2793 3309 2845 les in oprocr. Hetroodharige meisje slaat
2522 2833 3317 2876 de handen voor gezicht, fan den bo
2525 2873 3312 2942 verschrikt twec fakkeldragers töegeloopen.
2525 2916 2728 2970 is dood. —
2547 2929 3307 2995 „Misschien was het de dwaze jdelheid
2527 2989 3316 3041 als de voltrekker van een ous regeeren
2525 3027 3304 3088 schrijver van het tooneelstukjeswaarin Un
2521 3056 3311 3110 baar in spel, als later blijkt iwernst, den
2515 3098 3317 3166 den, spreekt die woorden uit. Maar de se
2523 3140 3305 3205 schrijver, Schnitzler zelf, zorgt door de i
2521 3178 3308 3251 van zije voorstelling dat de ggedachte
2533 3203 3310 3279 „wil' niet cens op kan komen— of het
2509 3250 3313 3320 bij wiize van absurditeit. 266 ds hij ons h
2511 3307 3303 3350 stelt, is er ccn goochelaar, eo# schim in
2516 3329 3311 3386 cen jongenman in het gebruiksdierzelfden
2499 3371 3309 3452 matig geoefend, en een beroete op een
2758 4099 3094 4165 M A
