3344 4384
126 339 1563 435 3. Daennerseelen box 357
1003 913 1402 1002 Telephon 12801.
240 1106 335 1173 *
335 1092 1395 1193 Ans Wenenehng
254 1173 1402 1245 □ l. österr. bebördl. konz. Unternehmen für Zeitungs-Ausschnitte
409 1231 1306 1341 Wien, I., Concordiaplatz 4.
653 1320 1087 1378 Vertretungen
276 1367 1397 1427 0 in Berlin, Budapest, Chicago, Christiania, Genf, Kopen¬
241 1407 1408 1465 hagen, London, Madrid, Mailand, Minneapolis, New-Vork,
350 1445 1379 1501 Paris, Rom, San Francisco, Stockholm, St. Petersburg.
672 1486 1076 1546 (Quellenangabe ehne Gevtm.
255 1539 636 1630 Ausschnitt
929 1566 1343 1668 Fresnondent
258 1615 328 1666 355
488 1580 927 1678 zampepher C
246 1660 488 1722 E vom:
717 1790 1056 1850 Dämmerseelen.
468 1822 1308 1897 Novellen von Arthur Schnitzler.
608 1869 1072 1935 S. Fischer Verlag,
421 1885 1439 1956 Das neue Schnitzlerbändchen bifek dem Leser
353 1946 1450 2006 fünf Novellen. Oder eigentlich novellistische Skizzen.
351 1987 1441 2033 Nicht nur die Seelen sein= Helden und Heldinnen,
349 2043 1440 2083 auch die Handlungen und Geschehnisse hüllt der Dich¬
352 2065 1441 2112 ter in ein Dämmerlicht, das uns unmöglich macht,
347 2100 1442 2153 sie klar und bestimmt zu erkennen. Das ist natürlich
355 2151 1435 2192 künstlerische Absicht, stimmt durchaus zu dem Geist,
353 2181 1438 2236 aus dem die fünf Sachen entstanden und in dem sie
352 2206 1452 2281 zu genießen sind. Aber es gibt der Darstellung eben
349 2254 1449 2311 etwas skizzenhaftes, läßt manches nur andeutungs¬
358 2288 1440 2344 weise ahnen, was in einer abgerundeten Novelle
353 2326 1447 2378 breit und deutlich erzählt werden müßte. Hier offen¬
360 2368 1449 2423 bart sich der Unterschied zwischen dem Neoromantizis¬
361 2408 1451 2469 mus Schnitzlers und der Romantik E. T. A. Hoff¬
352 2457 1445 2503 manns. Hoffmann glaubt an die Geisterwelt, die
351 2484 1440 2529 seine Phantasie heraufbeschwört. Für ihn ist all der
358 2529 1445 2572 tolle Spuk Wirklichkeit, die man mit Händen greifen
357 2562 1443 2617 kann. Schnitzler ist viel zu modern oder steht doch
351 2592 1441 2650 wenigstens zu sehr unter dem Bann moderner Skep¬
350 2640 1444 2693 fis, als daß er die Faßbarkeit einer unsichtbaren Welt
357 2668 1439 2734 zuzugeben den Mut hätte. Er läßt uns nur wie hin¬
360 2717 1445 2775 ter dichten Schleiern eine außer=, um nicht zu sagen
352 2750 1443 2805 übermenschliche Sphäre ahnen, aus der unbegreif¬
355 2803 1448 2851 liche Mächte in die wirkliche Welt herüberlangen und
348 2831 1437 2892 in das Schicksal der Menschen eingreifen. Tückisch,
357 2865 1448 2922 boshaft, vernichtend eingreifen. Er scheint sich da mit
363 2913 1436 2967 Edgar Allan Poe zu berühren und er hat möglicher¬
354 2950 1443 3005 weise die Anregung zu diesen Geschichten von dem
349 2987 1436 3036 genialen Amerikaner bekommen. Aber sieht man
357 3016 1443 3073 näher zu, so merkt man, daß er sich auch von Poe
348 3056 1441 3118 wesentlich unterscheidet. Denn Poe glaubt ernsthaft
347 3100 1433 3153 an diese unbegreiflichen Mächte, deren Wirken die
357 3134 1445 3196 natürliche, berechenbare Kausalität der Ereignisse
347 3170 1442 3222 ausschließt und der modernen materialistischen und
357 3210 1446 3272 monistischen Weltanschauung Hohn spricht. Schnitzler
347 3269 1439 3309 aber zweifelt nicht wirklich an dieser Kausalität, er
351 3287 1450 3346 spielt nur mit diesem Zweifel, er verwertet ihn als
349 3330 1446 3380 ästhetisches Mittel. Seine Novellen wollen nicht
358 3370 1441 3419 überzeugen, nicht glauben machen. Sie wirken wie
361 3402 1445 3463 feine, graziöse Vexierkünste. Sie führen, wie man
360 3455 1433 3496 nicht ohne Grund gesagt hat, vielleicht eine Idee,
356 3480 1442 3536 sicher aber den harmlosen Leser ad absurdum. Wer
358 3526 1444 3574 dem Erzähler mit feineren Ohren lauscht, hört durch
356 3563 1438 3614 den verschleierten Ton, mit dem dieser die unheim¬
350 3589 1447 3653 lichen Dinge erzählt, immer wieder leisen Spott und
1153 3632 1439 3684 Und diese
350 3637 1155 3701 verhaltenes Kichern hindurchklingen.
361 3680 1446 3724 eigenartige Mischung gibt dem Buch auch gerade seine
358 3718 1438 3770 besondere Würze und seinen undefinierbaren Duft des
361 3753 1444 3817 Aparten, die es zu einer fesselnden Lektüre für Fein¬
1300 3790 1351 3841 N
358 3796 733 3868 schmecke machen.
2482 1560 2876 1645 Telephon 12801.
1726 1724 2860 1823 P An WBTTSn
1734 1818 2865 1865 O l. österr. behördl. konz. Unternehmen für Zeitungs-Ausschnitte
1739 1853 1815 1908 6
1887 1867 2764 1953 Wien, I., Concordiaplatz 4.
2120 1934 2550 2012 Vertretungen
1757 2000 2868 2064 □ in Berlin, Budapest, Chicago, Christiania, Genf, Kopen¬
1717 2032 2867 2099 hagen, London, Madrid, Mailand, Minneapolis, New-Vork,
1827 2073 2841 2136 Paris, Rom, San Francisco, Stockholm, St. Petersburg.
2127 2116 2528 2173 (Quellenangabe ohne Gewähr.)
1741 2153 2845 2242 Ausschnittlauseiger für Hamburg-Altons
1729 2200 1818 2276 8
2203 2224 2506 2305 Hamburg
1715 2269 1941 2328 E vom:
2148 2355 2487 2429 Dämmerseelen.
1674 2408 2978 2493 Novellen von Artyux Schuitler.S. Fischer, Verlag, Berlin 1907.
1722 2458 2977 2523 Geschickbestimmend ist in allen fünf Novellen (Das Schicksal des
1685 2493 2965 2560 Freiherrn von Leisenbohg, Die Weissagung, Das neue Lied, Die
1678 2554 2968 2598 Fremde, Andreas Thameyers letzter Brief) etwas Außermenschliches.
1689 2580 2967 2628 Eine Macht greift hinein — wer will ihr wahres Gesicht bezeichnen?
1725 2610 2977 2679 die über der gemeinen Realität steht. Ein Fluch hat unheimliche
1678 2674 2969 2717 Wirkungen. Eine Prophezeiung bestimmt Zeit und Art des Endes,
1691 2695 2977 2761 das ein Menschenleben nimmt. Unheimliche Worte eines Halbirren
1684 2741 2961 2782 werden zur gräusigen Macht. Vergangene Tage zerstören, was kaum
1683 2763 2969 2841 gebaut wurde. Jemand stirbt freiwillig — im Glauben an das Außer¬
1692 2804 2971 2863 natürliche — für die Treue seines Weibes. So sind diese Novellen
1684 2845 2969 2904 Variationen eines Themas. Alle haben trotz der großen Verschieden¬
1683 2897 2976 2953 artigkeit des Charakters der Abwandlung die völlig gleiche durch¬
1685 2926 2982 2989 klingende Grundlage. Alle schließen mit der gleichen Wendung. Die
1695 2979 2978 3030 außermenschliche Macht erhält ihr Opfer, gleichviel ob freiwillig oder
1697 3020 1916 3073 erzwungen.
1741 3036 2972 3092 Der Autor aber verbirgt geschickt sein Gesicht. Zweifelt oder glaubt
1694 3066 2981 3134 er? Will er spotten oder predigen? Will er uns lachen oder grübeln
1693 3113 2972 3175 machen? Oder will er nicht das Eine oder das Andere, sondern stets
1699 3161 2976 3216 mit ihm? Vieldeutig für die Töne. Jeder wird und mag ein An¬
1692 3196 2984 3262 deres hinein hören. Keiner wird sich dem Eindruck des glänzenden
1700 3235 2972 3300 Spiels entziehen können. Ein Virtuose läßt sich vernehmen, der
1695 3274 2525 3323 das Instrument mit sicherer Hand meistert.
1744 3298 2977 3362 Freilich, das Staunen wird größer sein als das innere Erleben,
1699 3345 2980 3402 die Bewunderung sich vor den Eindruck schieben. Erst auf Umwegen
1686 3386 2971 3449 läßt sich diesmal die Höheerklimmen, auf die wir sonst in einem Nu¬
1746 3415 3001 3488 wer konnte sagen, durch welche Zaubermittel? — versetzt waren
1683 3469 2182 3543 wenn Schnitzler erzählte.
1712 3502 2350 3588 Ersteigbar ist sie auch diesmal.
