<?xml version="1.0" encoding="UTF-8" standalone="yes"?>
<PcGts xmlns="http://schema.primaresearch.org/PAGE/gts/pagecontent/2013-07-15" xmlns:xsi="http://www.w3.org/2001/XMLSchema-instance" xsi:schemaLocation="http://schema.primaresearch.org/PAGE/gts/pagecontent/2013-07-15 http://schema.primaresearch.org/PAGE/gts/pagecontent/2013-07-15/pagecontent.xsd">
    <Metadata>
        <Creator>prov=University of Rostock/Institute of Mathematics/CITlab/Gundram Leifert/gundram.leifert@uni-rostock.de:name=ONB_Newseye_GT_M1+(htr_id=10810)::::v=2.4.2
prov=University of Rostock/Institute of Mathematics/CITlab/Tobias Gruening/tobias.gruening@uni-rostock.de:name=de.uros.citlab.module.baseline2polygon.B2PSeamMultiOriented:v=2.4.2
prov=University of Rostock/Institute of Mathematics/CITlab/Tobias Gruening/tobias.gruening@uni-rostock.de:name=/mnt/transkribus/LA/DEA/URO/LA_news_onb_att.pb:de.uros.citlab.segmentation.CITlab_LA_ML:v=2.4.2
Transkribus</Creator>
        <Created>2019-10-07T13:52:31.052+02:00</Created>
        <LastChange>2019-10-08T23:44:59.906+02:00</LastChange>
        <TranskribusMetadata docId="224103" pageId="9510827" pageNr="30" tsid="16616563" status="IN_PROGRESS" userId="40391" imgUrl="https://files.transkribus.eu/Get?id=JFNXBULIOWRFGZQMMPAEVEBM&amp;fileType=view" xmlUrl="https://files.transkribus.eu/Get?id=EKINDKVJVPOAUDAYISPXTHQH" imageId="6199351"/>
    </Metadata>
    <Page imageFilename="224103_0030.jpeg" imageWidth="3344" imageHeight="4352">
        <ReadingOrder>
            <OrderedGroup id="ro_1711444109149" caption="Regions reading order">
                <RegionRefIndexed index="0" regionRef="r1"/>
                <RegionRefIndexed index="1" regionRef="r2"/>
            </OrderedGroup>
        </ReadingOrder>
        <TextRegion orientation="0.0" id="r1" custom="readingOrder {index:0;}">
            <Coords points="304,289 304,4246 1720,4246 1720,289"/>
            <TextLine id="r1l1" custom="readingOrder {index:0;}">
                <Coords points="1456,326 1535,329 1577,320 1598,331 1628,324 1691,331 1691,276 1677,278 1659,267 1582,287 1557,276 1547,285 1522,284 1505,273 1480,285 1455,279"/>
                <Baseline points="1465,315 1492,314 1519,313 1546,313 1574,313 1601,313 1628,313 1655,314 1683,313"/>
                <TextEquiv>
                    <Unicode>Pren.</Unicode>
                </TextEquiv>
            </TextLine>
            <TextLine id="r1l2" custom="readingOrder {index:1;}">
                <Coords points="358,322 439,326 460,318 476,330 543,330 557,325 556,281 522,280 508,291 441,290 413,300 390,292 357,299"/>
                <Baseline points="366,318 392,317 418,316 444,315 470,314 496,314 522,314 548,314"/>
                <TextEquiv>
                    <Unicode>N. 00T</Unicode>
                </TextEquiv>
            </TextLine>
            <TextLine id="r1l3" custom="readingOrder {index:2;}">
                <Coords points="797,357 1143,358 1145,291 1088,273 948,285 905,273 892,285 847,276 799,287"/>
                <Baseline points="806,314 831,317 856,318 881,319 907,319 932,319 957,319 983,319 1008,319 1033,320 1059,321 1084,323 1109,327 1135,332"/>
                <TextEquiv>
                    <Unicode>Wien, Sonntag</Unicode>
                </TextEquiv>
            </TextLine>
            <TextLine id="r1l4" custom="readingOrder {index:3;}">
                <Coords points="621,422 1093,427 1165,453 1437,440 1438,405 1380,366 1336,383 1282,361 1093,359 1007,388 870,356 622,368"/>
                <Baseline points="630,415 669,415 709,415 749,415 789,415 829,416 869,416 909,417 949,418 989,418 1029,419 1068,420 1108,420 1148,421 1188,422 1228,422 1268,422 1308,422 1348,422 1388,421 1428,421"/>
                <TextEquiv>
                    <Unicode>Die Bücher des Jahres.</Unicode>
                </TextEquiv>
            </TextLine>
            <TextLine id="r1l5" custom="readingOrder {index:4;}">
                <Coords points="419,474 1530,503 1713,488 1714,441 419,439"/>
                <Baseline points="428,474 491,476 555,478 619,479 683,481 747,482 810,483 874,484 938,484 1002,485 1066,485 1129,485 1193,485 1257,485 1321,485 1385,485 1448,485 1512,485 1576,485 1640,485 1704,485"/>
                <TextEquiv>
                    <Unicode>Der Weihnachtstisch wird, bald gerüstet werden und dann liegt</Unicode>
                </TextEquiv>
            </TextLine>
            <TextLine id="r1l6" custom="readingOrder {index:5;}">
                <Coords points="299,510 1085,556 1717,530 1717,492 1615,484 299,491"/>
                <Baseline points="307,526 377,526 447,527 517,528 587,528 657,529 727,530 797,531 867,531 937,532 1007,532 1077,533 1147,533 1217,534 1287,534 1357,534 1427,535 1497,535 1567,534 1637,534 1708,534"/>
                <TextEquiv>
                    <Unicode>wieder ein Jahr hinter uns. In der ersten Reihe dessen, was geschenkt</Unicode>
                </TextEquiv>
            </TextLine>
            <TextLine id="r1l7" custom="readingOrder {index:6;}">
                <Coords points="312,579 1646,595 1713,583 1713,539 312,546"/>
                <Baseline points="321,576 390,577 459,577 528,577 597,578 666,578 735,579 805,579 874,580 943,580 1012,580 1081,581 1150,581 1219,581 1289,581 1358,581 1427,581 1496,580 1565,580 1634,579 1704,578"/>
                <TextEquiv>
                    <Unicode>wird, stehen wieder Bücher. Vielleicht, weil in den letzten Jahren an</Unicode>
                </TextEquiv>
            </TextLine>
            <TextLine id="r1l8" custom="readingOrder {index:7;}">
                <Coords points="302,615 1709,634 1671,583 302,576"/>
                <Baseline points="311,624 380,624 449,624 519,624 588,625 658,625 727,626 797,626 866,627 936,627 1005,628 1074,628 1144,628 1213,629 1283,629 1352,629 1422,629 1491,628 1561,628 1630,627 1700,626"/>
                <TextEquiv>
                    <Unicode>Buchausstattung das Höchste geleistet wurde, denn einen „Schlager",</Unicode>
                </TextEquiv>
            </TextLine>
            <TextLine id="r1l9" custom="readingOrder {index:8;}">
                <Coords points="312,676 1711,687 1711,632 313,629"/>
                <Baseline points="321,672 390,672 459,672 528,673 597,673 666,674 735,674 804,675 873,675 942,676 1011,676 1080,677 1149,677 1218,677 1287,677 1356,677 1425,677 1494,677 1563,676 1632,675 1702,674"/>
                <TextEquiv>
                    <Unicode>nach dem alle griffen, hat das zu Ende gehende Jahr, wie Herr</Unicode>
                </TextEquiv>
            </TextLine>
            <TextLine id="r1l10" custom="readingOrder {index:9;}">
                <Coords points="309,724 1704,724 1704,680 310,676"/>
                <Baseline points="319,720 387,720 456,720 525,720 594,721 663,721 732,722 800,723 869,723 938,724 1007,724 1076,725 1145,725 1214,725 1282,725 1351,725 1420,724 1489,724 1558,723 1627,721 1696,719"/>
                <TextEquiv>
                    <Unicode>Kommerzialrat Müller, der Chef der Firma R. Lechner, uns mit¬</Unicode>
                </TextEquiv>
            </TextLine>
            <TextLine id="r1l11" custom="readingOrder {index:10;}">
                <Coords points="304,770 1713,776 1622,728 305,740"/>
                <Baseline points="313,770 382,769 452,769 521,770 591,770 660,770 730,771 799,771 869,772 938,773 1008,773 1078,774 1147,774 1217,775 1286,775 1356,775 1425,775 1495,775 1564,774 1634,773 1704,771"/>
                <TextEquiv>
                    <Unicode>teilt, nicht gebracht. Doch wurden zahlreiche Werke häufig und gerne</Unicode>
                </TextEquiv>
            </TextLine>
            <TextLine id="r1l12" custom="readingOrder {index:11;}">
                <Coords points="307,824 1626,836 1705,831 1705,776 307,792"/>
                <Baseline points="316,821 385,820 454,820 523,819 592,819 661,819 730,819 799,819 868,819 937,820 1006,820 1075,820 1144,820 1213,821 1282,821 1351,821 1420,821 1489,821 1558,821 1627,821 1696,820"/>
                <TextEquiv>
                    <Unicode>gekauft. In den Reihen der Lieblinge des Lesepublikums nehmen nach</Unicode>
                </TextEquiv>
            </TextLine>
            <TextLine id="r1l13" custom="readingOrder {index:12;}">
                <Coords points="316,868 1715,882 1715,841 1574,823 316,831"/>
                <Baseline points="325,866 394,866 463,867 532,867 601,868 670,868 739,869 808,869 877,869 946,869 1015,869 1084,869 1153,869 1222,869 1291,869 1360,869 1429,869 1498,869 1567,870 1636,870 1706,870"/>
                <TextEquiv>
                    <Unicode>den Angaben des Herrn Kommerzialrates Müller die „Alten“ noch</Unicode>
                </TextEquiv>
            </TextLine>
            <TextLine id="r1l14" custom="readingOrder {index:13;}">
                <Coords points="306,900 1715,923 1665,874 306,875"/>
                <Baseline points="315,914 384,914 454,914 523,914 593,914 662,915 732,915 801,916 871,917 940,917 1010,918 1080,919 1149,919 1219,920 1288,920 1358,920 1427,919 1497,919 1566,918 1636,917 1706,915"/>
                <TextEquiv>
                    <Unicode>immer einen breiten Raum ein. Da ist Heyse mit seinem neuesten</Unicode>
                </TextEquiv>
            </TextLine>
            <TextLine id="r1l15" custom="readingOrder {index:14;}">
                <Coords points="313,964 1676,984 1710,922 313,915"/>
                <Baseline points="321,962 393,961 466,961 538,961 611,962 683,962 756,963 829,964 901,965 974,966 1046,967 1119,968 1191,968 1264,969 1337,969 1409,968 1482,968 1554,967 1627,965 1700,963"/>
                <TextEquiv>
                    <Unicode>Werke „Gegen den Strom", Rosegger, dessen „Försterbuben“</Unicode>
                </TextEquiv>
            </TextLine>
            <TextLine id="r1l16" custom="readingOrder {index:15;}">
                <Coords points="301,1009 1712,1013 1611,972 301,969"/>
                <Baseline points="309,1008 378,1009 448,1009 518,1010 587,1010 657,1011 727,1011 796,1012 866,1013 936,1013 1006,1014 1075,1014 1145,1015 1215,1015 1284,1015 1354,1015 1424,1015 1493,1015 1563,1015 1633,1014 1703,1013"/>
                <TextEquiv>
                    <Unicode>in wenigen Wochen viele Freunde fanden, Wilbrandt, der junge</Unicode>
                </TextEquiv>
            </TextLine>
            <TextLine id="r1l17" custom="readingOrder {index:16;}">
                <Coords points="306,1061 1711,1068 1711,1013 306,1011"/>
                <Baseline points="315,1058 384,1059 453,1060 523,1061 592,1061 661,1062 731,1062 800,1063 869,1063 939,1063 1008,1063 1077,1063 1147,1062 1216,1062 1285,1062 1355,1061 1424,1061 1493,1061 1563,1060 1632,1060 1702,1059"/>
                <TextEquiv>
                    <Unicode>Siebzigjährige, mit den „Sommerjäden" und Wildenbruch mit</Unicode>
                </TextEquiv>
            </TextLine>
            <TextLine id="r1l18" custom="readingOrder {index:17;}">
                <Coords points="312,1126 1661,1122 1709,1068 312,1088"/>
                <Baseline points="321,1109 393,1108 466,1108 538,1108 611,1108 683,1109 756,1109 829,1109 901,1109 974,1110 1046,1110 1119,1110 1191,1111 1264,1111 1337,1111 1409,1111 1482,1111 1554,1110 1627,1110 1700,1109"/>
                <TextEquiv>
                    <Unicode>„Lukrezia: Eine Aufzählung der übrigen literarischen Erfolge des ab¬</Unicode>
                </TextEquiv>
            </TextLine>
            <TextLine id="r1l19" custom="readingOrder {index:18;}">
                <Coords points="312,1166 1715,1176 1716,1111 312,1127"/>
                <Baseline points="320,1155 389,1155 458,1155 527,1155 597,1155 666,1156 735,1156 805,1157 874,1157 943,1158 1013,1158 1082,1159 1151,1159 1220,1159 1290,1159 1359,1160 1428,1160 1498,1159 1567,1159 1636,1159 1706,1158"/>
                <TextEquiv>
                    <Unicode>gelaufenen Jahres gibt eine Uebersicht von den himmelweiten Abständen,</Unicode>
                </TextEquiv>
            </TextLine>
            <TextLine id="r1l20" custom="readingOrder {index:19;}">
                <Coords points="300,1195 1709,1219 1672,1162 300,1165"/>
                <Baseline points="309,1204 378,1204 448,1204 517,1205 587,1205 656,1205 726,1205 795,1206 865,1206 934,1206 1004,1206 1074,1206 1143,1206 1213,1207 1282,1207 1352,1207 1421,1207 1491,1207 1560,1206 1630,1206 1700,1206"/>
                <TextEquiv>
                    <Unicode>die zwischen den Geschmacksrichtungen des Lesepublikums herrschen.</Unicode>
                </TextEquiv>
            </TextLine>
            <TextLine id="r1l21" custom="readingOrder {index:20;}">
                <Coords points="295,1251 1707,1263 1707,1216 1646,1212 295,1211"/>
                <Baseline points="304,1251 373,1252 443,1252 513,1253 582,1254 652,1254 722,1255 791,1255 861,1256 931,1256 1001,1257 1070,1257 1140,1257 1210,1258 1279,1258 1349,1257 1419,1257 1488,1257 1558,1256 1628,1255 1698,1254"/>
                <TextEquiv>
                    <Unicode>Neben Hermann Hesse („Diesseits") steb: da Stilgebauer, der</Unicode>
                </TextEquiv>
            </TextLine>
            <TextLine id="r1l22" custom="readingOrder {index:21;}">
                <Coords points="311,1308 1711,1308 1711,1271 1556,1257 311,1262"/>
                <Baseline points="319,1298 388,1298 457,1299 526,1299 595,1300 664,1300 733,1301 803,1302 872,1302 941,1302 1010,1303 1079,1303 1148,1303 1217,1303 1287,1303 1356,1303 1425,1303 1494,1303 1563,1302 1632,1301 1702,1300"/>
                <TextEquiv>
                    <Unicode>einen Roman „Der Börsenkönig“ geschrieben hat. „Absolvo te“ der</Unicode>
                </TextEquiv>
            </TextLine>
            <TextLine id="r1l23" custom="readingOrder {index:22;}">
                <Coords points="303,1347 1707,1362 1707,1309 304,1312"/>
                <Baseline points="313,1345 382,1346 451,1347 520,1347 590,1348 659,1349 728,1349 797,1350 867,1350 936,1351 1005,1351 1074,1352 1144,1352 1213,1352 1282,1352 1351,1352 1421,1352 1490,1352 1559,1352 1628,1351 1698,1351"/>
                <TextEquiv>
                    <Unicode>Viebig hat Aufsehen erregt, aber auch der neueste Roman der</Unicode>
                </TextEquiv>
            </TextLine>
            <TextLine id="r1l24" custom="readingOrder {index:23;}">
                <Coords points="309,1393 1623,1420 1710,1415 1711,1358 309,1359"/>
                <Baseline points="317,1394 386,1394 455,1394 524,1395 594,1396 663,1396 732,1397 801,1397 871,1398 940,1399 1009,1399 1078,1400 1148,1400 1217,1401 1286,1401 1355,1401 1425,1401 1494,1401 1563,1400 1632,1400 1702,1399"/>
                <TextEquiv>
                    <Unicode>Heimburg („Wie auch wir vergeben“) und ein Werk der Gräfin</Unicode>
                </TextEquiv>
            </TextLine>
            <TextLine id="r1l25" custom="readingOrder {index:24;}">
                <Coords points="309,1444 1716,1451 1694,1407 309,1399"/>
                <Baseline points="319,1443 388,1445 457,1446 527,1447 596,1447 666,1448 735,1448 805,1448 874,1448 944,1448 1013,1448 1082,1448 1152,1448 1221,1447 1291,1447 1360,1447 1430,1447 1499,1447 1569,1448 1638,1448 1708,1449"/>
                <TextEquiv>
                    <Unicode>Salburg („Wilhelm Friedhoff“) blieben keineswegs unlemerkt. Noch eine</Unicode>
                </TextEquiv>
            </TextLine>
            <TextLine id="r1l26" custom="readingOrder {index:25;}">
                <Coords points="305,1502 1724,1503 1687,1453 305,1456"/>
                <Baseline points="313,1490 383,1490 453,1490 523,1490 593,1491 663,1491 733,1492 804,1492 874,1493 944,1493 1014,1494 1084,1494 1154,1495 1224,1495 1295,1496 1365,1496 1435,1496 1505,1496 1575,1496 1645,1496 1716,1496"/>
                <TextEquiv>
                    <Unicode>vierte schreibende Frau Riccarda Huch hat mit ihrem „Karupf um Rom viel</Unicode>
                </TextEquiv>
            </TextLine>
            <TextLine id="r1l27" custom="readingOrder {index:26;}">
                <Coords points="303,1538 1725,1564 1726,1502 303,1522"/>
                <Baseline points="311,1542 381,1543 451,1543 521,1544 592,1545 662,1545 732,1545 802,1545 873,1545 943,1545 1013,1545 1083,1545 1154,1545 1224,1545 1294,1545 1364,1545 1435,1545 1505,1546 1575,1546 1645,1547 1716,1548"/>
                <TextEquiv>
                    <Unicode>Erfolg geerntet. Dann sind noch Adlersfeld =Ballestrem</Unicode>
                </TextEquiv>
            </TextLine>
            <TextLine id="r1l28" custom="readingOrder {index:27;}">
                <Coords points="304,1595 1711,1624 1724,1573 304,1551"/>
                <Baseline points="313,1592 383,1592 453,1592 523,1593 593,1593 663,1593 733,1594 803,1594 873,1594 943,1594 1013,1595 1083,1595 1153,1595 1223,1596 1293,1596 1363,1596 1433,1597 1503,1597 1573,1597 1643,1598 1714,1598"/>
                <TextEquiv>
                    <Unicode>(„Diplomatenränke“ und „Maria Schnee“), Greinz („Das stille</Unicode>
                </TextEquiv>
            </TextLine>
            <TextLine id="r1l29" custom="readingOrder {index:28;}">
                <Coords points="303,1643 1661,1663 1716,1611 303,1595"/>
                <Baseline points="312,1641 381,1641 451,1640 521,1640 590,1640 660,1640 730,1641 799,1641 869,1642 939,1642 1009,1643 1078,1643 1148,1644 1218,1644 1287,1645 1357,1646 1427,1646 1496,1647 1566,1647 1636,1647 1706,1647"/>
                <TextEquiv>
                    <Unicode>Nest“), Ompteda („Wie am ersten Tag"), Wolff („Wildfarg¬</Unicode>
                </TextEquiv>
            </TextLine>
            <TextLine id="r1l30" custom="readingOrder {index:29;}">
                <Coords points="300,1691 1716,1710 1716,1659 1565,1650 300,1672"/>
                <Baseline points="310,1692 379,1692 449,1692 519,1692 589,1692 659,1692 729,1692 799,1692 869,1692 939,1692 1009,1693 1078,1693 1148,1693 1218,1693 1288,1694 1358,1694 1428,1694 1498,1694 1568,1694 1638,1695 1708,1695"/>
                <TextEquiv>
                    <Unicode>recht") und Zahn („Lukas Hochstraßers Haus") auf der Liste ver¬</Unicode>
                </TextEquiv>
            </TextLine>
            <TextLine id="r1l31" custom="readingOrder {index:30;}">
                <Coords points="309,1750 1712,1740 1498,1691 309,1704"/>
                <Baseline points="318,1737 387,1737 456,1737 525,1738 595,1738 664,1738 733,1739 803,1739 872,1739 941,1740 1011,1740 1080,1741 1149,1741 1218,1741 1288,1742 1357,1742 1426,1743 1496,1743 1565,1743 1634,1744 1704,1744"/>
                <TextEquiv>
                    <Unicode>treten. Wer sich aber durch diesen Haufen von Romanen glücklich durch¬</Unicode>
                </TextEquiv>
            </TextLine>
            <TextLine id="r1l32" custom="readingOrder {index:31;}">
                <Coords points="305,1791 1670,1808 1722,1752 306,1745"/>
                <Baseline points="314,1784 383,1784 453,1784 523,1785 593,1785 663,1786 733,1787 803,1788 873,1789 943,1790 1013,1790 1082,1791 1152,1792 1222,1792 1292,1793 1362,1793 1432,1792 1502,1792 1572,1791 1642,1789 1712,1788"/>
                <TextEquiv>
                    <Unicode>gearbeitet hat, der greift dann sicherlich nach dem Neuesten, was</Unicode>
                </TextEquiv>
            </TextLine>
            <TextLine id="r1l33" custom="readingOrder {index:32;}">
                <Coords points="303,1835 1716,1857 1633,1795 304,1805"/>
                <Baseline points="312,1829 381,1830 451,1830 521,1831 591,1832 660,1833 730,1834 800,1835 870,1836 939,1837 1009,1838 1079,1838 1149,1839 1218,1839 1288,1840 1358,1840 1428,1840 1497,1840 1567,1839 1637,1838 1707,1838"/>
                <TextEquiv>
                    <Unicode>Chiavacci, Pötzl und Stüber=Günther gespendet haben.</Unicode>
                </TextEquiv>
            </TextLine>
            <TextLine id="r1l34" custom="readingOrder {index:33;}">
                <Coords points="298,1892 1719,1892 1572,1836 298,1855"/>
                <Baseline points="306,1877 376,1878 446,1879 516,1880 587,1881 657,1882 727,1883 797,1884 868,1886 938,1887 1008,1888 1078,1889 1149,1890 1219,1890 1289,1890 1359,1890 1430,1890 1500,1890 1570,1889 1640,1887 1711,1885"/>
                <TextEquiv>
                    <Unicode>Für den Weihnachtstisch hat die Firma Lechner ein gediegenes Pracht¬</Unicode>
                </TextEquiv>
            </TextLine>
            <TextLine id="r1l35" custom="readingOrder {index:34;}">
                <Coords points="309,1939 1612,1957 1700,1945 1701,1896 310,1894"/>
                <Baseline points="318,1928 386,1927 455,1927 524,1927 592,1927 661,1927 730,1928 798,1929 867,1930 936,1931 1005,1932 1073,1933 1142,1934 1211,1934 1279,1935 1348,1936 1417,1936 1485,1937 1554,1937 1623,1936 1692,1936"/>
                <TextEquiv>
                    <Unicode>werk, Petermanns „Wien im Zeitalter Kaiser Franz Joseph l.“</Unicode>
                </TextEquiv>
            </TextLine>
            <TextLine id="r1l36" custom="readingOrder {index:35;}">
                <Coords points="300,1985 343,1983 397,2001 436,1999 459,1982 554,1994 554,1940 503,1941 489,1929 460,1941 408,1939 395,1930 380,1939 300,1939"/>
                <Baseline points="310,1972 336,1974 362,1974 388,1975 414,1975 440,1974 466,1974 492,1974 518,1974 544,1975"/>
                <TextEquiv>
                    <Unicode>vorbereitet.</Unicode>
                </TextEquiv>
            </TextLine>
            <TextLine id="r1l37" custom="readingOrder {index:36;}">
                <Coords points="429,2035 1586,2054 1704,2039 1705,1992 430,1988"/>
                <Baseline points="438,2026 500,2026 563,2026 626,2026 689,2026 752,2027 815,2028 878,2029 941,2030 1004,2030 1067,2031 1129,2032 1192,2033 1255,2034 1318,2034 1381,2035 1444,2035 1507,2035 1570,2034 1633,2033 1696,2032"/>
                <TextEquiv>
                    <Unicode>Herr Friedrich Schiller, Mitchef der Hofbuchhandlung Perles,</Unicode>
                </TextEquiv>
            </TextLine>
            <TextLine id="r1l38" custom="readingOrder {index:37;}">
                <Coords points="313,2078 1681,2095 1722,2052 313,2025"/>
                <Baseline points="321,2072 390,2073 460,2073 529,2074 599,2075 669,2076 738,2076 808,2077 877,2078 947,2078 1017,2079 1086,2080 1156,2080 1225,2081 1295,2081 1365,2082 1434,2082 1504,2083 1573,2083 1643,2083 1713,2084"/>
                <TextEquiv>
                    <Unicode>äußert sich: So mächtig der deutsche Bücherwald rauschte, weit und</Unicode>
                </TextEquiv>
            </TextLine>
            <TextLine id="r1l39" custom="readingOrder {index:38;}">
                <Coords points="311,2124 1716,2139 1671,2091 1491,2077 311,2080"/>
                <Baseline points="320,2118 389,2119 458,2120 528,2121 597,2123 667,2124 736,2126 805,2127 875,2128 944,2130 1014,2131 1083,2132 1152,2132 1222,2133 1291,2133 1361,2133 1430,2133 1499,2132 1569,2131 1638,2130 1708,2128"/>
                <TextEquiv>
                    <Unicode>breit war im Jahre 1906 kein „Jörn Uhl“, kein „Jena und Sedan“ zu</Unicode>
                </TextEquiv>
            </TextLine>
            <TextLine id="r1l40" custom="readingOrder {index:39;}">
                <Coords points="308,2178 1674,2199 1717,2154 308,2145"/>
                <Baseline points="316,2169 385,2169 455,2170 524,2171 594,2171 664,2172 733,2174 803,2174 872,2176 942,2177 1012,2178 1081,2179 1151,2180 1220,2180 1290,2181 1360,2181 1429,2181 1499,2180 1568,2179 1638,2178 1708,2177"/>
                <TextEquiv>
                    <Unicode>erblicken, kein sensationeller Schlager, doch eine nicht geringe Zahl gang¬</Unicode>
                </TextEquiv>
            </TextLine>
            <TextLine id="r1l41" custom="readingOrder {index:40;}">
                <Coords points="310,2231 1667,2248 1714,2190 310,2179"/>
                <Baseline points="319,2220 388,2219 457,2218 526,2218 596,2218 665,2219 734,2220 803,2220 873,2222 942,2223 1011,2224 1080,2225 1150,2226 1219,2227 1288,2228 1357,2228 1427,2229 1496,2229 1565,2228 1634,2227 1704,2226"/>
                <TextEquiv>
                    <Unicode>barer und verläuflicher Bücher. Leselustig, lesehungrig ist vor allem die</Unicode>
                </TextEquiv>
            </TextLine>
            <TextLine id="r1l42" custom="readingOrder {index:41;}">
                <Coords points="308,2269 1708,2277 1649,2232 308,2231"/>
                <Baseline points="317,2269 386,2268 455,2267 524,2267 593,2267 662,2267 731,2267 801,2267 870,2268 939,2268 1008,2269 1077,2270 1146,2271 1215,2271 1285,2272 1354,2273 1423,2274 1492,2275 1561,2276 1630,2276 1700,2277"/>
                <TextEquiv>
                    <Unicode>Damenwelt und die Pausen zwischen Tennis= und Ruderpartie wurden</Unicode>
                </TextEquiv>
            </TextLine>
            <TextLine id="r1l43" custom="readingOrder {index:42;}">
                <Coords points="301,2326 1714,2321 1665,2281 302,2280"/>
                <Baseline points="310,2315 379,2315 449,2315 519,2315 588,2315 658,2315 728,2316 797,2316 867,2317 937,2317 1007,2318 1076,2318 1146,2319 1216,2320 1285,2320 1355,2321 1425,2322 1494,2323 1564,2324 1634,2325 1704,2326"/>
                <TextEquiv>
                    <Unicode>am Wörther= und am Zellersee von den dort froh vereinten Wienerinnen,</Unicode>
                </TextEquiv>
            </TextLine>
            <TextLine id="r1l44" custom="readingOrder {index:43;}">
                <Coords points="309,2374 1594,2387 1718,2374 1718,2328 309,2330"/>
                <Baseline points="318,2365 387,2364 457,2364 526,2364 596,2364 665,2364 735,2364 804,2365 874,2365 943,2366 1013,2366 1082,2367 1152,2367 1221,2368 1291,2368 1360,2369 1430,2369 1499,2369 1569,2369 1638,2369 1708,2368"/>
                <TextEquiv>
                    <Unicode>Pragerinnen und Groß=Kanizsaerinnen ausgefüllt mit Berliner Romanen.</Unicode>
                </TextEquiv>
            </TextLine>
            <TextLine id="r1l45" custom="readingOrder {index:44;}">
                <Coords points="306,2422 1702,2438 1720,2375 306,2394"/>
                <Baseline points="314,2413 383,2412 453,2412 523,2412 593,2412 663,2412 732,2412 802,2412 872,2413 942,2413 1012,2414 1081,2414 1151,2415 1221,2415 1291,2416 1361,2416 1430,2417 1500,2417 1570,2418 1640,2418 1710,2419"/>
                <TextEquiv>
                    <Unicode>„Nachbarin, Euer Jettchen Gebert,“ rief Gretchen (nicht jenes im</Unicode>
                </TextEquiv>
            </TextLine>
            <TextLine id="r1l46" custom="readingOrder {index:45;}">
                <Coords points="308,2471 1724,2469 1631,2422 309,2427"/>
                <Baseline points="318,2459 387,2459 457,2459 527,2459 597,2459 667,2460 737,2460 806,2461 876,2461 946,2462 1016,2462 1086,2463 1156,2464 1226,2465 1295,2466 1365,2467 1435,2467 1505,2469 1575,2470 1645,2471 1715,2472"/>
                <TextEquiv>
                    <Unicode>Bürgertheater) und Aranka oder Bozena antwortete: Recht gerne, doch</Unicode>
                </TextEquiv>
            </TextLine>
            <TextLine id="r1l47" custom="readingOrder {index:46;}">
                <Coords points="310,2513 1719,2527 1633,2470 310,2473"/>
                <Baseline points="319,2509 388,2508 458,2508 527,2507 597,2507 666,2507 736,2508 805,2508 875,2509 944,2509 1014,2510 1084,2511 1153,2512 1223,2512 1292,2513 1362,2513 1431,2514 1501,2514 1570,2514 1640,2514 1710,2513"/>
                <TextEquiv>
                    <Unicode>müssen Sie mir Ihren Band von der Viebig mit dem unverständlichen Titel</Unicode>
                </TextEquiv>
            </TextLine>
            <TextLine id="r1l48" custom="readingOrder {index:47;}">
                <Coords points="304,2552 1709,2593 1727,2529 304,2516"/>
                <Baseline points="313,2553 383,2553 453,2552 523,2552 594,2553 664,2553 734,2554 804,2555 875,2555 945,2557 1015,2558 1085,2558 1156,2559 1226,2560 1296,2561 1366,2562 1437,2563 1507,2563 1577,2563 1647,2563 1718,2563"/>
                <TextEquiv>
                    <Unicode>leihen (Absolvote). — Im Spätsommer erreichte ein Buch binnen wenigen</Unicode>
                </TextEquiv>
            </TextLine>
            <TextLine id="r1l49" custom="readingOrder {index:48;}">
                <Coords points="308,2606 1729,2632 1728,2558 308,2561"/>
                <Baseline points="317,2605 387,2605 457,2605 527,2605 597,2606 667,2606 737,2607 808,2608 878,2609 948,2610 1018,2611 1088,2612 1158,2613 1228,2614 1299,2615 1369,2615 1439,2616 1509,2617 1579,2617 1649,2617 1720,2616"/>
                <TextEquiv>
                    <Unicode>Monaten eine fünfstellige Auflagenziffer, selbstverständlich wiederum</Unicode>
                </TextEquiv>
            </TextLine>
            <TextLine id="r1l50" custom="readingOrder {index:49;}">
                <Coords points="299,2657 1715,2660 1548,2616 299,2611"/>
                <Baseline points="308,2651 377,2652 447,2653 517,2654 587,2654 657,2655 727,2656 797,2656 867,2657 937,2658 1007,2658 1076,2659 1146,2659 1216,2660 1286,2660 1356,2661 1426,2661 1496,2662 1566,2663 1636,2663 1706,2664"/>
                <TextEquiv>
                    <Unicode>Berliner Erzeugnis, einer Sammlung bewährter Anekdoten und Scherze,</Unicode>
                </TextEquiv>
            </TextLine>
            <TextLine id="r1l51" custom="readingOrder {index:50;}">
                <Coords points="306,2709 1680,2729 1721,2662 307,2660"/>
                <Baseline points="315,2700 384,2701 454,2702 524,2703 594,2704 664,2704 734,2705 803,2705 873,2705 943,2705 1013,2706 1083,2706 1153,2706 1223,2707 1292,2708 1362,2708 1432,2709 1502,2710 1572,2711 1642,2712 1712,2714"/>
                <TextEquiv>
                    <Unicode>Witzblättern entnommen und geschickt gruppiert. Moszkowski war der</Unicode>
                </TextEquiv>
            </TextLine>
            <TextLine id="r1l52" custom="readingOrder {index:51;}">
                <Coords points="307,2743 1718,2759 1609,2714 308,2712"/>
                <Baseline points="317,2748 386,2749 456,2750 525,2751 595,2751 665,2752 734,2753 804,2754 873,2754 943,2755 1013,2755 1082,2756 1152,2756 1221,2757 1291,2758 1361,2758 1430,2759 1500,2760 1569,2761 1639,2762 1709,2763"/>
                <TextEquiv>
                    <Unicode>Herausgeber, der Titel klang sonderbar genug: „Die unsterbliche</Unicode>
                </TextEquiv>
            </TextLine>
            <TextLine id="r1l53" custom="readingOrder {index:52;}">
                <Coords points="310,2802 1677,2827 1713,2759 311,2769"/>
                <Baseline points="319,2797 388,2798 457,2798 526,2799 595,2799 665,2800 734,2800 803,2801 872,2801 941,2802 1011,2802 1080,2803 1149,2803 1218,2804 1287,2804 1357,2805 1426,2805 1495,2806 1564,2807 1633,2808 1703,2809"/>
                <TextEquiv>
                    <Unicode>Kiste: An wie viel Stammtischen hat sie seither ihre zwerchfell¬</Unicode>
                </TextEquiv>
            </TextLine>
            <TextLine id="r1l54" custom="readingOrder {index:53;}">
                <Coords points="303,2845 1703,2856 1703,2817 303,2808"/>
                <Baseline points="312,2848 381,2847 450,2847 519,2847 588,2847 657,2847 726,2847 795,2848 864,2848 933,2849 1003,2850 1072,2850 1141,2851 1210,2852 1279,2853 1348,2854 1417,2855 1486,2856 1555,2857 1624,2858 1694,2858"/>
                <TextEquiv>
                    <Unicode>erschütternde Wirkung erprobt? Wir vermissen noch immer den lang¬</Unicode>
                </TextEquiv>
            </TextLine>
            <TextLine id="r1l55" custom="readingOrder {index:54;}">
                <Coords points="317,2904 1716,2920 1717,2873 317,2851"/>
                <Baseline points="325,2897 394,2897 463,2897 532,2897 601,2897 670,2897 739,2897 809,2897 878,2897 947,2898 1016,2898 1085,2898 1154,2899 1223,2899 1293,2900 1362,2901 1431,2901 1500,2902 1569,2903 1638,2904 1708,2905"/>
                <TextEquiv>
                    <Unicode>ersehnten großen Wiener Roman. Unsere Schriftsteller sollten längeren</Unicode>
                </TextEquiv>
            </TextLine>
            <TextLine id="r1l56" custom="readingOrder {index:55;}">
                <Coords points="318,2950 1632,2967 1719,2931 319,2904"/>
                <Baseline points="327,2944 396,2944 465,2945 534,2945 603,2945 672,2945 741,2946 810,2946 879,2946 948,2946 1018,2947 1087,2947 1156,2948 1225,2948 1294,2949 1363,2949 1432,2950 1501,2951 1570,2952 1639,2953 1709,2954"/>
                <TextEquiv>
                    <Unicode>Aufenthalt auf dem Kahlenberg nehmen; sie bieten meist nur kleine</Unicode>
                </TextEquiv>
            </TextLine>
            <TextLine id="r1l57" custom="readingOrder {index:56;}">
                <Coords points="304,2994 1714,3010 1669,2958 304,2950"/>
                <Baseline points="313,2992 382,2992 452,2992 521,2992 591,2992 661,2993 730,2993 800,2994 870,2995 939,2995 1009,2996 1079,2997 1148,2998 1218,2998 1288,2999 1357,3000 1427,3000 1497,3001 1566,3001 1636,3001 1706,3002"/>
                <TextEquiv>
                    <Unicode>Ausschnitte aus dem Wiener Leben. Nach Pötzl, Chiavacci,</Unicode>
                </TextEquiv>
            </TextLine>
            <TextLine id="r1l58" custom="readingOrder {index:57;}">
                <Coords points="306,3046 1722,3052 1722,3010 1631,3005 307,2995"/>
                <Baseline points="315,3038 384,3039 454,3039 524,3040 594,3041 664,3041 734,3042 804,3042 874,3043 944,3043 1014,3044 1083,3045 1153,3045 1223,3046 1293,3047 1363,3048 1433,3049 1503,3050 1573,3051 1643,3052 1713,3054"/>
                <TextEquiv>
                    <Unicode>Stüber=Günther greifen viele Hände. In Conte Scapinellis</Unicode>
                </TextEquiv>
            </TextLine>
            <TextLine id="r1l59" custom="readingOrder {index:58;}">
                <Coords points="303,3100 1685,3111 1721,3052 303,3046"/>
                <Baseline points="312,3089 382,3088 452,3088 522,3088 592,3088 662,3088 732,3088 802,3089 872,3089 942,3090 1012,3091 1082,3092 1152,3092 1222,3093 1292,3094 1362,3096 1432,3097 1502,3098 1572,3099 1642,3101 1712,3102"/>
                <TextEquiv>
                    <Unicode>Roman „Phäaken“ sind die Wiener nicht gut davongekommen;</Unicode>
                </TextEquiv>
            </TextLine>
            <TextLine id="r1l60" custom="readingOrder {index:59;}">
                <Coords points="309,3135 1704,3148 1694,3108 1363,3093 310,3105"/>
                <Baseline points="318,3137 386,3137 455,3137 524,3137 593,3137 662,3137 731,3138 800,3138 869,3139 938,3139 1007,3140 1075,3141 1144,3142 1213,3142 1282,3143 1351,3143 1420,3144 1489,3144 1558,3145 1627,3145 1696,3145"/>
                <TextEquiv>
                    <Unicode>sonst heißt es wohl „wer beschimpft wird, wird gekauft“; aber viermal</Unicode>
                </TextEquiv>
            </TextLine>
            <TextLine id="r1l61" custom="readingOrder {index:60;}">
                <Coords points="311,3183 1718,3215 1686,3153 1540,3146 311,3156"/>
                <Baseline points="320,3183 389,3184 458,3184 528,3185 597,3185 667,3186 736,3186 805,3187 875,3187 944,3188 1014,3189 1083,3189 1152,3190 1222,3190 1291,3191 1361,3192 1430,3193 1499,3193 1569,3194 1638,3195 1708,3197"/>
                <TextEquiv>
                    <Unicode>versagte ein angeblich sicheres Mittel zum Erfolg — der starke Tadel</Unicode>
                </TextEquiv>
            </TextLine>
            <TextLine id="r1l62" custom="readingOrder {index:61;}">
                <Coords points="313,3223 1711,3264 1712,3211 313,3194"/>
                <Baseline points="322,3229 391,3230 460,3231 529,3233 598,3233 667,3234 736,3234 805,3235 874,3235 943,3236 1012,3236 1081,3237 1150,3237 1219,3238 1288,3238 1357,3239 1426,3240 1495,3241 1564,3242 1633,3244 1702,3246"/>
                <TextEquiv>
                    <Unicode>in öffentlicher Sitzung. Wer jemals einen Jour gehabt oder besucht,</Unicode>
                </TextEquiv>
            </TextLine>
            <TextLine id="r1l63" custom="readingOrder {index:62;}">
                <Coords points="299,3289 1642,3310 1714,3305 1715,3265 299,3247"/>
                <Baseline points="307,3280 376,3280 446,3281 516,3281 586,3281 656,3281 726,3282 796,3282 866,3282 936,3282 1006,3283 1075,3283 1145,3283 1215,3284 1285,3285 1355,3285 1425,3287 1495,3288 1565,3289 1635,3291 1705,3293"/>
                <TextEquiv>
                    <Unicode>liebt Auernheimer und kauft seinen neuen Novellenband: „Die</Unicode>
                </TextEquiv>
            </TextLine>
            <TextLine id="r1l64" custom="readingOrder {index:63;}">
                <Coords points="309,3331 1709,3353 1709,3295 309,3292"/>
                <Baseline points="318,3331 387,3331 456,3331 525,3331 594,3331 663,3331 732,3331 801,3332 870,3332 939,3332 1009,3333 1078,3333 1147,3333 1216,3334 1285,3334 1354,3335 1423,3335 1492,3336 1561,3336 1630,3337 1700,3337"/>
                <TextEquiv>
                    <Unicode>ängstliche Dodo“, die die Erbschaft der treulosen aber munteren Renée</Unicode>
                </TextEquiv>
            </TextLine>
            <TextLine id="r1l65" custom="readingOrder {index:64;}">
                <Coords points="311,3377 1714,3405 1714,3368 1616,3345 311,3331"/>
                <Baseline points="319,3379 388,3379 457,3379 526,3379 596,3379 665,3379 734,3379 804,3380 873,3380 942,3380 1012,3380 1081,3380 1150,3381 1219,3381 1289,3382 1358,3382 1427,3383 1497,3384 1566,3385 1635,3386 1705,3388"/>
                <TextEquiv>
                    <Unicode>angetreten hat; Schnitzler hat eine treue Gemeinde, seine „Dämmer¬</Unicode>
                </TextEquiv>
            </TextLine>
            <TextLine id="r1l66" custom="readingOrder {index:65;}">
                <Coords points="314,3439 1717,3431 1654,3392 314,3391"/>
                <Baseline points="322,3424 391,3425 460,3425 529,3426 599,3426 668,3427 737,3427 807,3428 876,3428 945,3428 1015,3429 1084,3429 1153,3430 1222,3430 1292,3431 1361,3431 1430,3432 1500,3432 1569,3433 1638,3434 1708,3435"/>
                <TextEquiv>
                    <Unicode>seelen“ werden manche Träne fließen lassen, manche einsame Stunde</Unicode>
                </TextEquiv>
            </TextLine>
            <TextLine id="r1l67" custom="readingOrder {index:66;}">
                <Coords points="309,3477 1713,3489 1713,3445 1541,3436 310,3439"/>
                <Baseline points="318,3473 387,3474 456,3475 525,3476 595,3476 664,3477 733,3478 803,3478 872,3479 941,3479 1011,3479 1080,3480 1149,3480 1218,3481 1288,3481 1357,3481 1426,3482 1496,3482 1565,3482 1634,3483 1704,3483"/>
                <TextEquiv>
                    <Unicode>verschönen; in seiner Schätzung begegnen sich die Aestheten mit den Nur¬</Unicode>
                </TextEquiv>
            </TextLine>
            <TextLine id="r1l68" custom="readingOrder {index:67;}">
                <Coords points="308,3530 1717,3538 1717,3491 1613,3487 308,3485"/>
                <Baseline points="317,3522 386,3522 456,3523 525,3524 595,3524 664,3524 734,3525 803,3525 873,3525 942,3525 1012,3526 1082,3526 1151,3526 1221,3527 1290,3527 1360,3528 1429,3529 1499,3530 1568,3531 1638,3532 1708,3534"/>
                <TextEquiv>
                    <Unicode>Laien. Hoffmannsthal muß sich mit dem Beifall der ersteren begnügen,</Unicode>
                </TextEquiv>
            </TextLine>
            <TextLine id="r1l69" custom="readingOrder {index:68;}">
                <Coords points="297,3555 1720,3594 1720,3537 297,3536"/>
                <Baseline points="305,3570 375,3570 445,3571 515,3571 586,3571 656,3572 726,3572 797,3572 867,3573 937,3573 1008,3573 1078,3574 1148,3575 1218,3575 1289,3576 1359,3577 1429,3578 1500,3579 1570,3580 1640,3582 1711,3583"/>
                <TextEquiv>
                    <Unicode>er tritt diesmal mit einem Prachtwerk: „Der weiße Fächer“ auf. Wohl zu</Unicode>
                </TextEquiv>
            </TextLine>
            <TextLine id="r1l70" custom="readingOrder {index:69;}">
                <Coords points="306,3622 1718,3620 306,3578"/>
                <Baseline points="315,3623 384,3621 454,3620 524,3619 593,3619 663,3619 733,3619 802,3619 872,3620 942,3620 1012,3621 1081,3622 1151,3623 1221,3624 1290,3625 1360,3626 1430,3627 1499,3628 1569,3629 1639,3630 1709,3631"/>
                <TextEquiv>
                    <Unicode>keiner Zeit wurden so viele Werke über Kunst und Kunstwissenschaft gedruckt</Unicode>
                </TextEquiv>
            </TextLine>
            <TextLine id="r1l71" custom="readingOrder {index:70;}">
                <Coords points="307,3668 1613,3697 1715,3686 1716,3651 307,3623"/>
                <Baseline points="315,3668 384,3667 454,3667 523,3667 593,3667 663,3668 732,3668 802,3668 871,3669 941,3670 1011,3671 1080,3671 1150,3672 1219,3673 1289,3674 1359,3675 1428,3676 1498,3677 1567,3678 1637,3679 1707,3680"/>
                <TextEquiv>
                    <Unicode>und — verkauft, wie jetzt seit einigen Jahren. An diesem starken Interesse</Unicode>
                </TextEquiv>
            </TextLine>
            <TextLine id="r1l72" custom="readingOrder {index:71;}">
                <Coords points="313,3721 1679,3743 1715,3698 313,3678"/>
                <Baseline points="322,3716 391,3716 460,3717 529,3717 598,3718 668,3718 737,3719 806,3719 875,3720 944,3720 1014,3721 1083,3721 1152,3722 1221,3722 1290,3723 1360,3723 1429,3724 1498,3725 1567,3725 1636,3726 1706,3727"/>
                <TextEquiv>
                    <Unicode>für moderne und klassische Kunst hat ja Ihr temperamentvoller</Unicode>
                </TextEquiv>
            </TextLine>
            <TextLine id="r1l73" custom="readingOrder {index:72;}">
                <Coords points="307,3766 1723,3804 1723,3716 307,3731"/>
                <Baseline points="316,3767 385,3767 455,3767 525,3767 595,3767 665,3767 735,3767 805,3767 875,3767 945,3767 1015,3768 1084,3768 1154,3769 1224,3769 1294,3770 1364,3771 1434,3772 1504,3773 1574,3775 1644,3776 1714,3778"/>
                <TextEquiv>
                    <Unicode>Rufer im Streite, Hevesi, ein großes Verdienst. Den bekannten</Unicode>
                </TextEquiv>
            </TextLine>
            <TextLine id="r1l74" custom="readingOrder {index:73;}">
                <Coords points="309,3823 1715,3849 1715,3802 1494,3770 310,3768"/>
                <Baseline points="318,3815 387,3814 456,3814 526,3814 595,3814 665,3815 734,3815 803,3815 873,3816 942,3816 1012,3817 1081,3818 1150,3818 1220,3819 1289,3820 1359,3821 1428,3821 1497,3822 1567,3823 1636,3823 1706,3824"/>
                <TextEquiv>
                    <Unicode>Künstlermonographien von Knackfuß gesellten sich zahlreiche ähnliche</Unicode>
                </TextEquiv>
            </TextLine>
            <TextLine id="r1l75" custom="readingOrder {index:74;}">
                <Coords points="301,3865 1711,3879 1594,3829 301,3829"/>
                <Baseline points="310,3863 379,3864 449,3864 518,3864 588,3864 658,3864 727,3865 797,3865 866,3865 936,3865 1006,3866 1075,3866 1145,3867 1214,3867 1284,3868 1354,3869 1423,3870 1493,3871 1562,3873 1632,3874 1702,3876"/>
                <TextEquiv>
                    <Unicode>Publikationen („Klassiker der Kunst", „Berühmte Kunststätten“ 2c.) zu,</Unicode>
                </TextEquiv>
            </TextLine>
            <TextLine id="r1l76" custom="readingOrder {index:75;}">
                <Coords points="308,3915 1719,3926 1670,3880 1512,3873 309,3871"/>
                <Baseline points="317,3911 386,3911 456,3911 525,3910 595,3910 665,3910 734,3911 804,3911 874,3911 943,3911 1013,3912 1083,3912 1152,3913 1222,3914 1292,3915 1361,3917 1431,3918 1501,3919 1570,3921 1640,3923 1710,3925"/>
                <TextEquiv>
                    <Unicode>denen die vorgeschrittene Vervielfältigungstechnik niedrige Preise gestattet,</Unicode>
                </TextEquiv>
            </TextLine>
            <TextLine id="r1l77" custom="readingOrder {index:76;}">
                <Coords points="309,3962 1718,3988 1718,3946 1590,3924 310,3922"/>
                <Baseline points="319,3958 388,3958 458,3958 527,3958 597,3958 666,3958 736,3959 805,3959 875,3959 944,3959 1014,3959 1083,3960 1153,3960 1222,3961 1292,3962 1361,3964 1431,3965 1500,3967 1570,3969 1639,3972 1709,3975"/>
                <TextEquiv>
                    <Unicode>die man noch vor einer Reihe von Jahren für unmöglich gehalten</Unicode>
                </TextEquiv>
            </TextLine>
            <TextLine id="r1l78" custom="readingOrder {index:77;}">
                <Coords points="305,4023 1720,4024 1720,3969 306,3963"/>
                <Baseline points="314,4007 383,4007 453,4007 523,4007 593,4007 663,4008 732,4008 802,4008 872,4008 942,4008 1012,4009 1081,4009 1151,4009 1221,4010 1291,4011 1361,4012 1430,4013 1500,4015 1570,4016 1640,4018 1710,4021"/>
                <TextEquiv>
                    <Unicode>hätte. Dieselbe Billigkeit zeichnet auch die neuen Gesamtausgaben</Unicode>
                </TextEquiv>
            </TextLine>
            <TextLine id="r1l79" custom="readingOrder {index:78;}">
                <Coords points="305,4057 1713,4072 1552,4019 305,4018"/>
                <Baseline points="314,4051 383,4053 453,4054 522,4055 592,4055 661,4056 731,4056 800,4056 870,4056 939,4056 1009,4056 1078,4056 1148,4056 1217,4056 1287,4057 1356,4058 1426,4059 1495,4061 1565,4064 1634,4067 1704,4070"/>
                <TextEquiv>
                    <Unicode>moderner und modernster Dichter aus. Gerhart Hauptmann, Ibsen,</Unicode>
                </TextEquiv>
            </TextLine>
            <TextLine id="r1l80" custom="readingOrder {index:79;}">
                <Coords points="303,4106 1706,4135 1721,4067 303,4059"/>
                <Baseline points="312,4100 382,4100 452,4100 522,4101 592,4101 662,4102 732,4102 802,4102 872,4103 942,4103 1012,4103 1082,4104 1152,4105 1222,4105 1292,4106 1362,4107 1432,4108 1502,4110 1572,4111 1642,4113 1712,4115"/>
                <TextEquiv>
                    <Unicode>Scheffel, Rosegger, Spielhagen, sie werden gewiß in vielen</Unicode>
                </TextEquiv>
            </TextLine>
            <TextLine id="r1l81" custom="readingOrder {index:80;}">
                <Coords points="299,4150 1706,4172 1717,4119 299,4115"/>
                <Baseline points="307,4142 377,4143 447,4144 517,4144 587,4145 657,4145 727,4146 797,4146 867,4147 937,4147 1007,4147 1077,4148 1147,4148 1217,4149 1287,4150 1357,4151 1427,4152 1497,4153 1567,4154 1637,4156 1707,4158"/>
                <TextEquiv>
                    <Unicode>Fällen, wo die Schul= und Hausklassiker bereits vertreten sind, den</Unicode>
                </TextEquiv>
            </TextLine>
            <TextLine id="r1l82" custom="readingOrder {index:81;}">
                <Coords points="310,4207 1669,4220 1716,4169 310,4156"/>
                <Baseline points="319,4185 388,4187 457,4189 527,4190 596,4191 666,4192 735,4193 804,4193 874,4194 943,4194 1013,4195 1082,4195 1151,4195 1221,4196 1290,4196 1360,4197 1429,4198 1498,4198 1568,4199 1637,4201 1707,4203"/>
                <TextEquiv>
                    <Unicode>Bücherschatz vermehren. Eine typische Erscheinung des modernen Bücher¬</Unicode>
                </TextEquiv>
            </TextLine>
            <TextLine id="r1l83" custom="readingOrder {index:82;}">
                <Coords points="304,4223 320,4221 328,4229 356,4224 363,4230 408,4224 420,4229 441,4228 452,4218 471,4232 490,4233 491,4210 473,4209 452,4193 438,4200 424,4194 403,4202 355,4194 304,4195"/>
                <Baseline points="312,4221 340,4221 368,4222 396,4223 424,4223 452,4224 481,4225"/>
                <TextEquiv>
                    <Unicode>z</Unicode>
                </TextEquiv>
            </TextLine>
            <TextLine id="r1l84" custom="readingOrder {index:83;}">
                <Coords points="768,4254 782,4255 784,4253 792,4253 798,4248 805,4254 821,4253 823,4213 795,4210 790,4207 786,4207 781,4212 770,4212"/>
                <Baseline points="777,4232 813,4234"/>
                <TextEquiv>
                    <Unicode>b</Unicode>
                </TextEquiv>
            </TextLine>
            <TextEquiv>
                <Unicode>Pren.
N. 00T
Wien, Sonntag
Die Bücher des Jahres.
Der Weihnachtstisch wird, bald gerüstet werden und dann liegt
wieder ein Jahr hinter uns. In der ersten Reihe dessen, was geschenkt
wird, stehen wieder Bücher. Vielleicht, weil in den letzten Jahren an
Buchausstattung das Höchste geleistet wurde, denn einen „Schlager",
nach dem alle griffen, hat das zu Ende gehende Jahr, wie Herr
Kommerzialrat Müller, der Chef der Firma R. Lechner, uns mit¬
teilt, nicht gebracht. Doch wurden zahlreiche Werke häufig und gerne
gekauft. In den Reihen der Lieblinge des Lesepublikums nehmen nach
den Angaben des Herrn Kommerzialrates Müller die „Alten“ noch
immer einen breiten Raum ein. Da ist Heyse mit seinem neuesten
Werke „Gegen den Strom", Rosegger, dessen „Försterbuben“
in wenigen Wochen viele Freunde fanden, Wilbrandt, der junge
Siebzigjährige, mit den „Sommerjäden" und Wildenbruch mit
„Lukrezia: Eine Aufzählung der übrigen literarischen Erfolge des ab¬
gelaufenen Jahres gibt eine Uebersicht von den himmelweiten Abständen,
die zwischen den Geschmacksrichtungen des Lesepublikums herrschen.
Neben Hermann Hesse („Diesseits") steb: da Stilgebauer, der
einen Roman „Der Börsenkönig“ geschrieben hat. „Absolvo te“ der
Viebig hat Aufsehen erregt, aber auch der neueste Roman der
Heimburg („Wie auch wir vergeben“) und ein Werk der Gräfin
Salburg („Wilhelm Friedhoff“) blieben keineswegs unlemerkt. Noch eine
vierte schreibende Frau Riccarda Huch hat mit ihrem „Karupf um Rom viel
Erfolg geerntet. Dann sind noch Adlersfeld =Ballestrem
(„Diplomatenränke“ und „Maria Schnee“), Greinz („Das stille
Nest“), Ompteda („Wie am ersten Tag"), Wolff („Wildfarg¬
recht") und Zahn („Lukas Hochstraßers Haus") auf der Liste ver¬
treten. Wer sich aber durch diesen Haufen von Romanen glücklich durch¬
gearbeitet hat, der greift dann sicherlich nach dem Neuesten, was
Chiavacci, Pötzl und Stüber=Günther gespendet haben.
Für den Weihnachtstisch hat die Firma Lechner ein gediegenes Pracht¬
werk, Petermanns „Wien im Zeitalter Kaiser Franz Joseph l.“
vorbereitet.
Herr Friedrich Schiller, Mitchef der Hofbuchhandlung Perles,
äußert sich: So mächtig der deutsche Bücherwald rauschte, weit und
breit war im Jahre 1906 kein „Jörn Uhl“, kein „Jena und Sedan“ zu
erblicken, kein sensationeller Schlager, doch eine nicht geringe Zahl gang¬
barer und verläuflicher Bücher. Leselustig, lesehungrig ist vor allem die
Damenwelt und die Pausen zwischen Tennis= und Ruderpartie wurden
am Wörther= und am Zellersee von den dort froh vereinten Wienerinnen,
Pragerinnen und Groß=Kanizsaerinnen ausgefüllt mit Berliner Romanen.
„Nachbarin, Euer Jettchen Gebert,“ rief Gretchen (nicht jenes im
Bürgertheater) und Aranka oder Bozena antwortete: Recht gerne, doch
müssen Sie mir Ihren Band von der Viebig mit dem unverständlichen Titel
leihen (Absolvote). — Im Spätsommer erreichte ein Buch binnen wenigen
Monaten eine fünfstellige Auflagenziffer, selbstverständlich wiederum
Berliner Erzeugnis, einer Sammlung bewährter Anekdoten und Scherze,
Witzblättern entnommen und geschickt gruppiert. Moszkowski war der
Herausgeber, der Titel klang sonderbar genug: „Die unsterbliche
Kiste: An wie viel Stammtischen hat sie seither ihre zwerchfell¬
erschütternde Wirkung erprobt? Wir vermissen noch immer den lang¬
ersehnten großen Wiener Roman. Unsere Schriftsteller sollten längeren
Aufenthalt auf dem Kahlenberg nehmen; sie bieten meist nur kleine
Ausschnitte aus dem Wiener Leben. Nach Pötzl, Chiavacci,
Stüber=Günther greifen viele Hände. In Conte Scapinellis
Roman „Phäaken“ sind die Wiener nicht gut davongekommen;
sonst heißt es wohl „wer beschimpft wird, wird gekauft“; aber viermal
versagte ein angeblich sicheres Mittel zum Erfolg — der starke Tadel
in öffentlicher Sitzung. Wer jemals einen Jour gehabt oder besucht,
liebt Auernheimer und kauft seinen neuen Novellenband: „Die
ängstliche Dodo“, die die Erbschaft der treulosen aber munteren Renée
angetreten hat; Schnitzler hat eine treue Gemeinde, seine „Dämmer¬
seelen“ werden manche Träne fließen lassen, manche einsame Stunde
verschönen; in seiner Schätzung begegnen sich die Aestheten mit den Nur¬
Laien. Hoffmannsthal muß sich mit dem Beifall der ersteren begnügen,
er tritt diesmal mit einem Prachtwerk: „Der weiße Fächer“ auf. Wohl zu
keiner Zeit wurden so viele Werke über Kunst und Kunstwissenschaft gedruckt
und — verkauft, wie jetzt seit einigen Jahren. An diesem starken Interesse
für moderne und klassische Kunst hat ja Ihr temperamentvoller
Rufer im Streite, Hevesi, ein großes Verdienst. Den bekannten
Künstlermonographien von Knackfuß gesellten sich zahlreiche ähnliche
Publikationen („Klassiker der Kunst", „Berühmte Kunststätten“ 2c.) zu,
denen die vorgeschrittene Vervielfältigungstechnik niedrige Preise gestattet,
die man noch vor einer Reihe von Jahren für unmöglich gehalten
hätte. Dieselbe Billigkeit zeichnet auch die neuen Gesamtausgaben
moderner und modernster Dichter aus. Gerhart Hauptmann, Ibsen,
Scheffel, Rosegger, Spielhagen, sie werden gewiß in vielen
Fällen, wo die Schul= und Hausklassiker bereits vertreten sind, den
Bücherschatz vermehren. Eine typische Erscheinung des modernen Bücher¬
z
b</Unicode>
            </TextEquiv>
        </TextRegion>
        <TextRegion orientation="0.0" id="r2" custom="readingOrder {index:1;}">
            <Coords points="1729,291 1729,1522 3131,1522 3131,291"/>
            <TextLine id="r2l1" custom="readingOrder {index:0;}">
                <Coords points="2889,314 2920,332 2945,331 2953,340 2969,331 3040,334 3089,301 3114,302 3115,274 3056,280 3044,267 3009,265 2997,275 2968,275 2958,264 2941,264 2902,285 2889,284"/>
                <Baseline points="2897,320 2923,319 2949,320 2975,320 3001,321 3027,322 3053,322 3079,322 3105,321"/>
                <TextEquiv>
                    <Unicode>Seite 9</Unicode>
                </TextEquiv>
            </TextLine>
            <TextLine id="r2l2" custom="readingOrder {index:1;}">
                <Coords points="2246,322 2302,339 2624,336 2668,325 2667,270 2496,289 2421,277 2245,284"/>
                <Baseline points="2255,324 2280,325 2305,325 2330,326 2356,326 2381,326 2406,326 2431,325 2457,325 2482,324 2507,323 2532,323 2558,322 2583,321 2608,320 2633,318 2659,316"/>
                <TextEquiv>
                    <Unicode>8. Dezember 1907</Unicode>
                </TextEquiv>
            </TextLine>
            <TextLine id="r2l3" custom="readingOrder {index:2;}">
                <Coords points="1740,327 1794,337 1828,325 1842,336 1896,328 1928,338 1942,329 2018,338 2053,326 2054,298 2010,280 1950,300 1934,292 1886,304 1827,290 1809,304 1741,292"/>
                <Baseline points="1749,320 1775,321 1802,322 1829,323 1856,324 1883,325 1909,326 1936,326 1963,327 1990,326 2017,326 2044,325"/>
                <TextEquiv>
                    <Unicode></Unicode>
                </TextEquiv>
            </TextLine>
            <TextLine id="r2l4" custom="readingOrder {index:3;}">
                <Coords points="1732,410 3132,418 3074,361 1732,358"/>
                <Baseline points="1741,404 1810,404 1879,405 1948,405 2017,406 2086,406 2155,405 2224,405 2293,405 2362,405 2432,404 2501,404 2570,404 2639,404 2708,404 2777,404 2846,405 2915,406 2984,407 3053,408 3123,410"/>
                <TextEquiv>
                    <Unicode>Ausstattung zu einem Einheitspreise, der in den meisten Fällen ungemein</Unicode>
                </TextEquiv>
            </TextLine>
            <TextLine id="r2l5" custom="readingOrder {index:4;}">
                <Coords points="1732,465 3127,448 3069,412 1733,411"/>
                <Baseline points="1741,453 1809,453 1878,453 1947,452 2016,452 2085,452 2154,452 2223,452 2292,452 2361,452 2430,452 2498,452 2567,452 2636,453 2705,453 2774,454 2843,455 2912,456 2981,457 3050,458 3119,459"/>
                <TextEquiv>
                    <Unicode>mäßig angesetzt ist, wo die Kalkulation sehr bedeutende Auflagen (zehn¬</Unicode>
                </TextEquiv>
            </TextLine>
            <TextLine id="r2l6" custom="readingOrder {index:5;}">
                <Coords points="1731,498 3086,520 3126,456 1731,466"/>
                <Baseline points="1741,502 1809,502 1878,503 1947,503 2016,503 2085,503 2153,503 2222,503 2291,503 2360,503 2429,503 2497,503 2566,503 2635,503 2704,503 2773,503 2841,504 2910,504 2979,505 3048,506 3117,507"/>
                <TextEquiv>
                    <Unicode>bis zwanzigtausend pro Band) zur Basis hat. Es gibt nun schon so</Unicode>
                </TextEquiv>
            </TextLine>
            <TextLine id="r2l7" custom="readingOrder {index:6;}">
                <Coords points="1720,557 3134,552 2843,503 2447,538 1720,511"/>
                <Baseline points="1729,552 1798,553 1868,554 1938,555 2008,555 2078,556 2147,556 2217,556 2287,556 2357,556 2427,556 2496,556 2566,555 2636,555 2706,556 2776,556 2845,556 2915,557 2985,557 3055,558 3125,560"/>
                <TextEquiv>
                    <Unicode>viele Kollektionen, daß die Verleger auf recht eigentümliche Titel ver¬</Unicode>
                </TextEquiv>
            </TextLine>
            <TextLine id="r2l8" custom="readingOrder {index:7;}">
                <Coords points="1731,604 2996,618 3105,607 3132,559 1732,558"/>
                <Baseline points="1740,598 1809,599 1878,600 1947,601 2016,602 2085,602 2154,602 2224,603 2293,603 2362,603 2431,603 2500,603 2569,603 2638,603 2708,603 2777,604 2846,604 2915,605 2984,605 3053,606 3123,608"/>
                <TextEquiv>
                    <Unicode>fallen, z. B. „Bücher der Rose“; sie sind aber nicht für Rosenzüchter</Unicode>
                </TextEquiv>
            </TextLine>
            <TextLine id="r2l9" custom="readingOrder {index:8;}">
                <Coords points="1729,646 3127,652 3067,606 1729,602"/>
                <Baseline points="1737,648 1806,648 1875,648 1944,648 2013,648 2082,648 2151,648 2220,648 2289,648 2358,648 2428,648 2497,648 2566,648 2635,648 2704,649 2773,649 2842,650 2911,650 2980,651 3049,652 3119,653"/>
                <TextEquiv>
                    <Unicode>bestimmt; der erste Band heißt „Die Ernte“ und enthält eine Anthologie</Unicode>
                </TextEquiv>
            </TextLine>
            <TextLine id="r2l10" custom="readingOrder {index:9;}">
                <Coords points="1726,700 3124,699 3045,655 1726,646"/>
                <Baseline points="1735,694 1804,694 1873,695 1942,695 2011,696 2080,696 2149,696 2218,696 2287,696 2356,696 2425,696 2494,696 2563,696 2632,696 2701,696 2770,697 2839,698 2908,699 2977,700 3046,701 3115,703"/>
                <TextEquiv>
                    <Unicode>deutscher Gedichte, der zweite „Alles um Liebe“, worunter sich die Briefe</Unicode>
                </TextEquiv>
            </TextLine>
            <TextLine id="r2l11" custom="readingOrder {index:10;}">
                <Coords points="1733,757 3127,758 3020,699 1733,704"/>
                <Baseline points="1742,741 1810,741 1879,742 1948,742 2017,743 2086,743 2155,743 2223,743 2292,743 2361,744 2430,744 2499,744 2568,744 2637,744 2705,744 2774,745 2843,745 2912,746 2981,747 3050,748 3119,749"/>
                <TextEquiv>
                    <Unicode>Goethes aus der ersten Hälfte seines Lebens verbergen, sodann „Vom</Unicode>
                </TextEquiv>
            </TextLine>
            <TextLine id="r2l12" custom="readingOrder {index:11;}">
                <Coords points="1733,790 3133,794 3042,750 1733,755"/>
                <Baseline points="1741,790 1810,790 1879,791 1948,791 2017,791 2086,791 2155,791 2225,791 2294,791 2363,791 2432,791 2501,790 2570,790 2639,790 2709,790 2778,791 2847,791 2916,792 2985,792 3054,794 3124,795"/>
                <TextEquiv>
                    <Unicode>tätigen Leben“, worunter abermals Gedichte Goethes, und zwar aus der zweiten</Unicode>
                </TextEquiv>
            </TextLine>
            <TextLine id="r2l13" custom="readingOrder {index:12;}">
                <Coords points="1730,840 3123,835 3062,796 1730,803"/>
                <Baseline points="1738,835 1806,837 1875,838 1944,839 2013,839 2082,840 2150,840 2219,840 2288,840 2357,840 2426,840 2494,840 2563,840 2632,840 2701,840 2770,840 2838,840 2907,841 2976,841 3045,842 3114,843"/>
                <TextEquiv>
                    <Unicode>Lebenshälfte zu verstehen sind. Unter dem „Heiligen Krieg muß man sich</Unicode>
                </TextEquiv>
            </TextLine>
            <TextLine id="r2l14" custom="readingOrder {index:13;}">
                <Coords points="1730,889 3114,899 3135,853 1730,860"/>
                <Baseline points="1738,883 1807,885 1876,886 1946,887 2015,887 2085,888 2154,888 2223,888 2293,888 2362,888 2432,888 2501,888 2570,888 2640,888 2709,888 2779,888 2848,888 2917,889 2987,889 3056,890 3126,891"/>
                <TextEquiv>
                    <Unicode>Hebbels Tagebücher und Briefe vorstellen usw. Etwas kompliziert!</Unicode>
                </TextEquiv>
            </TextLine>
            <TextLine id="r2l15" custom="readingOrder {index:14;}">
                <Coords points="1733,940 3125,948 3090,893 1733,896"/>
                <Baseline points="1743,932 1811,933 1880,934 1948,935 2017,935 2086,936 2154,936 2223,936 2291,936 2360,936 2429,935 2497,935 2566,935 2634,935 2703,935 2772,935 2840,936 2909,937 2977,937 3046,939 3115,940"/>
                <TextEquiv>
                    <Unicode>Aber die Sammlung selbst verdient und findet die beste Aufnahme.</Unicode>
                </TextEquiv>
            </TextLine>
            <TextLine id="r2l16" custom="readingOrder {index:15;}">
                <Coords points="1726,996 3131,982 3075,937 2276,969 1726,938"/>
                <Baseline points="1734,978 1803,980 1872,981 1942,982 2011,983 2081,984 2150,984 2219,984 2289,984 2358,985 2428,984 2497,984 2566,984 2636,984 2705,984 2775,983 2844,983 2913,983 2983,983 3052,983 3122,983"/>
                <TextEquiv>
                    <Unicode>Der Benjamin unter den Kollektionen nennt sich Liliputbibliothek,</Unicode>
                </TextEquiv>
            </TextLine>
            <TextLine id="r2l17" custom="readingOrder {index:16;}">
                <Coords points="1731,1045 3127,1024 2999,985 1731,994"/>
                <Baseline points="1740,1031 1808,1031 1877,1031 1946,1031 2015,1031 2084,1031 2153,1032 2222,1032 2291,1033 2360,1033 2429,1033 2497,1033 2566,1033 2635,1033 2704,1033 2773,1032 2842,1031 2911,1030 2980,1029 3049,1027 3118,1025"/>
                <TextEquiv>
                    <Unicode>zierliche, geschmackvolle Lederbände, die man bequem in der Westen¬</Unicode>
                </TextEquiv>
            </TextLine>
            <TextLine id="r2l18" custom="readingOrder {index:17;}">
                <Coords points="1733,1093 3140,1083 2998,1035 1733,1044"/>
                <Baseline points="1741,1076 1810,1077 1880,1078 1949,1078 2019,1079 2088,1079 2158,1079 2227,1079 2297,1079 2366,1079 2436,1079 2505,1079 2575,1079 2644,1079 2714,1079 2783,1079 2853,1079 2922,1080 2992,1081 3061,1082 3131,1084"/>
                <TextEquiv>
                    <Unicode>tasche mitnehmen kann. „Faust“, „Hermann und Dorothea,</Unicode>
                </TextEquiv>
            </TextLine>
            <TextLine id="r2l19" custom="readingOrder {index:18;}">
                <Coords points="1732,1129 3074,1144 3136,1091 1732,1109"/>
                <Baseline points="1741,1124 1810,1124 1879,1125 1948,1125 2018,1125 2087,1125 2156,1125 2226,1126 2295,1126 2364,1126 2434,1126 2503,1126 2572,1126 2641,1127 2711,1127 2780,1128 2849,1128 2919,1129 2988,1130 3057,1131 3127,1133"/>
                <TextEquiv>
                    <Unicode>„Das Buch der Lieder, „Tell“ und manches andere</Unicode>
                </TextEquiv>
            </TextLine>
            <TextLine id="r2l20" custom="readingOrder {index:19;}">
                <Coords points="1722,1172 3122,1179 3053,1127 1722,1121"/>
                <Baseline points="1730,1169 1799,1171 1868,1172 1937,1173 2006,1173 2075,1174 2144,1174 2214,1175 2283,1175 2352,1175 2421,1175 2490,1175 2559,1175 2628,1175 2698,1175 2767,1175 2836,1176 2905,1176 2974,1177 3043,1179 3113,1180"/>
                <TextEquiv>
                    <Unicode>klassische Kleinod ist nun in dieser Diminutivausgabe erschienen, den</Unicode>
                </TextEquiv>
            </TextLine>
            <TextLine id="r2l21" custom="readingOrder {index:20;}">
                <Coords points="1728,1217 2901,1248 3083,1234 3120,1180 1728,1189"/>
                <Baseline points="1738,1217 1806,1219 1875,1220 1943,1221 2012,1222 2081,1223 2149,1223 2218,1223 2287,1223 2355,1223 2424,1223 2493,1223 2561,1223 2630,1223 2699,1223 2767,1223 2836,1223 2905,1223 2973,1224 3042,1225 3111,1226"/>
                <TextEquiv>
                    <Unicode>klaren, lesbaren Druck muß man anerkennen. In Bilderbüchern und</Unicode>
                </TextEquiv>
            </TextLine>
            <TextLine id="r2l22" custom="readingOrder {index:21;}">
                <Coords points="1731,1284 3120,1277 3120,1235 3051,1226 1731,1219"/>
                <Baseline points="1739,1271 1807,1272 1876,1273 1944,1274 2013,1274 2082,1274 2150,1274 2219,1273 2288,1273 2356,1272 2425,1272 2494,1271 2562,1271 2631,1270 2700,1270 2768,1270 2837,1270 2906,1270 2974,1270 3043,1271 3112,1272"/>
                <TextEquiv>
                    <Unicode>Jugendschriften wendet sich der Geschmack nun immer mehr der</Unicode>
                </TextEquiv>
            </TextLine>
            <TextLine id="r2l23" custom="readingOrder {index:22;}">
                <Coords points="1730,1314 3137,1318 3042,1275 1730,1278"/>
                <Baseline points="1738,1314 1807,1316 1877,1318 1946,1320 2016,1321 2085,1322 2155,1323 2224,1324 2294,1324 2363,1324 2433,1324 2502,1324 2572,1324 2641,1324 2711,1324 2780,1323 2850,1323 2919,1322 2989,1322 3058,1322 3128,1322"/>
                <TextEquiv>
                    <Unicode>tmodernen Produktion zu, seitdem kluge Verleger Künstler ersten</Unicode>
                </TextEquiv>
            </TextLine>
            <TextLine id="r2l24" custom="readingOrder {index:23;}">
                <Coords points="1731,1365 3135,1379 3050,1321 2679,1353 1731,1316"/>
                <Baseline points="1740,1361 1809,1364 1878,1366 1947,1368 2017,1369 2086,1370 2155,1371 2224,1372 2294,1372 2363,1372 2432,1372 2501,1372 2571,1372 2640,1371 2709,1371 2778,1370 2848,1370 2917,1369 2986,1369 3055,1368 3125,1368"/>
                <TextEquiv>
                    <Unicode>Ranges, wie Thoma, Schmidhammer, Urban, Leffler, u. a. zu den</Unicode>
                </TextEquiv>
            </TextLine>
            <TextLine id="r2l25" custom="readingOrder {index:24;}">
                <Coords points="1736,1440 1782,1446 1828,1424 1914,1441 2011,1423 2048,1437 2083,1423 2113,1438 2136,1424 2204,1432 2205,1381 2073,1374 2048,1390 1915,1369 1842,1387 1737,1368"/>
                <Baseline points="1746,1409 1771,1410 1796,1410 1821,1411 1846,1412 1871,1412 1896,1413 1921,1413 1946,1413 1971,1413 1996,1413 2021,1414 2046,1414 2071,1414 2096,1414 2121,1414 2146,1415 2171,1415 2196,1416"/>
                <TextEquiv>
                    <Unicode>Kleinen kommen lassen.</Unicode>
                </TextEquiv>
            </TextLine>
            <TextLine id="r2l26" custom="readingOrder {index:25;}">
                <Coords points="1763,1521 2200,1493 3062,1550 3096,1436 2365,1477 1764,1451"/>
                <Baseline points="1773,1488 1838,1487 1904,1487 1969,1487 2035,1488 2101,1489 2166,1491 2232,1493 2298,1496 2363,1499 2429,1501 2495,1504 2560,1506 2626,1508 2692,1509 2757,1510 2823,1510 2889,1509 2954,1507 3020,1504 3086,1500"/>
                <TextEquiv>
                    <Unicode>Iun Einlühnn—alektrischen Betriebes auf</Unicode>
                </TextEquiv>
            </TextLine>
            <TextEquiv>
                <Unicode>Seite 9
8. Dezember 1907

Ausstattung zu einem Einheitspreise, der in den meisten Fällen ungemein
mäßig angesetzt ist, wo die Kalkulation sehr bedeutende Auflagen (zehn¬
bis zwanzigtausend pro Band) zur Basis hat. Es gibt nun schon so
viele Kollektionen, daß die Verleger auf recht eigentümliche Titel ver¬
fallen, z. B. „Bücher der Rose“; sie sind aber nicht für Rosenzüchter
bestimmt; der erste Band heißt „Die Ernte“ und enthält eine Anthologie
deutscher Gedichte, der zweite „Alles um Liebe“, worunter sich die Briefe
Goethes aus der ersten Hälfte seines Lebens verbergen, sodann „Vom
tätigen Leben“, worunter abermals Gedichte Goethes, und zwar aus der zweiten
Lebenshälfte zu verstehen sind. Unter dem „Heiligen Krieg muß man sich
Hebbels Tagebücher und Briefe vorstellen usw. Etwas kompliziert!
Aber die Sammlung selbst verdient und findet die beste Aufnahme.
Der Benjamin unter den Kollektionen nennt sich Liliputbibliothek,
zierliche, geschmackvolle Lederbände, die man bequem in der Westen¬
tasche mitnehmen kann. „Faust“, „Hermann und Dorothea,
„Das Buch der Lieder, „Tell“ und manches andere
klassische Kleinod ist nun in dieser Diminutivausgabe erschienen, den
klaren, lesbaren Druck muß man anerkennen. In Bilderbüchern und
Jugendschriften wendet sich der Geschmack nun immer mehr der
tmodernen Produktion zu, seitdem kluge Verleger Künstler ersten
Ranges, wie Thoma, Schmidhammer, Urban, Leffler, u. a. zu den
Kleinen kommen lassen.
Iun Einlühnn—alektrischen Betriebes auf</Unicode>
            </TextEquiv>
        </TextRegion>
    </Page>
</PcGts>
