3344 4352
2101 273 2563 382 box 40/3
246 257 1978 389 Rainund-Preis and Burgtheaterring
461 531 1310 698 „OBSERVER“
557 684 1255 751 I. österr. behördl. konzessioniertes
531 730 1295 817 Unternehmen für Zeitungs-Ausschnitte
595 783 1230 866 WIEN, I., WOLLZEILE 11
665 845 1153 901 TELEPHON R-23-0-43
471 968 869 1063 Ausschnitt aus:
613 1105 1267 1222 Neues Wienereeaiaal, Hien
484 1200 638 1281 vom:
778 1183 1263 1332 10 UAl 1934
1222 1358 2679 1517 des Burgtheaterringes
298 1322 1224 1541 Ueberreichung
781 1507 2217 1696 an Else Wohlgemuth.
958 1720 2022 1820 Die Feier im Burgtheater.
384 1791 2695 1876 In feierlicher Weise fand gestern die Ueberreichung des Ziel erreicht und sind nun für die großen Verdienste, die Sie
280 1880 2690 1943 Burgtheaterringes für das Jahr 1934 statt, der bekanntlich vom ssich um das Burgtheater erworben haben, ausgezeichnet worden.
290 1902 2696 1972 Preisrichterkollegium der Jakob=Lippowitz=Burgtheaterring=Der Leiter der Bundestheaterverwaltung Sektionschef Doktor
302 1957 2702 2029 Stiftung mit einstimmigem Beschluß vom 11. April der Hof=Pernter und der Direktor des Burgtheaters, also Ihre Vor¬
1490 1995 2704 2070 gesetzten, die gleichfalls dem Preisrichterkollegium angehört
295 2016 1494 2085 schauspielerin Else Wohlgemuth in Anbetracht ihrer besonberen
291 2082 2701 2139 Verdienste um das Burgtheater zuerkannt wurde. Dem Preis=haben, fanden Sie in Uebereinstimmung mit allen übrigen Mit¬
293 2127 2702 2168 richterkollegium gehörten an: Bundesminister für Kultus und gliedern des Kuratoriums dieser Auszeichnung für würdig, da
1494 2137 2697 2207 wir Gelegenheit hatten, nicht nur Ihre eminente Künstlerschaft,
291 2161 1490 2216 Unterricht Dr. Kurt v. Schuschnigg, Altbundespräsident Doktor
1495 2191 2699 2255 sondern auch Ihre sympathische und vornehme Menschlichkeit
294 2218 1499 2276 Michael Hainisch, Sektionschef Dr. Hans Pernter, Hofschau¬
1492 2236 2700 2308 schätzen zu lernen. Dem Stifter des Burgtheaterringes Herrn
287 2266 1489 2323 spielerin Hedwig Bleibtreu, Dr. h. c. Gerhart Hauptmann,
1504 2270 2700 2348 Lippowitz sind wir jedenfalls Dank schuldig, daß er durch diese
280 2317 1488 2386 Dr. Karl Schönherr, Hofrat Georg Reimers, Dr. Ludwig Fulda,
1498 2331 2709 2410 Widmung Gelegenheit geboten hat, ein verdienstvolles Mitglied
282 2362 1490 2433 Hofrat Franz Herterich, Burgtheaterdirektor Hermann
1494 2383 2409 2457 des Burgtheaters auf diese Weise auszuzeichnen.“
293 2410 1498 2477 Röbbeling, Ministerialrat Dr. Viktor Schwegel in Vertretung
1583 2394 2701 2483 Hierauf überreichte Direktor Röbbeling unter lebhafter
292 2458 1500 2515 des Bundeskanzleramtes, Chefredakteurstellvertreter des „Neuen
1506 2462 2704 2544 Zustimmung des ganzen Auditoriums der Künstlerin den Burg¬
307 2509 1491 2576 Wiener Journals“ Dr. Walther Nagelstock. Als Schriftführer
1507 2514 2710 2592 theaterring und verlas dann nachstehende, in einem künstlerisch
307 2557 1506 2622 fungierte Sektionsrat im Unterrichtsministerium Dr. Thomas¬
1496 2567 2707 2648 ausgeführten Diplom niedergeschriebene, von ihm selbst ver¬
303 2612 484 2679 berger.
1501 2625 1831 2704 faßte Widmung:
400 2637 1512 2718 Else Wohlgemuth ist das fünfte Mitglied des Burgtheaters,
1726 2675 2335 2775 „Hochverehrte gnädige Frau!
287 2695 1512 2776 dem der Burgtheaterring zuerkannt wurde, den vor ihr Auguste
289 2748 1512 2817 Wilbrandt=Baudius (1926), Max Devrient (1928),
1587 2727 2715 2818 Empfangen Sie hiemit als äußeres Zeichen einer längst
302 2807 1510 2859 Hedwig Bleibtreu (1930) und Georg Reimers (1932) er¬
1506 2801 2705 2871 schon empfundenen Dankbarkeit den Burgtheaterring für das
307 2848 1506 2908 hielten. Da der Ring abwechselnd in einem Jahre einem Burg¬
1503 2857 2720 2926 Jahr 1934. Seit Ihrem Eintritt in das Burgtheater verkörperten
302 2892 2720 2964 theatermitglied, im folgenden einem Schriftsteller verliehen Sie auf dieser wunderbaren Stätte deutscher Schauspielkunst das
297 2942 2715 3010 werden soll, haben außer den genannten Schauspielern bisher Edelste der menschlichen Seele und Ihre Schönheit in Leid wie
302 2995 1503 3058 Dr. Artur Schnitzler (1926), Hermann Bahr (1927),
1510 2989 2709 3057 in Freude. Eine der vornehmsten Aufgaben der Kunst, die
303 3044 1505 3111 Gerhart Lauptmann (1929), Dr. Karl Schönherr (1931)
1495 3029 2715 3113 ästhetische Erziehung der Menschen, ist durch die schöne Reihe
309 3094 1511 3156 und Dr. Ludwig Fulda (1933) diese Auszeichnung erhalten.
1503 3083 2724 3152 der Gestalten, denen Sie ein volles und reines Herz geschenkt
1506 3134 2723 3207 haben, vorbildlich gelöst worden. Hat sich bei der Jahrhundert¬
395 3139 1513 3190 Die Ueberreichung des Burgtheaterringes an Else Wohl¬
1498 3173 2715 3258 feier in Weimar die deutsche Oeffentlichkeit bewundernd vor
297 3171 1508 3246 gemuth wurde in einem kleinen Foyersalon vorgenommen, der
1503 3226 2726 3298 Ihrer Leonore d’Este' geneigt, so soll dieser Ring Sie, Frau
295 3231 1512 3308 eigens für diese Feierlichkeit im Parterre des Burgtheaters
1509 3269 2720 3340 Else Wohlgemuth, der treuen Anhänglichkeit Ihres Wiener
312 3288 1514 3345 dekoriert worden war. In der Mitte des improvisierten Gemaches
300 3312 2727 3403 war ein Thronsessel bereitgestellt, um den herum im Halbkreis Publikums, dem Sie so viele Feste geschenkt haben und das nun
1503 3371 2726 3436 durch das unterzeichnete Kuratorium zu Ihnen spricht, ver¬
298 3372 1513 3439 Fauteuils für die Fostgäste standen, die besonders zahlreich er¬
298 3421 1506 3475 Ischienen waren. So sah man in Vertretung des Bundespräsidenten
1514 3428 1679 3497 sichern.
1607 3434 2722 3523 Mit der am heutigen Tage erfolgten Uebergabe des Ihnen
296 3473 1522 3526 Kabinettsdirektor Klastersky, in Vertretung des von Wien ab¬
1506 3509 2720 3569 verliehenen Ringes der Jakob Lippowitzschen Burgtheaterring¬
305 3514 1501 3568 wesenden Chefs der Bundestheaterverwaltung Sektionschef
302 3560 1513 3635 Dr. Pernter Ministerialrat Dr. Eckmann und Ministerialrat
1510 3554 2724 3625 stiftung für das Jahr 1934 wird gleichzeitig beurkundet, daß Sie
1512 3617 2729 3676 nunmehr Mitglied des Preisrichterkollegiums dieser Stiftung
311 3596 1504 3670 Kosak, Minister a. D. Dr. Spitzmüller, Polizeipräsidenten Doktor
305 3651 1507 3702 Eugen Seydl, Direktor Röbbeling, den Herausgeber des „Neuen
1506 3659 1848 3723 geworden sind.“
304 3703 1518 3755 Wiener Journals“ Oskar Loewenstein, Frau Helene Loewenstein,
1611 3677 2730 3762 Nachdem Direktor Röbbeling Frau Wohlgemuth unter großem
308 3748 1518 3805 Chefredakteurstellvertreter Dr. Walther Nagelstock, Professor
1523 3755 2722 3810 Beifall der Festgäste das Diplom überreicht hatte, trat Professor
314 3784 1516 3855 Dr. Gregor von der Theatersammlung der Nationalbibliothek,
1519 3802 2727 3867 Alwin vor und hielt an die Künstlerin folgende gereimte Ansprache:
305 3842 1519 3894 Baronin Werkmann, Frau Frieda Pollak, die Mitglieder des
1654 3859 2413 3922 „Die Staatsoper hat mich heut' entsandt,
318 3877 1535 3949 Burgtheaters Auguste Pünkösdy, Lily Karoly, Anni Hartmann
1658 3901 2351 3975 Ich komme als zwiefacher Gratulant:
314 3915 1540 4005 und Hofrat Georg Reimers, Eidlitz, Philipp v. Zeska, Walter
1657 3942 2221 4001 Zuerst für die Operndirektion,
1658 3985 2330 4043 Dann aber für meine eig’ne Person.
312 3981 1538 4047 Huber, Fred Liewehr, Fritz Straßny, Eduard Volters und die
1713 4006 2388 4080 fänd' ich wie Wagner „Jubelweisen“,
1651 4030 1726 4072 O
317 4014 1540 4090 Dramaturgen Buschbeck und Rosenthal vom Burgtheater sowie
1654 4042 2487 4110 Dich Elsa — Wohlgemuth würdig zu preisen!
312 4084 1214 4160 Professor Alwin in Vertretung der Staatsoper.
1661 4098 2437 4153 Man müßte die Schönheit selbst musizieren,
420 4117 1547 4179 Kurz nach 10 Uhr erschien, von Hofrat Georg Reimers
1668 4109 2513 4186 Und könnt' sich gering nur dadurch revanchieren
