3392 4352
2092 270 2560 382 box 40/3
232 287 1959 379 Rainund-Preis and Burgtheaterning
1984 558 2733 677 OieGer 1/7 71
1041 608 1537 701 WIENER BRIEF.
359 657 2746 763 Zum Schluns kommt die Nachricht, dass der ’Rainundpreis“ (vel. left 10,
347 727 2679 809 S. 464) nun doch verteilt vorden int. Er fiel (im Betrage von je 3000
351 761 2686 867 Kronen) auf Arthur Schnitsler und Rudolf flotzer, Und zwar erhieft ihn
352 835 2758 953 der erstero für die ' Viener Komödie“ “Der Junge Modardus“ der letztero
357 924 2664 1013 für sein Stück ’Gute Mütter“ Während die Begründung für Hotzer ganz
353 1010 2725 1071 kurz 1 utet: 'zur Ermunterung' weil er sich 'die dichterische Behand¬
357 1036 2756 1124 lung ues Wiener Lobens zum Zicie gosetzt hat“ hebt jene für Schnitzler
384 1101 2668 1184 'die durch eigentüntiche Erfindung betätigte schöpferische Phantasio“
361 1166 2760 1242 seines Stückes hervot und neint, dass os sich 'durch die gediegene Cha¬
355 1216 2751 1295 rakteristik und eine nicht alltägliche Behandlung der Sprache auszeich¬
358 1275 2755 1368 ne“. Ver also noch nicht wusste, was der junge Medardus für ein Muster¬
361 1356 2730 1445 und heisterwerk eigentlich ist, der hat es nun schwarz auf veiss.Ei¬
361 1398 2751 1512 gentüniche Erfindung - schöpferische Phantasie - gediegene Charakteri¬
2022 1471 2764 1557 viel auf einen Hieb!
360 1463 1996 1583 stik - nicht alltägliche Behandlung der Spraste“
357 1606 2733 1689 Ner’s nicht glaubt, zahlt einen Taler! - Dass Schnitzler von Hause aus
2185 1655 2237 1686 —
372 1642 2725 1741 sehr vermögend ist und durch seinen Beruf (als Frauenarzt) schöne Ein¬
368 1706 2798 1792 nahnen hat, sei nur ganz nebenbei benerkt. Frage: Nozu sind Dichterprei¬
372 1762 2849 1862 se eigentlich gestiftet worden? Als Taschengeld für Vermögende? U. A.veg¬!
1386 1835 2377 1927 Ottokar Stauf von der March.
1181 1921 1252 2035 8
442 2249 1445 2353 Ausschnitt aus: Nones Wiener Journal, Wien
2123 2246 2620 2404 S  S P An
531 2334 838 2414 I0APR. 1974
443 2376 609 2444 vom:
1824 2393 2960 2517 Ausschnitt Wiener Montags Journal, Wien
383 2468 1524 2546 Laase des heutigen Tages keine Beranderung eingerteien.
2035 2483 2329 2572 20 APR. 1914
1831 2510 1990 2582 vom:
505 2521 1670 2600 (Die Gemeinde Wien und Artur Schnitzler.)
389 2575 1667 2633 In der gestrigen Gemeinderatssitzung stellte Gemeinderar Hohen¬
1958 2588 2703 2697 ###7„ Ueberflüssige Fragen.
410 2624 1673 2706 sinner folgende Anfrage: Heuer wurden die Wiener Dichter
1876 2608 3001 2758 Gemeinderat Hohensinner hat in der letzten Gemeinderats¬
392 2673 1670 2751 Artur Schui#l## und Rudolf Holzer mit dem
1784 2696 3006 2805 ssitzung den Bürgermeister gefragt, warum der Schriftsteller
389 2718 1664 2768 Raimund=Preise beteilt. Nun hat der geschäfts¬
1795 2746 3003 2854 Holzer begratuliert wurde und der Dichter Schnitzler nicht ...
396 2765 1661 2848 führende Vizebürgermeister Hierhammer
1797 2791 3009 2894 Nachdem Gemeinderat Hohensinner ganz gut weiß, warum
385 2816 1672 2868 wohl dem Herrn Rudolf Holzer die Gratulation der
1801 2845 3013 2948 Schnitzler nicht begratuliert wurde und Holzer ja, — weil näm¬
396 2861 1662 2930 Gemeinde Wien ausgesprochen, die Verleihung des Raimund¬
1799 2873 3013 2988 lich Holzer Christ und Schnitzler Jude ist, so stellt sich seine
399 2906 1658 2979 Preises an Artur Schnitzler aber völlig ignoriert.
395 2945 815 3027 Es hat allgemeine
1805 2927 3023 3041 Anfrage als recht überflüssig heraus. Die Gemeinderatsoppo¬
804 2945 1672 3044 Anerkennung gefunden, daß die Gemeinde
399 2998 827 3077 Wien einem jungen
1805 2981 3023 3088 sition sollte doch endlich dieses Spiel aufgeben, die Majorität
826 3007 1661 3082 Talent zu seinem Erfolge gratulierte, es
401 3045 838 3119 erregte aber auch
1819 3022 3022 3138 immer des Mangels an Objektivität überführen zu wollen. Die 5
841 3051 1409 3130 allgemeines Befremden,
1394 3043 1671 3129 daß Artur
400 3105 1663 3152 Schnitzler, dessen dramatische Werke auf den Bühnen
1805 3072 3019 3183 ganze Welt weiß, daß die Wiener Gemeinderatsmajorität anti¬
395 3144 1670 3196 aller Völker und aller Länder erschienen sind, den
1816 3141 3017 3238 semitisch ist und es ist wirklich überflüssig, das immer beweisen
396 3193 1686 3281 Glückwunsch der Gemeinde Wien nicht empfing, weshalb gefragt¬
1806 3176 3020 3294 zu wollen. Gewiß, es ist illoyal, diesen Antisemitismus auf
393 3244 1655 3303 wird, warum die Beglückwünschung Artur Schnitzlers unter
1809 3229 3026 3330 die friedlichen Gebiete hinüberführen zu wollen und einem;
387 3290 1671 3368 lassen wurde, ob eine Absicht oder nur ein Versehen
1815 3281 3024 3396 Ausgezeichneten die Gratulation zu versagen, wo man sie dem
390 3338 1668 3388 vorliegt und ob er geneigt ist, noch nachträglich den
1812 3331 3025 3437 anderen zugesteht. Aber, seit wann ist denn Parteihaß un¬
398 3383 1670 3457 Dichter durch eine Gratulation, wie sie dem Dichter Holzer zuteil
1805 3371 3022 3472 parteiisch und welcher Grund liegt vor, das nicht als fest¬
385 3441 1669 3493 wurde, zu ehren? Bürgermeister Dr. Weiskirchner er¬
1811 3425 3025 3543 stehend annehmen zu wollen? Man hat Unger nicht aus¬
396 3490 1671 3554 widerte: Ich bin erst vorgestern von meinem Urlaub nach Wien
1821 3479 3042 3580 gezeichnet und wird Güdemann nie die Salvatormedaille geben.
396 3528 1677 3608 zurückgekehrt und mittlerweile ist der zweite Herr Vizebürger¬
1820 3528 3035 3621 Aber man wird gerne Stiftungen von Wertheimsteins an¬
391 3564 1678 3624 meister auf Urlaub gegangen. Ich konnte ihn also nicht mehr
1826 3583 3045 3675 nehmen und philanthropische Veranstaltungen der Prinzessin is
389 3607 1676 3684 fragen, aus welchen Beweggründen er so und nicht anders vor¬
1818 3613 3051 3713 Liechtenstein mit Jndengelo stärken. Das sind politische
391 3664 1672 3723 gegangen ist. Ich kann jetzt nach dieser Inter¬
1825 3681 3038 3764 Unterschiede, die man in Wien gewöhnt ist, und darum immer
396 3718 1684 3782 pellation natürlich den Herrn Artur
1821 3728 3041 3817 wieder zu fragen, das wirkt eher aufreizend, als überführend.
394 3765 1546 3832 Schnitzler nicht mehr beglückwünschen.
1834 3767 3048 3866 Die Majorität leugnet ja nicht, antisemitisch zu sein, was fragt
499 3791 1707 3905 (Ausfallende Empfänge.) Montag den 20. d. M. entfältt
1836 3819 3047 3911 Herr Hohensinner immer wieder darnach, ob sie es in einzel¬
1812 3893 2277 3980 nen Fällen auch ist?
