3392 4352
2131 307 2592 410 box 40/3
260 320 1994 407 Rainund-Preis and Burgtheaterrinz
2341 609 3341 677 griffen und es stellte sich heraus, daß er der
1293 605 2329 681 dolf Holzer je 2000 Kronen zuerkannt, diesem
342 613 1192 732 Die Zuerkennung des
2349 677 3346 748 Franzosenkaiser, den er als den Erniedrige
1292 679 2330 755 für das Stück „Mütter“, jenem für die Historie
2351 729 3346 799 Deutschlands haßte, ermorden wollte. Napoleon
252 700 1280 810 Raimund=Preises—einfrecher
1286 732 1835 822 „Der junge Ardardus“
2347 783 3345 857 gedachte ihn zu begnadigen, doch Staps erklärte
1381 756 2326 864 Rudolf Holzer, ein Redakteur der „Wiener
315 787 1220 900 Hohn auf den deutschen
2336 844 3344 934 daß er nicht eher ruhen würde, bis sein Vorsa
1294 850 2339 923 Zeitung“, ist Arier, was aber nicht viel bedeutet,
2343 902 3360 975 ausgeführt wäre. Dieser edle, nur von seinen
1299 904 2327 979 da ja sein Zusammenhang mit dem Judentum,
463 879 961 1005 #Kunstsinn.
258 888 408 1010 Ja
2342 952 3352 1025 Fanatismus irregeleitete Jüngting wurde vor
1302 967 2337 1037 abgesehen von seiner Verheiratung mit einer
318 958 1288 1051 — Um die dichterischen Kräfte wieder in den
2340 1017 3342 1087 Schnitzler in einen Wiener Buchhändlersoh
1298 1040 2326 1101 Jüdin, schon durch seine Zugehörigkeit zur „Con¬
245 1030 1278 1099 Dienst der Volksbühne zu stellen, wurde nach
2347 1075 3352 1144 namens Medardus Klähr verwandelt. Bei diese
1296 1086 2326 1173 cordia“ offenkundig ist. Wäre dies anders, so
242 1087 1281 1171 der Gründung des Wiener Raimund=Theaters
2338 1132 3354 1212 Metamorphose ging die Reinheit des Urbilde
1301 1144 2338 1217 wäre er wohl leer ausgegangen wie ein anderer
236 1153 1282 1225 eine Preisstiftung ins Leben gerufen, aus deren
2336 1200 3352 1280 verloren. Medardus wird durch Schnitzlers Dra
1307 1204 2338 1274 Christ, der in Betracht kam, sich aber mit einer
247 1201 1277 1288 Zinsen die besten der dort aufgeführten Stücke
2346 1258 3351 1328 matik mit einer französischen Prinzessin, die m
1297 1261 2340 1329 „ehrenvollen Erwähnung“ begnügen mußte. Daß
243 1266 1286 1351 durch Preise ausgezeichnet werden sollten. Das
2345 1318 3358 1386 ihrem Vater, einem Gegner Napoleons, in Wie
1307 1315 2330 1396 der literarische Wert der Stücke ganz nebensäch¬
246 1322 1289 1398 Kapital widmete Herr Alfred Strasser, ein Jude,
2350 1368 3348 1431 lebt, verkuppelt (den Kuppelpreis zahlt das Ho
1298 1370 2340 1449 lich war, erhellt daraus, daß ein so elendes
248 1381 1281 1456 dem man jedoch nachsagte, daß er aufrichtig die
2344 1426 3352 1495 burgtheater); Klährs Schwester wird von den
1304 1436 2340 1496 Machwerk wie „Der junge Medardus“ von
250 1451 1288 1524 künstlerischen Absichten des damaligen Direktors
2349 1480 3354 1557 Bruder dieser hohen Dame unter dem Verspre
1308 1478 2338 1565 Schnitzler preisgekrönt wurde. Aber Schnitzler
242 1511 1285 1590 Adam Müller=Guttenbrunn fördern wollte. Der
2353 1552 3361 1610 chen, der Heirat verführt; weil dieser aber sein
1298 1563 2335 1629 ist Jude. Nun — „der Medardus“ wird doch
245 1560 1286 1650 Stiftbrief enthielt auch die Bestimmung, daß die
2349 1604 3357 1679 Zusage nicht erfüllen kann, geht das Paar frei
1296 1611 2341 1681 im Burgtheater gespielt? Leider ist die jüdische
242 1619 1285 1694 Stiftung, wenn das Raimund=Theater seinem ur¬
2350 1668 3353 1745 willig in den Tod. Medardus sinnt schon lang
1297 1673 2333 1743 Lüsternheit hofburgtheaterfähig geworden! Ja,
249 1683 1289 1769 sprünglichen Zwecke entzogen wäre, in die Ver¬
2363 1730 3346 1809 schreckliche Rache. Sein Vater hatte sich, da e
1299 1740 2335 1808 sind denn von den fünf Preisrichtern nicht doch
252 1731 1293 1821 waltung der Akademie der Wissenschaft überzu¬
2359 1783 3354 1859 wegen der Franzosen vier Jahre vorher in de
1309 1794 2339 1878 zwei, die als Christen gelten? Eher würde noch
245 1789 1288 1874 gehen hätte. Dieser Fall ist nun tatsächlich ein¬
2357 1827 3345 1923 Bürgerwehr Dienst tat, eine Erkältung zugezogel
1309 1846 2332 1916 ein Jude gegen fünf Schnitzler stimmen, als Herr
244 1858 1283 1945 getreten, da das Raimund=Theater keine neuen
2351 1888 3361 1983 und war gestorben. Das soll jetzt Napoleo
1311 1906 2341 1987 Reg.=R. Glossy und Herr Cavar — der wird
245 1913 1296 1991 Volksstücke mehr aufführt, sondern die Operette
2358 1952 3354 2026 büßen, obschon der gar nichts dafür kann. Me
1311 1977 2329 2048 sichs doch nicht mit der „Concordia“ verderben!
245 1964 1288 2051 pflegt. Was aber geschah? Der jüdische Jour¬
2347 2022 3350 2095 dardus will auch die Prinzessin bloßstellen, gerc
1309 2013 2334 2105 Aber die Preisrichter haben ja ihre Entscheidung
252 2042 1287 2113 nalistenverein „Concordia“, der sich durch die
2354 2073 3359 2152 aber in das von Schnitzler ihr zur Verfügung
1310 2095 2336 2177 begründet; sie haben den „Medardus“ als „ein
242 2096 1283 2171 Bestimmung bedroht sah, weil die Akademie
2351 2134 3357 2218 gestellte Liebesnetz, geht dann nach Schönbrunn
1315 2136 2340 2231 Werk“ erkannt, in dem sich „schöpferische Phan¬
252 2134 1285 2226 der Wissenschaften vielleicht bei der Neuordnung
2353 2191 3346 2265 um Napoleon zu erdolchen, tötet aber, ehe
1305 2200 2343 2289 tasie durch eigentümliche Empfindung betätigt
262 2210 1298 2279 der Stiftung nicht ausschließlich ihre Wünsche
2363 2253 3353 2347 dazu kommt, seine ihm gerade entgegenkommend
1314 2268 2350 2337 und das sich durch nicht alltägliche Behandlung
246 2273 1297 2338 berücksichtigt hätte, setzte sich mit Herrn Strasser
2365 2306 3355 2407 Prinzessin, von der das Gerücht erzählt, daß si
1300 2320 2338 2386 der Sprache auszeichnet“? Die Preisrichter haben
244 2331 1292 2394 ins Einvernehmen und erwirkte bei der k. k. n.=ö.
2360 2364 3353 2460 inzwischen Napoleons Maitresse geworden se
1308 2382 2344 2466 das Stück vielleicht einmal im Burgtheater ge¬
249 2377 1287 2466 Statthalterei eine Anderung des Stiftbriefes.
2358 2427 3359 2514 Ist das nicht schön? Ifi das nicht genial erfum
1307 2437 2335 2526 sehen und die Ausstattung bewundert — ob sie
244 2464 1287 2525 Welchen Sinn diese Anderung hatte, zeigte sich
2351 2485 3351 2563 den? Und da ist man immer gegen die Fün
1310 2491 2338 2571 es aber auch gelesen haben? Wir bezweifeln das
253 2509 1289 2588 bei der vor kurzem vollzogenen Preisverleihung.
2352 2550 3360 2635 kreuzerbücheln als Schundlektüre losgezogen, di
1303 2559 2336 2639 sehr. Oder wollten sie durch ihre Begründung
252 2571 1284 2641 Das Preisgericht, bestehend aus den Herren
2358 2604 3346 2687 doch ebenso phantasievoll und auch so saube
1313 2622 2340 2700 gerade das verdecken, was die Preiswürdigkeit
254 2629 1287 2699 Alfred Cavar (Direktor des Raimund=Theaters),
2349 2677 2534 2765 waren.
1307 2673 2335 2754 auch dem oberflächlichen Kunstverständnis in
246 2684 1289 2737 A. Strasser (Vertreter des Raimund=Theaterver¬
2442 2691 3356 2806 Aber Schnitzler schrieb ja eine Historie -
1302 2730 2351 2803 Frage zu stellen schien? Wie ist denn nur die
246 2736 1289 2815 eines), Dr. A. Bettelheim (Vertreter des Zweiges
2359 2767 3354 2869 ein Stück Weltgeschichte! Schnißzlersche Geschicht
1312 2782 2342 2866 schöpferische Phantasie Schnitzlers beschaffen?
253 2793 1288 2871 Wien der Schillerstiftung), Reg.=Rat Dr. Karl
2351 2841 3354 2915 auffassung: Wo steckt die Dirne? (SCherchez
1300 2857 2338 2931 Als Napoleon das zweite Mal in Schönbrunn
249 2849 1292 2940 Glossy (Vertreter der Grillparzer=Gesellschaft)
2349 2907 3347 2977 femme!*) Und seine Phantasie betätigt sich durc
1302 2920 2335 2987 weilte (1809), wurde eines Tages. Friedrich Staps,
259 2932 1299 3010 und Reg.=Rat I. Winternitz (Vertreter der
2362 2948 3345 3040 eigentümliche Empfindung. Medardus Klähr
1304 2972 2337 3052 der aus Erfurt zugereiste, 17jährige Sohn eines
254 2971 1292 3054 „Concordia*), also 3 Juden und 2 Liberale, hat
2362 3021 3359 3100 nichts anderes als ein frühreifer und durch seinn
1308 3019 2341 3112 Naumburger Predigers, im Schloßhofe aufge¬
255 3037 1290 3135 den Schriftstellern Artur Schnißler und Ru¬
2361 3067 3354 3157 galanten Studentenabenteuer auch schon schla
2346 3127 3351 3205 gewordener jüdischer Lebejüngling, aber keck un
1313 3138 2341 3221 kümmerte die Firma nicht.“ — In einer Ver¬
250 3137 1288 3232 Fuchs, Silberstein, Weyl, Jadek, Manasse, Cohen,
2353 3192 3358 3268 unverschämt, wie es eben nur ein Jude sein kann
1311 3204 2334 3276 sammlung, wo man die Wohnungsfrage der Ar¬
263 3210 1298 3282 Hirsch, Wollheim, Friedländer, Mayer, Koblenzer,
2361 3256 3348 3336 Am Ende stand Herrn Schnitzler bei dieser Figu
1307 3263 2327 3335 beiter beriet, hat, wie die „Halle'sche Zeitung“
272 3269 1298 3341 Davidsohn, Katzenstein usw. In Österreich;
2353 3322 3358 3389 ein aus Budapest zugewanderter Stammesgenosst
1311 3324 2336 3404 seinerzeit berichtete, Singer zu seiner Umgebung
264 3315 1297 3413 Dr. Adler, Karpeles, Abraham, Austerlitz, Dia¬
2363 3368 3353 3439 Modell, der ebenso durch seine Dreistigkeit wi
1312 3396 2347 3456 gesagt: „Es fällt mir nicht ein, dem Arbeiter
261 3398 1291 3459 mant, Ellenbogen, Feldmann, Fränkel, Fried,
2358 3430 3328 3506 seine Unwissenheit bekannt geworden ist und
1310 3445 2343 3516 eine besondere Wurst zu braten. Denn wenn er
257 3442 1290 3510 Hirsch, Morgenstern, Rubinstein, Rosenzweig,
2351 3491 3362 3556 nun auch schon zum Burgtheaterdichter gebrach
1316 3494 2346 3569 eine bessere Wohnung hat, so ist er zufrieden;
251 3507 1289 3600 Schacherl, Schlesinger, Stern Schnitzler, Spiel¬
1320 3563 2338 3641 und wenn er zufrieden ist, so ist er für unsere
2348 3555 2468 3649 hat.
263 3564 522 3647 mann usw.
2445 3585 3368 3684 Medardus hat mit dem Bräutigam de
1319 3610 1846 3694 Zwecke nicht zu haben.“
346 3599 1291 3700 Um die Arbeiterführer hat es überhaupt
2352 3677 3352 3742 Prinzessin ein Duell ausgefochten und wurd
1405 3678 2335 3741 In welcher Weise die Juden „parlamen¬
252 3667 1307 3746 eine eigene Bewandtnis. Um den 130 sozialde¬
2364 3723 3362 3792 nah dem Herzen verwundet. Die Prinzessin sende
1317 3729 2335 3802 tarische Arbeit“ leisten können, das kennzeichnete
262 3734 1300 3805 mokratischen Abgeordneten, die seit 1867 im
2351 3785 3357 3850 ihre Kammerjungfer zu Medardus mit Blumen
1322 3787 2332 3855 die sozialdemokratische „Leipziger Volks¬
270 3789 1298 3866 Reichstage gesessen haben, sind nur 16 wirkliche
2360 3843 3358 3911 Da entwickelt sich zwischen ihm und der Boti#
1322 3851 2337 3924 zeitung“ mit folgenden Worten: „Dazu gehört
267 3850 1295 3922 Arbeiter anzutreffen. Als eigentlicher Leiter aber,
2357 3898 3358 3975 ein sonderbarer Dialog. Er: Bestellen Sie de
1319 3905 2347 3974 in erster Linie eine Portion Frechheit. Unserm
262 3906 1300 3981 in dessen Händen selbst Bebel nur eine Draht¬
2363 3966 3363 4032 Prinzessin, daß ich ihr meinen Dank persönlich
1320 3966 2348 4030 Freunde Goldstein fehlt es an dieser guten Gabe
261 3973 1306 4036 puppe war, galt der kürzlich verstorbene jüdische
2967 4016 3350 4089 Sie: Sie sind j
2350 4022 2883 4097 zu Füßen legen werde!
1317 4022 2347 4100 Gottes nicht, er wird diesen Politikern mit der
268 4029 1306 4102 Millionär und ehemalige Mäntelfabrikant Paul
2528 4071 3362 4143 Er: Ich will Ihrem gnädigen Fräulein
2354 4082 2489 4158 toll!
1309 4073 2355 4163 nötigen Ruppigkeit derbe Wahrheiten zu sagen,
260 4087 1305 4153 Singer. Der Geschäftsbetrieb dieses Herrn wurde
1314 4132 3355 4207 wissen.“ Das deutsche Volk, das seine Vorzüge ins zum Dank die Hand küssen, und zwar noch
270 4144 1300 4223 seinerzeit durch ein Gerichtsurteil folgendermaßen
