3436 4352
2132 247 2590 359 box 40/3
251 242 1988 373 Rainund-Preis and Burgtheaterring
2376 515 2827 622 Jahrgang XX
466 521 712 627 Nr. 17
1211 504 2116 665 Dr. Bloch’s
525 919 2865 1015 Gestrrrrithistht wolhsenschrist.
506 1071 2791 1162 Zentralorgan kür die gesamten Unteressen des Judentums.
2324 1200 2815 1259 Bezugspreis für Oesterreich:
534 1203 967 1254 U k. Postsparkassenamt
2387 1243 2753 1291 Halbjährig 8 Kronen:
478 1245 1008 1326 Tlearing=Verkehr
1270 1221 2029 1320 Wien, 24. April 1914
2338 1267 2780 1343 Einzelexemplare 50 Heller.
599 1298 916 1359 Nr. 810.976.
2408 1325 2747 1377 Für's Rugland:
489 1338 1008 1420 Redaktion und Administration.
2356 1348 2764 1418 Halbjährig 10 Kronen,
1176 1337 2141 1432 = Erscheint jeden Freitag. —
685 1383 841 1442 Wirn
2364 1408 2758 1463 Ganzjährig 20 Kronen.
528 1399 967 1491 II/1, Praterstraße 9
2298 1450 2817 1514 Anzeigen: Die nal gespal¬
1251 1437 2059 1527 Brief=Adresse: Wien, II/1, Praterstraße 9
2235 1440 2324 1540 1
536 1463 953 1543 Telefon 14847
2356 1492 2798 1538 tene Petttzeile 48 Heller.
1184 1502 2132 1584 Telegramm=Adresse: Bloch's Wochenschrift, Wien.
936 1524 1082 1585 8O
430 1526 546 1590 O C
2600 1529 2758 1623 anenen
423 1608 2891 1704 Inhalt: Leitartikel: Eine unterbliebene Gratulation. — Generalversammlung der israelitischen Allianz — Vom Jahrmarkt des
607 1674 2888 1735 Lebens: Ehrung eines jüdischen Professors. Ein Monument für jüdische Kriegshelden. Gegen das Missionéunwesen in Palästina.
611 1731 2896 1795 Ein Herzl=Buch, das nicht erscheinen wird. Die Getauften in der jüdischen Gesellschaft. — Korrespondenzen: Festsitzung des
608 1771 2899 1832 Vereines zur Unterstützung israelitischer Handwerker und Kleingewerbetreibender in Wien. Programm der weiblichen Fürsorge. Erfolge
607 1827 2895 1891 jüdischer Patronagetätigkeit. Auszeichnungen in Sarajevo. Rumänien läßt auch in Amerika gegen die Juden hetzen. Ein Protest der
608 1874 2896 1942 jüdischen Studenten in Jassy. Das hundertjährige Jubiläum der Judenemanzipation in Dänemark. Eine Interpellation wegen der
601 1916 2892 1970 Pogremagitation in der. Reichsduma. Zum Jubiläum David Frischmanns. Geheilte Volkt verbändler. — Vermischtes —
609 1973 2360 2037 Feuillzron: Der Jude auf dem Theater. — Literatur. — Briefkasten. — Notizen. — Inserate.
883 2022 991 2092 Gchen
393 2076 976 2178 Dt
1660 2102 2894 2178 der Stadt Wien als einer ihrer begabtesten Söhne in
546 2136 1597 2215 Eine unterbliebene Gratulation.
1661 2153 2898 2219 die ganze Welt getragen. Auch wer ihn nicht anerkennen
1658 2209 2892 2276 ill, muß zugeben, daß seine Stücke auf allen Bühnen der
535 2213 1656 2277 Der Wiener Raimundpreis für Literatur wurde
1657 2260 2897 2322 Welt, in allen Sprachen aufgeführt wurden. Der
426 2268 1657 2326 heuer von der Jury an die beiden Dichter Holzer und
1666 2297 2910 2372 rauschende Applaus in Hunderten von Theatern enthebt
435 2315 1653 2373 Schuitzler—verliehen. Es ist eine schöne Sitte, daß der
1669 2352 2900 2415 wohl Artur Schnitzler für Lebenszeit aller Sehnsucht,
434 2360 1665 2410 Bürgermeister den mit der Auszeichnung bedachten Pocten
1673 2402 2898 2456 den Glückwunsch eines Wiener Bürgermeisters zu emp¬
439 2412 1667 2488 zu gratulieren pflegt. Auch in diesem Jahre hat man
1672 2446 2906 2517 fangen. Jedoch nicht ihm war man die Gratulationen
443 2452 1668 2528 daran gedacht, der Freude Ausdruck zu geben, daß das
1668 2496 2899 2569 schuldig, sondern sich. Die Wortführer der Wiener Ge¬
441 2513 1657 2578 geistige Leben Wiens hervorragende Vertreter hat. Auch
1671 2536 2899 2615 meinde waren verpflichtet, ihrerseits Dank und Aner¬
447 2556 1672 2631 heuer ist ein Glückwunschschreiben abgegangen, aber nur
1674 2593 2905 2653 kennung einem Manne auszusprechen, der das Wesen
438 2600 1672 2679 eines. Wie aus einer Interpellation Hohensinners im
1675 2657 2894 2719 Wiens wie kaum ein zweiter erkannt und dichterisch ge¬
445 2658 1661 2722 Gemeinderat hervorgeht, erhielt bloß Holzer die Gratu¬
1664 2699 2907 2761 schildert hat. Enthusiastisch hat Paris den Poeten ge¬
444 2721 1657 2777 lation, Schnitzler aber nicht. Der Grund ist leicht be¬
1672 2744 2903 2821 feiert, welcher der Grisette ein geistiges Denkmal gesetzt
441 2746 1672 2832 greiflich. Holzer ist Arier, Schnitzler aber nur Jude.
1674 2788 2905 2867 hat. Dem Herold des „Süßen Wiener Mädels“ jedoch
445 2807 1667 2882 Das sagte nun der Bürgermeister Weiskirchner in seiner
1681 2843 2891 2905 ist man ein paar anerkennende Worte schuldig geblieben.
442 2850 1664 2920 Antwort auf die Interpellation nicht. Er erzählte bloß
1679 2903 2892 2959 Schnitzler hat die Großstadt geistig nochmals aufgebaut,
440 2906 1668 2974 ausweichend, er selbst wäre auf einer Reise gewesen, als
1673 2950 2901 3019 indem er alle Schichten ihrer Gesellschaft plastisch und
448 2955 1670 3019 die Gratulation erfolgte, und diese könne nun nach der
1672 3011 2903 3058 unübertrefflich schilderte, bis vielleicht auf den Kreis
449 3009 1382 3066 Interpellation nicht mehr erstattet werden.
1679 3041 2907 3105 der Arbeiter, dessen literarische Verwertung wir vermutlich
546 3044 1661 3105 Es wäre nun weitaus schöner und mutiger gewesen,
1673 3095 2907 3151 seinen reiferen Jahren zu danken haben werden. Er ist
451 3106 1676 3162 wenn der Bürgermeister das wirkliche Motiv für die
1680 3149 2890 3203 jedoch bei seiner reichen Begabung durchaus nicht ein¬
447 3153 1666 3218 Unterlassung angegeben hätte. Er hat dies jedoch offenbar
1674 3184 2906 3247 seitig gewesen und hat alle die weltbewegenden Probleme
448 3202 1670 3274 aus dem Schamgefühl eines Mannes heraus nicht gesagt,
1684 3234 2912 3301 und Ideale der Menschheit wie ein Mediziner seziert und
438 3260 1675 3313 welcher sich der Bedeutung des Poeten Schnitzler bewußt
1685 3305 2907 3358 ist in ihren Kern vorgedrungen. So hat er nicht nur sich,
442 3309 1673 3362 ist und das Vorgehen gegen ihn als eine krasse Satyre
1690 3333 2903 3408 sondern auch seine Vaterstadt berühmt gemacht und die
450 3343 1672 3407 empfindet, welche sich gegen die Christlichsozialen kehrt.
1677 3393 2902 3453 Auge der ganzen Welt auf sich gelenkt. Sein 50. Ge¬
446 3398 1669 3474 Das Können und Streven des sympathischen Holzer in
1685 3430 2886 3510 burtstag hat gezeigt, was der Dichter von „Anatol“
450 3466 1683 3517 allen Ehren, aber er wird wohl selbst sagen, wie hoch
1677 3472 2902 3574 „Der grüne Kakadu“, „Lebendige Stunden“, „Liebelei“,
444 3507 1669 3559 ihn Schnitzler als Erzähler und Dramatiker überragt.
1685 3519 2901 3602 „Zwischenspiel“, „Der einsame Weg“, „Der junge Me¬
445 3548 1670 3613 Zur Komödie aber wird der Unterschied, wenn man
1675 3580 2900 3645 dardus“ bedeutet. Da feierten ihn die internationale
456 3594 1684 3667 Schnitzler dem Manne gegenüberstellt, der ihm gratulieren
1691 3630 2913 3700 Presse und die internationale Kulturwelt — jetzt übersah
443 3639 1669 3709 sollte und dies nicht tat. Der geübte Wiener Zeitungs¬
1686 3688 2458 3760 ihn ein Wiener Vizebürgermeister.
448 3703 1679 3756 leser wird vielleicht wissen, wie der und jener Wiener
1774 3698 2907 3798 Es ist bekannt, daß die Wiener Christlichsozialen
445 3745 1682 3799 Vizebürgermeister heißt, den der Zufall in sein Amt
1687 3783 2910 3855 sehr empfindlich sind gegen den Vorwurf, ein bildungs¬
444 3786 1679 3849 gebracht hat und der vergessen ist in dem Augenblick,
1685 3833 2908 3897 feindliches Element zu sein. In der neueren Zeit be¬
448 3843 1686 3913 in welchem er es verläßt. In einer Entfernung von
1686 3874 2908 3952 fleißigt sich sogar einer ihrer Ordenskomthure und Chef¬
446 3894 1677 3965 wenigen Kilometern aber denkt niemand mehr an den
1692 3923 2908 4001 redakteure, gebildet und philosophisch zu tun und sich
450 3947 1681 4005 Mann, der als Vizebürgermeister der Hauptstadt Ge¬
1690 3972 2915 4048 in Leitartikeln an die Hofräte zu wenden. Wenn es jedoch
447 3989 1681 4046 schäftsstücke erledigt und zeitweise den Vorsitz führt. Der
1677 4028 2907 4110 dazu kommt, wird der Pferdefuß schon hervorgestreckt.
461 4052 1686 4100 Dichter jedoch, für welchen kein Geschäftsstück mit einer
462 4076 2912 4142 Gratulation ausgefertigt wurde, hat Ruf und Ruhm Abgesehen von der Ritualmordhetze, die ein besonderes
