3344 4352
875 3244 1149 3332 GursenaligsSen.
1028 3317 1706 3404 des Wienel Tagelatt, Wiel
705 3360 991 3434 hnitt aus:
772 3410 1048 3488 MMRl 1974
744 3592 1658 3726 Theater, Kunst und Titeratur.
738 3701 1665 3807 Verleihung des Raimundpreises.
765 3779 1707 3872 Von der Direktion des Roinlundtheaters erhalten
704 3829 1707 3924 vir folgende offizielle Mitteilung: Das Raimund¬
708 3873 1703 3958 preisgericht hat unter dem Vorsitze des
707 3925 1703 4001 Direktors Alfred Cavar und in Anwesenheit der
713 3967 1708 4046 andern vier Preisrichter, und zwar der Herren
709 4027 1711 4104 Alfred v. Straßer als Vertreter des Raimund¬
710 4056 1712 4151 theatervereines, Dr. Anton Bettelheim als
708 4107 1714 4193 Vertreter der Schillerstiftung, Regierungsrat Doktor
1555 4161 1590 4200 se
1757 349 2103 421 21. Marz 1914.
1683 384 1799 446 —
2501 377 2711 452 —
1782 444 2707 530 Die Auszahlung erfolgt satzungsgemäß am
1664 483 1881 574 1. Juni.
2354 499 2654 554 S N UR·SER
2272 513 2345 585 *
2346 530 2654 606 IRU
1791 571 2713 649 Ueber den Hergang der Sitzung erfahren wir
1684 620 2082 706 folgendes Nähere:
1788 660 2715 737 Zu Beginn der Sitzung wurde allseitig der
1688 720 2724 799 Genugtnung Ausbruck gegeben, daß nach langer, fast
1706 773 2718 841 sechsjähriger Pause der Raimundpreis wieder zu
1703 824 2723 882 lebendiger Fruchtbarkeit erwachsen sei, und es wurde
1701 874 2717 925 der „Concordia“, deren tatkräftige Intervention hiezw
1705 919 2734 970 das meiste beigetragen hat, ferner dem Stifter Herrn
1695 964 2730 1017 Alfred v. Straßer, der Statthalterei und
1706 1012 2726 1070 der Akademie der Wissenschaften, deren
1702 1055 2722 1115 bereitwilliges Entgegenkommen eine neue Fassung
1699 1104 2730 1166 des Stiftsbriefes ermöglichten, hiefür der wärmste
1701 1149 2717 1198 Dank ausgesprochen. Es kommen nunmehr für den
1703 1190 2720 1258 Raimundprei alle volkstümlichen dramatischen
1711 1249 2735 1301 Werke, die innerhalb einer bestimmten Zeitperiode
1704 1298 2726 1357 an irgendeiner Wiener Bühne über¬
1700 1330 2721 1400 haupt zuerst aufgeführt wurden, in Betracht. Zum
1703 1386 2720 1438 letztenmal ist der Preis im Jahre 1908 (an Kurt
1699 1435 2727 1483 Frieberger) verliehen worden. Es handelte sich
1712 1476 2734 1535 nun darum, Ueberschau zu halten über die Werke,
1696 1522 2738 1566 die seit 1908 auf Wiener Bühnen gegeben wurden
1707 1566 2733 1633 und die die Eignung für den Raimundpreis, der
1707 1609 2735 1686 hauptsächlich auf die Behandlung des Wiener Lebens
1706 1671 2726 1725 Bedacht nimmt, besitzen. Eine ganze Reihe von
1705 1724 2719 1785 Stücken wurde genannt. so „Der junge Me¬
1694 1737 2735 1819 dardus“ von Schnitzler, „Der große
1700 1805 2724 1868 Name“ von Viktor Leon und Leo Feld,
1706 1844 2725 1918 „Glaube und Heimat“ von Schönherr, auch
1704 1894 2734 1971 dessen „Trenkwalder“, ferner „Die Morgen¬
1710 1938 2732 1998 röte“ von Ruderer, „Traumland“ von
1700 1975 2731 2058 Streicher, „In Ewigkeit Amen“ von Anton
1700 2031 2736 2110 Wildgans, „Gute Mütter“ von Ruholf
1707 2089 2730 2147 Holzer. Manche der Stücke mußten aus formellen.
1717 2138 2734 2191 oder technischen Gründen beiseite gelassen werben so
1705 2187 2735 2243 beispielsweise „Glaube und Heimat“ weil diese
1710 2217 2725 2292 Komödie schon vielfach gekrönt ist, „Die Trenkwalder“
1703 2271 2730 2347 weil sie ganz abseits vom Wiener Leben liegen. „Der
1702 2322 2736 2384 große Name“ wurde vielfach als berücksichtigungs¬
1706 2379 2734 2432 würdiges gutes Theaterstück anerkannt, es mußte
1707 2425 2745 2482 jedoch, da es eine Kompagniearbeit ist, ausgeschlossen
1720 2466 2740 2532 werden. Für „Traumland“ traten einige der Preis¬
1713 2521 2731 2571 richter lebhaft ein, aber auch hier trifft der Einwand¬
1710 2554 2730 2625 zu, daß das Stück ganz fern allen: Wienertum ist.
1718 2600 2730 2672 Gegen Wildgans' Komödie, gleichwie gegen andre
1714 2645 2734 2699 hervorragende Einakter wurde geltend gemacht, daß
1708 2699 2738 2764 sie bei aller Anerkennung ihrer Würdigkeit gegen
1705 2747 2726 2829 voll ausgewachsene, der. Abend füllende Stücke zurl¬
1714 2801 2022 2864 treten müßten.
1808 2840 2743 2907 Die seit dem Jahre 1908 ange ammelten Zinsen
1705 2884 2741 2955 des Stiftungskapitals betragen bis zum heutigen.
1714 2939 2735 2998 Tag 4376 K. Es wurde zunächst die Frage zur
1723 2980 2741 3035 Abstimmung gebracht, ob für die abgelaufene sechs¬
1719 3035 2734 3090 jährige Periode drei oder zwei Preise zu ver¬
1713 3083 2738 3133 teilen seien. Die Majorität entschied für zwei
1722 3117 2727 3183 Preise und für die Bemessung eines jeden mit
1716 3160 2728 3222 2000 K. Die Zuerkennung des Preises an Artur
1724 3216 2732 3265 Schnitzler, als dem Autor des „Jungen
1714 3247 2743 3313 Medardus“ eines Dramas, dessen Rang als das
1731 3296 2729 3360 beste in den abgelaufenen sechs Jahren auf einer
1727 3360 2728 3408 Wiener Bühne aufgeführte Volksstück allseitig
1721 3393 2728 3448 anerkannt ist, wurde einmütig beschlossen. Das
1715 3447 2739 3494 Preisgericht glaubte der Bestimmung des Raimund¬
1713 3479 2741 3535 preises am vollsten gerecht zu werden und den Preis
1722 3524 2737 3586 selbst auf eine gewisse Höhe zu erheben, indem es
1710 3563 2742 3644 für dieses literarisch bedeutende, hochernste Werk
1719 3628 2733 3677 antschied. Den zweiten Preis sprach das Preis¬
1719 3655 2734 3725 Ggericht Rudolf Holzer, dem Autor der „Gute
1718 3699 2739 3764 Mütter“, zu, der mit seinem Stück eine große,
1723 3750 2743 3812 höffnungweckende Talentprobe gegeben hat. Auch
1722 3797 2746 3852 diese Zuerkennung erfolgte einmütig. Damit hat
1730 3843 2742 3904 das Raimundpreisgericht für dieses Jahr seine
1724 3882 2733 3947 Aufgabe erfüllt. Satzungsgemäß hat es erst im
1733 3924 2740 3996 Drühjahr 1916 wieder zusammenzutreten und
1731 3987 2740 4045 dann die von jetzt ab bis dahin auf den Wiener
1717 4022 2743 4081 Bühnen aufgeführten Volksstücke aus dem Wiener
2463 4063 2724 4149 u .
1729 4076 2309 4143 Leben in Betracht zu ziehen.
