3344 4352
121 300 862 416 ie Zuerkennung des
587 388 968 492 —einfrecher
113 389 564 489 und=Preises¬
119 465 903 579 ohn auf den deutschen
221 563 644 676 „Kunstsinn.
142 646 965 720 die dichterischen Kräfte wieder in den
122 724 976 782 der Volksbühne zu stellen, wurde nach
114 768 965 852 fündung des Wiener Raimund=Theaters
121 845 966 915 eissliftung ins Leben gerufen, aus deren
114 886 968 953 die besten der dort aufgeführten Stücke
120 949 974 1026 Preise ausgezeichnet werden sollten. Das
125 1002 969 1084 widmete Herr Alfred Strasser, ein Jude,
112 1073 977 1132 In jedoch nachsagte, daß er aufrichtig die
128 1129 978 1205 schen Absichten des damaligen Direktors
116 1178 981 1254 Müller=Guttenbrunn fördern wollte. Der
136 1246 976 1326 enthielt auch die Bestlmmung, daß die
139 1304 974 1386 wenn das Raimund=Theater seinem ur¬
126 1363 983 1442 chen Zwecke entzogen wäre, in die Ver¬
125 1414 979 1502 der Akademie der Wissenschaft überzu¬
124 1470 969 1562 ätte. Dieser Fall ist nun tatsächlich ein¬
141 1543 972 1617 da das Raimund=Theater keine neuen
106 1591 978 1684 licke mehr aufführt, sondern die Operette
115 1653 976 1742 Was aber geschah? Der jüdische Jour¬
121 1711 969 1798 erein „Concordia“, der sich durch d':
123 1770 970 1854 ung bedroht sah, weil die Akademie
119 1831 984 1915 senschaften vielleicht bei der Neuordnung
131 1890 972 1970 ftung nicht ausschließlich ihre Wünsche
125 1947 978 2035 htigt hätte, setzte sich mit Herrn Strasser
117 2014 972 2076 pernehmen und erwirkte bei der k. k. n.=ö.
115 2077 975 2150 terei eine Anderung des Stiftbriefes.
145 2128 983 2208 Sinn diese Anderung hatte, zeigte sich
126 2182 974 2265 vor kurzem vollzogenen Preisverleihung.
119 2254 972 2325 reisgericht, bestehend aus den Herren
127 2307 975 2367 avar (Direktor des Raimund=Theaters),
125 2357 975 2426 sser (Vertreter des Raimund=Theaterver¬
121 2414 975 2486 Dr. A. Bettelheim (Vertreter des Zweiges
148 2533 980 2614 (Vertreter der Grillparzer=Gesellschaft)
117 2599 989 2681 eg.=Rat I. Winternitz (Vertreter der
130 2645 994 2721 dia*), also 3 Juden und 2 Liberale, hat
130 2712 991 2818 riftstellern Artur Schnißler und Ru¬
118 2829 978 2910 Silberstein, Weyl, Jadek, Manasse, Cohen,
113 2884 988 2961 Wollheim, Friedländer, Mayer, Koblenzer,
114 2949 990 3030 hn, Katzenstein usw. In Österreich;
118 3009 980 3095 ler, Karpeles, Abraham, Austerlitz, Dia¬
127 3060 981 3138 Ellenbogen, Feldmann, Fränkel, Fried,
126 3123 987 3195 Morgenstern, Rubinstein, Rosenzweig,
116 3162 977 3283 rl, Schlesinger, Stern Schnißzler, Spiel¬
137 3250 206 3324 sw.
151 3301 989 3369 die Arbeiterführer hat es überhaupt
119 3368 990 3431 gene Bewandtnis. Um den 130 sozialde¬
126 3420 979 3487 schen Abgeordneten, die seit 1867 im
128 3482 983 3552 age gesessen haben, sind nur 16 wirkliche
137 3540 986 3605 anzutreffen. Als eigentlicher Leiter aber,
141 3607 983 3664 Händen selbst Bebel nur eine Draht¬
127 3653 984 3721 war, galt der kürzlich verstorbene jüdische
123 3716 989 3780 är und ehemalige Mäntelfabrikant Paul
123 3785 997 3842 Der Geschäftsbetrieb dieses Herrn wurde
120 3832 985 3899 t durch ein Gerichtsurteil folgendermaßen
126 3890 990 3970 zeichnet: „Die von der Firma Singer Ab¬
123 3949 999 4014 en waren für sie eben weiter nichts als
120 4019 985 4084 maschinen, die für die Firma ausgenutzt
150 4069 987 4134 soweit sie nach den Verhältnissen sich
125 4127 993 4196 en ließen und ausnutzen lassen mußten.
114 4185 1003 4249 sie im übrigen auch Menschen waren,
1001 302 2014 363 dolf Holzer je 2000 Kronen zuerkannt, diesem
1004 362 2018 434 für das Stück „Mütter“, jenem für die Historie
992 419 1521 494 „Der junge Medardus“
1090 460 2008 547 Rudolf Holzer, ein Redakleur der „Wiener
999 526 2022 604 Zeitung“, ist Arier, was aber nicht viel bedeutet,
1001 593 2016 648 da ja sein Zusammenhang mit dem Judentum,
995 652 2010 723 abgesehen von seiner Verheiratung mit einer
995 722 2013 778 Jüdin, schon durch seine Zugehörigkeit zur „Con¬
999 767 2011 847 cordia“ offenkundig ist. Wäre dies anders, so
997 843 2022 897 wäre er wohl leer ausgegangen wie ein anderer
1008 894 2014 954 Christ, der in Betracht kam, sich aber mit einer
1006 940 2017 1012 „ehrenvollen Erwähnung“ begnügen mußte. Daß
996 1016 2015 1076 der literarische Wert der Stücke ganz nebensäch¬
1008 1064 2015 1118 lich war, erhellt daraus, daß ein so elendes
999 1117 2019 1190 Machwerk wie „Der junge Medardus“ von
1010 1168 2029 1253 Schnitzler preisgekrönt wurde. Aber Schnitzler
1011 1244 2030 1317 ist Jude. Nun — „der Medardus“ wird doch
1010 1306 2028 1376 im Burgtheater gespielt? Leider ist die jüdische
1002 1359 2028 1420 Lüsternheit hofburgtheaterfähig geworden! Ja,
1009 1417 2017 1506 sind denn von den fünf Preisrichtern nicht doch
997 1481 2022 1553 zwei, die als Christen gelten? Eher würde noch
1008 1532 2022 1600 ein Jude gegen fünf Schnitzler stimmen, als Herr
999 1604 2022 1666 Reg.=R. Glossy und Herr Cavar — der wird
1001 1653 2024 1720 sichs doch nicht mit der „Concordia“ verderben!
999 1702 2018 1795 Aber die Preisrichter haben ja ihre Entscheidung
1001 1769 2020 1836 begründet; sie haben den „Medardus“ als „ein
1002 1830 2018 1900 Werk“ erkannt, in dem sich „schöpferische Phan¬
1003 1887 2020 1965 tasie durch eigentümliche Empfindung betätigt
1002 1945 2026 2022 und das sich durch nicht alltägliche Behandlung
1006 2005 2029 2087 der Sprache auszeichnet“? Die Preisrichter haben
1012 2063 2028 2128 das Stück vielleicht einmal im Burgtheater ge¬
1001 2126 2021 2200 sehen und die Ausstattung bewundert — ob sie
998 2197 2027 2256 es aber auch gelesen haben? Wir bezweifeln das
1008 2241 2033 2323 sehr. Oder wollten sie durch ihre Begründung
1000 2310 2024 2381 gerade das verdecken, was die Preiswürdigkeit
1001 2357 2030 2437 auch dem oberflächlichen Kunstverständnis in
1014 2420 2029 2489 Frage zu stellen schien? Wie ist denn nur die
1015 2476 2028 2559 schöpferische Phaniasie Schnitzlers beschaffen?
1001 2530 2026 2612 Als Napoleon das zweite Mal in Schönbrunn
1002 2586 2031 2658 weilte (1809), wurde eines Tages Friedrich Staps,
996 2655 2022 2732 der aus Erfurt zugereiste, 17jährige Sohn eines
1015 2706 2019 2782 Naumburger Predigers, im Schloßhofe aufge¬
1009 2824 2027 2906 kümmerte die Firma nicht.“ — In einer Ver¬
1004 2885 2025 2962 sammlung, wo man die Wohnungsfrage der Ar¬
1008 2949 2012 3020 beiter beriet, hat, wie die „Halle'sche Zeitung“
1013 3007 2022 3086 seinerzeit berichtete, Singer zu seiner Umgebung
1009 3077 2038 3134 gesagt: „Es fällt mir nicht ein, dem Arbeiter
1010 3134 2024 3186 eine besondere Wurst zu braten. Denn wenn er
1010 3186 2032 3252 eine bessere Wohnung hat, so ist er zufrieden;
1013 3241 2038 3319 und wenn er zufrieden ist, so ist er für unsere
1010 3299 1539 3377 Zwecke nicht zu haben.“
1097 3351 2030 3410 In welcher Weise die Juden „parlamen¬
1014 3417 2025 3476 tarische Arbeit“ leisten können, das kennzeichnete
1005 3473 2021 3536 die sozialdemokratische „Leipziger Volks¬
1005 3538 2039 3602 zeitung“ mit folgenden Worten: „Dazu gehört
1013 3594 2028 3666 in erster Linie eine Portion Frechheit. Unserm
1022 3648 2031 3723 Freunde Goldstein fehlt es an dieser guten Gabe
1023 3713 2028 3769 Gottes nicht, er wird diesen Politikern mit der
1020 3767 2028 3832 nötigen Ruppigkeit derbe Wahrheiten zu sagen,
1017 3824 2033 3904 wissen.“ Das deutsche Volk, das seine Vorzüge in
1017 3903 2031 3955 entgegengesetzter Richlung sucht, bei welchem
1010 3944 2037 4018 Anstand, Bescheidenheit, zarle Schonungfremder
1016 4001 2037 4082 Ehre, Ritterlichkeit der Gesinnung als Tugend
1011 4057 2033 4133 gelten, wird auf dem Gebiete der öffentlichen
1023 4094 2045 4211 Maulfrechheit vergeblich mit den Juden zu welt¬
1027 4185 1307 4251 eifern suchen.
2045 299 3073 366 griffen und es stellle sich heraus, daß er den
2040 372 3059 426 Franzosenkaiser, den er als den Erniedriger
2049 413 3073 464 Deutschlands haßte, ermorden wollte. Napoleon
2052 480 3071 536 gedachte ihn zu begnadigen, doch Staps erklärte,
2049 529 3065 596 daß er nicht eher ruhen würde, bis sein Vorsatz
2050 588 3075 645 ausgeführt wäre. Dieser edle, nur von seinem
2050 651 3075 723 Fanatismus irregeleitete Jüngting wurde von
2051 700 3075 768 Schnitzter in einen Wiener Buchhändlersohn
2040 758 3066 831 namens Medardus Klähr verwandell. Bei dieser
2042 821 3076 874 Metamorphose ging die Reinheit des Urbildes
2056 891 3062 943 verloren. Medardus wird durch Schnitzlers Dra¬
2047 938 3072 999 matik mit einer französischen Prinzessin, die mit
2041 989 3073 1051 ihrem Vater, einem Gegner Napoleons, in Wien
2054 1054 3075 1139 lebt, verkuppelt (den Kuppelpreis zahlt das Hof¬
2041 1120 3078 1195 burgtheater); Klährs Schwester wird von dem
2052 1170 3071 1239 Bruder dieser hohen Dame unter dem Verspre¬
2057 1231 3072 1303 chen der Heirat verführt; weil dieser aber seine
2046 1273 3068 1360 Zusage nicht erfüllen kann, geht das Paar frei¬
2052 1339 3075 1417 willig in den Tod. Medardus sinnt schon lange
2051 1401 3077 1483 schreckliche Rache. Sein Vater hatte sich, da er
2051 1459 3078 1549 wegen der Franzosen vier Jahre vorher in der
2054 1512 3078 1606 Bürgerwehr Dienst tat, eine Erkältung zugezogen
2048 1590 3086 1663 und war gestorben. Das soll jetzt Napoleon
2047 1641 3079 1734 büßen, obschon der gar nichts dafür kann. Me¬
2038 1689 3082 1774 dardus will auch die Prinzessin bloßstellen, gerät
2056 1776 3077 1846 aber in das von Schnitzler ihr zur Verfügung
2048 1807 3078 1914 gestellte Liebesnetz, geht dann nach Schönbrunn,
2055 1900 3088 1949 um Napoleon zu erdolchen, tötet aber, ehe er
2045 1935 3076 2023 dazu kommt, seine ihm gerade entgegenkommende
2062 1991 3085 2080 Prinzessin, von der das Gerücht erzählt, daß sie
2049 2055 3085 2122 inzwischen Napoleons Maitresse geworden sei.
2049 2115 3078 2200 Ist das nicht schön? Ifi das nicht genial erfun¬
2051 2189 3081 2256 den? Und da ist man immer gegen die Fünf¬
2056 2224 3087 2315 kreuzerbücheln als Schundlektüre losgezogen, die
2061 2302 3090 2382 doch ebenso phantasievoll und auch so sauber
2050 2370 2214 2445 waren.
2140 2394 3045 2488 Aber Schnitzler schrieb ja eine Historie —
2060 2460 3078 2545 ein Stück Wellgeschichte! Schnitzlersche Geschichts¬
2056 2517 3091 2601 auffassung: Wo steckt die Dirne? (sCherchez la
2054 2596 3085 2657 femmele) Und seine Phantasie betätigt sich durch
2059 2647 3087 2721 eigentümliche Empfindung. Medardus Klähr ist
2056 2713 3094 2781 nichts anderes als ein frühreifer und durch seine
2060 2743 3082 2844 galanten Studentenabenteuer auch schon schlaff
2067 2817 3088 2900 gewordener jüdischer Lebejüngling, aber keck und
2057 2868 3086 2953 unverschämt, wie es eben nur ein Jude sein kann.
2065 2941 3092 3019 Am Ende stand Herrn Schnitzler bei dieser Figur
2058 3008 3093 3078 ein aus Budapest zugewanderter Stammesgenosse
2063 3061 3091 3123 Modell, der ebenso durch seine Dreistigkeit wie
2052 3128 3087 3188 seine Unwissenheit bekannt geworden ist und es
2050 3178 3099 3247 nun auch schon zum Burgtheaterdichter gebracht
2051 3241 2161 3311 hat.
2146 3301 3082 3364 Medardus hat mit dem Bräutigam der
2063 3348 3082 3426 Prinzessin ein Duell ausgefochten und wurde
2052 3408 3092 3479 nah dem Herzen verwundet. Die Prinzessin sendet
2050 3461 3090 3540 ihre Kammerjungfer zu Medardus mit Blumen.
2056 3524 3090 3593 Da entwickelt sich zwischen ihm und der Botin
2063 3590 3080 3654 ein sonderbarer Dialog. Er: Bestellen Sie der
2062 3646 3091 3718 Prinzessin, daß ich ihr meinen Dank persönlich
2064 3717 3094 3777 zu Füßen legen werde! — Sie: Sie sind ja
2064 3759 3091 3833 toll! — Er: Ich will Ihrem gnädigen Fräulein
2052 3820 3079 3886 zum Dank die Hand küssen, und zwar noch
2054 3884 3084 3948 heute abend. — Sie: Sie phantasieren. Sie
2543 3938 3086 4013 Er: Ich befinde mich
2056 3940 2471 4010 haben Fieber ...
2057 4003 3082 4064 vortrefflich. In einer Stunde werde ich mich ein¬
2057 4055 3091 4120 finden. — Sie: Ja, bilden Sie sich denn ein,
2068 4107 3087 4175 daß man Sie empfangen wird? — Er: Ich
2057 4173 3094 4236 komme, das übrige wird sich finden. — Sie:
