3344 4352
2065 233 2531 345 box 40/3
205 251 1946 361 Rainund-Preis and Burgtheaterning
176 554 681 666 Ausschnitt aus
725 602 995 720 eriki.
371 642 704 744 26.APR 1914
181 678 373 772 vom:
254 1057 764 1182 IU GUTENSTRIN
261 1154 2975 1262 will man in den. letsten Tagen von dortigen Friechof her ein unheinliches Geräusch
268 1205 2942 1319 vernonnen haben. - Offenbar hat sich der dort ruhende Raimund bei der Nachricht,
255 1268 2896 1398 dass der nach ihm benannte Dichterpreis einen - Schnitzler verliehen wurde, im
250 1323 851 1427 Grabe umgedreht.
529 2223 1100 2336 (Quellenangabe ohne Gewähr.1—1
307 2208 1225 2433 den uen S 2
754 2396 1372 2543 =4220
324 2418 779 2511 voms 11. Ahl
2101 2337 2849 2542 (immienelihnen
1660 2439 2121 2555 usschnitt aus:
356 2502 1303 2601 Arihur Schmlanar=und die Stadt Wien
1656 2526 1984 2628 S
2119 2505 2804 2668 Jeuok.
290 2571 1442 2668 a.- Der Antisemitismus spielt der Wiener Gemeindeverwal¬
226 2621 1441 2708 tung mitunter arg mit und verleitet die Stadtväter zu Dumm¬
225 2693 1453 2766 heiten, die im Auslande ein homerisches Gelächter auslösen.
1926 2679 2224 2765 Austria
298 2736 1449 2796 Zwei Wiener Dichter wurden mit Preisen gekrönt. Der
1732 2716 1881 2813 Cirs
229 2777 1501 2864 in Wien— noch nicht sehr bekannte Holzer und Arthure
1720 2754 2496 2856 Lernek ScHNiZzEEEINn TiE VIENNA
1941 2847 2240 2920 Iistirazfr
229 2856 1475 2933 Schnitzler, der sich bereits einer gewissen über Wien
1755 2881 2451 2971 (Shecial to ihe AMERICAN HEBREw)
234 2911 1466 2983 hinausgehenden Berühmtheit erfreuen soll. Der Wiener Bürger¬
1740 2947 2526 3021 Vienna. Austria, May 1.—The Vienna
237 2958 1472 3035 meister war über die Zuerkennung eines Preises an den
1697 2979 2520 3060 Municipal Conneil has again given proof
236 3007 1464 3082 jüdischen Poeten entrüstet und gratulierte bloß Herrn Holzer.
1758 3031 2523 3092 its vehement anti-Semitism. Two
233 3055 1462 3125 Der unterbliebene Glückwunsch der Stadt Wien an Arthur
1701 3055 2534 3132 Viennese anthors were recently awarded
231 3107 1456 3154 Schnitzler ist wirklich ein köstliches Intermeyzo, da##c dann
1691 3105 2518 3182 prizesHerr Holzer, who is compara¬
1692 3134 2525 3209 tirelv unknown. and Arthur Sehnitzler,
233 3139 1458 3213 keinen zweiten neueren Seiniftsteller gibt, der so sehr die
1697 3178 2523 3237 who has alrendy achieved worid-wide
224 3190 1466 3270 Jungwiener Kunst in seinen Werken verkörpert, wie gerade der
1699 3209 2535 3282 fame. The Vie una Burgomaster Was so
228 3234 1456 3328 Verfasser der „Liebeiei“, des „Zwischenspiel“, des „Anatol“
1701 3253 2533 3323 indignant at ihe nward of a prize to the
1695 3287 2527 3360 Jewich plagwright that he congratulated
233 3297 863 3364 und des „Jungen Medardus“.
1702 3337 2535 3393 only Holzer. And Fet there is no mod¬
306 3311 1474 3410 Die Wiener Gemeinderegierung lenkte mit der Ignorierung
1709 3364 2524 3434 ern writer who has so artistically embod¬
225 3393 1460 3463 Schnitzlers nur die Aufmerksamkeit darauf, wie stark das
1695 3401 2521 3455 ied the characteristics of modern Vien¬
1701 3428 2531 3517 nese life as the author of" Liebelei."An¬
226 3442 1457 3509 Ansehen der Wiener Kunst mit zahlreichen Namen schaffender
1694 3484 2252 3564 atoi and Zwischenspiel.“
232 3493 1454 3545 Juden verknüpft ist. Man braucht nur Namen wie Hofmannstal,
223 3544 1498 3611 Mahler, Goldmark zu nennen und des Spabes halber zu er- 4
1904 3553 2513 3680 ArroisraEr
238 3596 1325 3681 wähnen, daß das Urwiener „Fiakerlied“ ein Jude ersann.
