3344 4320
1117 315 1197 389 B
188 322 1913 399 Rainund-Preis and urgtheaterring
1215 1375 2109 1471 CAIINOS IN ÖSTERREICH
1320 1459 1995 1530 BadenSalzburgSemmering
1222 1488 2104 1573 Roulette — Baccara — Chemin de fer
1214 1541 2095 1635 Österreichische Casino A. G.
1213 1614 2092 1683 Wien III, Schwarzenbergplatz 5a
1657 1716 1756 1786 77
1225 1725 1714 1818 JOBSERVER¬
1483 1808 2086 1866 österr. behördlich konzessioniertes
1450 1842 2088 1901 Unternehmen für Zeitungs-Ausschnitte
1456 1887 2084 1939 WienI, Wollzeile 11, Telephon R-23-0-43
1211 2027 1591 2107 Ausschnitt aus:
1214 2086 1949 2186 Neues Viener Journal,
1434 2199 1830 2302 13.4.1936
1200 2245 1382 2323 vom:
1187 2332 1979 2428 Burgtheaterring 1936 an
1373 2419 1854 2519 Otto Tressler
1417 2480 1800 2556 verliehen
1231 2551 1320 2615 *
1396 2526 1449 2601 *
1193 2585 2076 2668 Die bisherigen Preisträger.
1127 2657 2270 2735 Der im Jahre 1926 von dem seither verstorbenen Gründer
1026 2698 2253 2777 und Herausgeber des „Neuen Wiener Journals“ Herrn Jakob
1022 2763 2256 2831 Lippowitz gestiftete Burgtheaterring, der abwechselnd in einem
1018 2806 2247 2861 Jahr einem Burgtheatermitglied, in dem folgenden Jahr einem
1019 2865 2244 2915 Schriftsteller von Rang, der sich um das Burgtheater besondere
1022 2910 2244 2978 Verdienste erworben hat, verliehen werden soll, wurde bisher
1026 2956 2242 3016 folgenden Persönlichkeiten zuerkannt: Im Jahre 1926, im
1022 3004 2247 3057 Jubiläumsjahr des Burgtheaters, dem seither verstorbenen
1026 3045 2249 3116 Dr. Artur Schnitzler und der Hofschauspielerin Auguste
1031 3088 2257 3155 Wilbrandt=Baudius, im Jahre 1927 dem seither ver¬
1029 3138 2249 3203 storbenen Hermann Bahr, im Jahre 1928 dem seither ver¬
1037 3194 2259 3256 storbenen Oberregisseur und Hofschauspieler Max Devrient,
1020 3241 2253 3300 im Jahre 1929 dem Dr. h. c. Gerhart Hauptmann, im
1031 3293 2253 3350 Jahre 1930 der Hofschauspielerin Hedwig Bleibtreu, im
1029 3342 2255 3412 Jahre 1931 Dr. Karl Schönherr, im Jahre 1932 dem Ober¬
1032 3386 2255 3447 regisseur Hofrat Professor Georg Reimers, im Jahre 1933
1030 3433 2259 3500 Dr. Ludwig Fulda, im Jahre 1934 der Hofschauspielerin Else
1024 3488 2257 3546 Wohlgemuth und im abgelaufenen Jahr dem Schriftsteller
1525 3539 1654 3618 IER
1031 3536 1367 3622 Max Mell.
2112 3569 2245 3652 e m
2064 313 2519 406 box 40/3
