3344 4320
207 215 874 320 2. Cuttings
896 209 1365 302 box 37/1
1079 691 1176 814 &
1400 853 1456 904 14
2325 922 2426 965 8—
947 944 2373 988 Sega n sngenacengengen
1208 970 1380 1012 G
1974 972 2238 1012 AESGN
954 963 1056 1007 91
845 978 927 1051 —
1386 1020 1465 1058 OLIn
844 1048 2433 1074 eee
1054 1081 2448 1165 TR
1232 1625 2036 1704 ARTHUR SCHNITZLER.
1582 1733 1684 1802 VON
1446 1799 1808 1871 ALFRED KERR.
1790 1966 2429 2047 und erzählten noch allerhand Trübes und
1665 2031 2418 2062 Frendiges. Da klangen aus Florestans Stube weiche
1663 2056 2427 2105 Töne herüber, die Freunde wurden still und stiller,
1664 2094 2411 2134 da sie die Sonate erkannten. Und wie Florestan
1673 2121 2413 2165 aufgehört, sagte der Meister: und nun kein Wort
1675 2152 1802 2196 mehr!
1994 2182 2384 2244 Robert Schumann.
1589 2262 1653 2319 I.
953 2321 2424 2384 Da ich den Namen dieses Dichters niederschreibe, sinkt es wie Erinne¬
844 2372 2425 2426 rung still auf die Gegenwart herab. Mit leisem Zauberschlag erscheint eine
849 2416 2418 2460 schmerzlich-süsse Welt, voll traurig-schalkhafter Grazie, voll ironischer Melan¬
841 2465 2420 2514 cholie, voll leiser, lachender Innigkeit. Sie ist von zartem Leichtsinn durchweht,
839 2512 2420 2542 von schwermütigem Zweifel umwittert, von holdem Betrug umspielt. Voll
848 2544 2419 2609 süssesten Elends und stummen Schluchzens; voll sterbender Liebesworte, voll
838 2606 2425 2631 verschollener Thränen und toter Seligkeit. Schumann mag die allgemeine
841 2638 2418 2700 Stimmung angeben; aber bei besondrem Hinhören umklingt sie in der Ferne,
831 2688 2416 2734 von Geigen gespielt eine wiegende Walzermelodie, traurig-lustig; oder auch
843 2730 2422 2774 das schmeichelnde wiener Lied vom guten Himmelsvater (zuweilen, wie wenn
835 2776 2204 2831 ein Snob Variationen darüber spielte) — es stockt und bricht ab.
956 2826 2417 2881 Dämmernde kleine Stuben mit Blumen vor dem Fenster; schlichte
837 2853 2418 2904 Schattenrisse tauchen auf, liebe blasse Mädchengestalten, zarte, gesenkte
837 2897 2422 2958 Köpfe, lautlos öffnet ein blasser, eleganter Herr die Thür und blickt hinein
840 2952 2230 3009 mit melancholisch-witzigem, etwas müdem, aber innigem Ausdruck.
946 2990 2415 3051 Alles flutet durcheinander: Innigkeit und Eleganz, Weichheit und Ironie,
842 3039 2417 3092 Weltstädtisches und Abseitiges, Lyrik und Feuilletonismus, Lebensraffinement
832 3085 2414 3140 und volksmässige Schlichtheit, Oesterreichertum und Halbfranzösisches, Schmerz
834 3125 1530 3187 und Spiel, Lächeln und Sterben.
950 3176 2417 3231 Ein junger Meister, ein glücklicher Götterfreund, ordnet mit weicher,
837 3212 1938 3262 leiser, spielend vollbringender Hand die Bestandteile.
949 3259 2048 3324 Das ist die unvergleichliche Welt Arthur Schnitzlers.
941 3420 2417 3497 Seltsam, wie eng wir in unsrem Kunstfühlen zusammenhängen mit
832 3473 2424 3518 eignen Erlebnissen. Im Jahre 1894 hatte ich Berlin verlassen, um für drei
834 3528 2421 3581 Monate dieser Stadt fern zu bleiben und allerhand Zerwühlendes los zu werden.
