3344 4320
106 290 162 375 1
1208 213 1291 284 —
1927 203 2277 291 — —
1204 299 1268 346 S
1440 265 1896 363 box 36/4
160 274 1286 376 Pamphlets offprin#s
1224 913 1717 992 ARTHUR SCHNITZLER.
2069 908 2200 1001 455
761 1017 2193 1102 artistic temperament. Victor Amadeus philanders with a
752 1096 2188 1156 countess, and his wife with a prince. Mutual jealousy! Too
751 1141 2194 1195 civilised, however, to interfere by any display of primitive
755 1195 2192 1266 emotion with the sacred love of the new modernity, they grant
750 1233 2185 1314 each other, on general principles, carte blanche. And so, at the
752 1298 2179 1371 end of Act I., they separate for their mutual holiday; hence¬
757 1347 2181 1404 forward the husband and wife are to be the most platonic of
755 1428 2179 1485 comrades. The necessities of their professional engagements
754 1456 2188 1537 bring about their meeting in their old home. But the affair
761 1520 2188 1594 with the countess is dead, and the affair with the prince
760 1569 2185 1634 has apparently not yet matured. Then do Victor Amadens and
759 1620 2185 1701 Cecilie forget the ultra-modern theories which they are bound in
750 1690 2181 1740 duty to exemplify, and only realise that they are man and
750 1743 2188 1790 woman. Bursting with his new humanity, Victor Amadeus
752 1795 2181 1853 begins in the third act to be quite jealous of the prince. His
759 1859 2184 1925 astonishment can consequently be imagined when his Serene
746 1897 2180 1966 Highness presents himself to ask the husband formally for the
747 1970 2181 2025 hand of the wife. On the situation being explained to him, the
757 2022 2184 2070 prince gracefully retires, gallant gentleman that he is. But the
748 2070 2178 2133 reunited pair cannot live happily ever after. Cecilie, it is true,
754 2130 2188 2189 had been faithful, but faithful, she explains, by the narrowest
753 2177 2189 2239 of margins. She cannot guarantee the future: and dees not
751 2234 2183 2287 history repeat itself? True, they had loved cach other, but what
757 2292 2182 2341 love can be proof against the theories of the newer sexual
816 2396 2188 2468 If we had only before,' says Cecilie, “shrieked into each
753 2455 2176 2521 other’s faces our rage, our bitterness, our despair, instead of
749 2500 2189 2577 posing as superior people who never lost their heads, then we
756 2574 2105 2627 should have been true to ourselves—and that we never were.?
800 2621 2172 2672 And so that parting, taking place as it does, when all barriers
751 2676 2182 2740 but their two selves have disappeared, rings down the curtain on
759 2724 1838 2777 this most brilliant of satires on the ultra-modern.
798 2795 2185 2855 On almost as high a level is Der Freiwild, a piece which gains
747 2837 2181 2900 an added interest from the fact that it has not only been censored
747 2895 2185 2964 because an army oflicer is given a box on the cars, but that the
752 2956 2176 3018 actors on one occasion refused to play it till solemnly assured by
750 2999 2186 3057 the author that the apparent realism of the portrayal of the
784 3056 2177 3117 procurer-impresario' was after all merely poetic licence. The
752 3126 2176 3187 play is a vehement satire on the duel. In a scene marvellous in its
758 3170 2181 3220 ingenious stagecraft and airy atmosphere, we are shown the
761 3239 2172 3286 picturesque gardens of an Austrian pleasure resort. Close by is
749 3278 2175 3335 the local theatre where musical comedy is performed for the
753 3339 2182 3394 entertainment of officers. One of the actresses, however, Anna,
761 3388 2181 3438 shocks all orthodox traditions by refusing to participate in that
762 3440 2183 3496 social life which, according to the manager, is the sacred duty
796 3498 1244 3572 VOL. LXXXVI. N.S.
2634 3477 2691 3575 9
2936 4162 3081 4219 S g
