3344 4320
2006 187 2302 255 —
1474 248 1931 339 box 36/4
1168 246 1243 327 t
255 259 1311 361 Panphlets offprin
1460 960 1964 1051 ARTHUR SCHNITZLER.
992 978 1132 1048 460
995 1072 2432 1150 much by quality as by quantity. One man can traverse more life
1003 1148 2431 1205 in a few seconds than another in whole years. It is typical.
1005 1189 2435 1259 however, of Schnitzler’s method that he essays not mercly to
997 1249 2429 1307 lead up to a violent elimax by artifices of calevlated stage-craft,
1003 1294 2428 1360 but to set the vivid hour in a harmonious and poetic frame. The
996 1351 2433 1426 most striking of the series is the extraordinary fantasia, The
1019 1408 1599 1473 Woman with the Dagger.
1044 1473 2426 1530 Leonhardt, a seriously romantic youth, in apparently the fuil
1008 1520 2437 1597 flush of his first grand passion, meets by assignation the wife ofa
1001 1566 2431 1639 dramatie author in the Renaissance saloon of a picture gallery.
1001 1645 2442 1695 Pre-eminent among the pictures on the wall is that of à woman
1006 1683 2438 1735 robed in white holding a dagger in her uplifted hand, and gazing
1007 1754 2430 1807 atthe floor as if there lay there someone whom she had murdered.
1006 1807 2433 1868 It is then in this atmosphere that our gallant urges his suit to
1005 1849 2431 1907 the unresponsive Pauline, who coolly informs him that she has
1008 1900 2440 1971 confessed to her husband that she is in danger, and that they are
1004 1960 2456 2026 travelling away to-morrow. And then, as she is on the point of
1012 2015 2034 2073 saying farewell, she stands before the picture.
1057 2082 2106 2146 Pavzise (ooking closer). Who lies there in the shadow?
1050 2135 1477 2196 Lroynakpr. Where?
1044 2185 1573 2243 Pavzigz. Do von not sec?
1056 2225 1587 2298 Lzognanbr. I see nothing.
1047 2273 1438 2330 Pacnigz. It is you.
1059 2313 2090 2373 LEoNHAkDr. I?—Pauline, what an extraordinary jest!
1069 2383 2445 2450 And then, as they look and look, they fall into an hypnotic
1015 2426 2455 2489 trance and the clock of the world goes back some five hundred
1015 2504 2448 2557 vears. Pauline has become Paola, and Lconhardt, Lionardo, while
1016 2555 2446 2604 the racy Viennese idiom is turned to classical blank verse. It
1014 2615 2453 2666 is carly dawn in the studio of the Master Remigio and Remigio
1023 2661 2448 2731 is away on his travels. Lionardo arrogates the claims of love
1021 2707 2442 2784 on the strength of the favours which he has just enjoved. Paola
1014 2757 2448 2821 spurns him as the mere mechanical toy of her passion. She
1026 2826 2452 2891 loves, and has always loved her husband. That this is no mere
1015 2871 2456 2938 pose is apparent from the fact that on the sudden entrance of the
1026 2953 2451 2995 husband she immediately elucidates the situation. Remigio,
1023 3008 2450 3048 however, with a sublime tolerance, perhaps more typical of the
1024 3034 2460 3103 husband in Mr. Shaw’s Trrational Knot than of a hot-blooded
1032 3085 2454 3162 Italian, pardons Paola on the general principles of twentieth¬
1014 3156 2469 3217 century philosophy. Lionardo, however, piqued and insulted at
1031 3214 1462 3295 being regarded as
1580 3273 2185 3341 The glass, the poor mean glass
1306 3315 2220 3382 From which a child drank a forbidden draught,
1297 3372 2138 3439 The merest pitiful tool of chance and fate,
1023 3442 2449 3502 vows vengeance on Remigio. Paola anticipates this vengeance by
1019 3487 2461 3585 killing Lionardo on the spot with a dagger, thus exemplifying the
2840 4114 3124 4194 M
