3296 4224
1978 272 2411 343 — —
1499 340 1948 432 box 36/3
180 350 1337 445 .Panphlets, offprints
1402 1227 1482 1302 12
784 1340 2151 1426 können, an der Sehnsucht der Kinderlosen schälzen lernen, damit
779 1400 2154 1478 sie ihren Reichium nicht gar zu selbstverständlich hinnehmen, daß
784 1444 2148 1524 sie sich ihres Segens bewußt werden.“ Das neue Werk von Salus
787 1515 2155 1577 wird Kinderlose melancholisch stimmen und die kinderreichen Eltern
787 1549 2144 1635 erfreuen, also physiologische Vorgänge ins Künstlerische vertiefen.
903 1605 2151 1698 Karl Schönherr hat einen Band Novellen unter dem Titel
796 1670 2148 1756 „Carilas“ herausgegeben. Die Menschenliebe des Arztes, des Priesters,
792 1739 2160 1803 des Dichters ist Caritas. Schönherr schildert arme Menschen.
786 1769 2165 1843 insbesondere kleine Kinder, welche leiden; oder einen jungen
781 1837 2158 1890 Mediziner, einen Tiroler Bauernsohn, welcher in Wien studiert. Er
793 1877 2152 1948 lacht im Krankenz'mmer und die Kranken sind ihm dankbar dafür.
795 1920 2158 2001 Eine der Skizzen dieses realistischen, jeder unwahren Verklärung
795 1971 2162 2040 aus dem Wege gehenden Buches sei hier in aller Kürze mitgeteilt.
1084 2050 1879 2113 Die Firma Wunschtöter & Gie.
929 2088 2148 2169 „Herein-, herrein- herrreinspaziert! Hier ist die Firma Kinderwunsch¬
801 2139 2163 2204 vertilger und Cie.! Christbaumeinkäufe ersten Ranges! Primissima! Alle
803 2181 2169 2254 Kinderwünsche werden erfüllt; durch Erfüllung vertilgt! Alle Sehnsucht
797 2231 1642 2302 gestillt! Herein-, herrein-, herrreinspaziert!!“
924 2263 1759 2347 „„Herr! Stellt mir Klein-Lieschen zufrieden!“
925 2310 2168 2385 „Bitte sehr! Bitte gleich! Das Kind ist schwer wunschbeladen,
796 2371 1072 2442 mein Herr?“
925 2411 1210 2488 „„Ja! Sehr!“
931 2445 2184 2533 „Und Sie, mein Herr? Auch schwer? Ich meine ., wie soll ich
944 2527 988 2576 **
803 2527 951 2575 sagen
930 2544 2045 2616 „„Geld spielt keine Rolle! Gott sei Dank, wir haben’s ja!“
937 2600 2176 2667 „Ich danke für das Wort! Was sich ein Kind nur wünschen kann,
799 2656 1217 2719 ist da! Primissima!“
921 2678 2177 2750 (Ein Weihnachtsbaum wird aufgemacht bis an die Decke. Das
802 2728 2185 2808 glitzert und flimmert und schimmert! Klein-Lieschen weiß sich vor Freude
814 2795 1038 2843 nicht aus):
936 2797 2187 2891 „O Vater! 0 Vater! So schön war’s noch nie! Alles, alles, alles ist
818 2867 1847 2936 da! Nein! Dies und das, und das und dies! 0 Vater!“
933 2922 2186 2976 Klein-Lieschen muß sich setzen; es zittern ihm vor Freude die Knie.
817 2960 2177 3017 Unter all den Herrlichkeiten vergraben bis an das Nasenspitzchen sitzt es
820 3016 2184 3067 überselig unter dem Weihnachtsbaum; sieht sinnend, wie im Traum, über
814 3050 1208 3115 die Geschenke hin.
939 3078 1687 3157 „„Nanu, mein Kind! Was denkst du?“
946 3127 2053 3202 „0 Vater! Ich freu' mich schon sooo auf den Österhasen!“
940 3177 2096 3261 Herr Wunschtöter und Cie.! Stellt ihr nur ein Kind zufrieden!
929 3242 2175 3308 Der Romantiker und Minnesänger Ludwig Finckh hat uns
824 3293 2171 3366 ein Buch „Rapunzel“ geschenkt (Stuttgart, Deutsche Verlagsanstalt).
825 3366 2184 3429 Auch Finckh beschäftigt sich mit der Entwicklung einer Knaben¬
832 3396 2194 3469 seele unter einfachen ländlichen Verhältnissen. Er arbeitet an der
817 3457 2191 3517 Ausgestaltung dieser Seele mit dem Wissen des Psychologen und
821 3494 2199 3563 dem Können des Künstlers. Die Beziehungen zwischen Vater und
814 3552 1930 3645 Mutter und Kind sind außerordentlich fein gezeichnet.
3180 1179 3284 1266 13
2681 1308 3302 1392 Heinrich v. Schüllern sch
2556 1376 3303 1432 Roman eines Burschenschafters (Geo
2556 1428 3295 1489 Degré beschäftigt sich mit dem „R
2554 1476 3303 1546 Straßburg); das Badeleben in Osten
2561 1520 3302 1596 hübsch gezeichnet. Heinrich Kelle
2557 1571 3301 1642 lehrer Straup“ ins politische Leben h
2553 1622 3297 1703 Näher geht uns sein Buch „Leni un
2557 1674 3300 1734 sehen die Eltern kinderlos, Leni t
2565 1719 3303 1797 folgt und die Qual der Kindermädch
2571 1782 3303 1846 betrachtung wird betont, daß die
2568 1812 3301 1897 „die Pflege ihrer Kinder selbst in
2562 1883 3303 1933 leicht kommt’s in die Mode“. M.
2572 1924 3292 1995 unter dem Titel „Pasmis“ herau
2572 1971 3301 2037 Hevesi seine berühmten Kunstau
2580 2024 3303 2090 — Neukunst“ gesammelt (Wien, K
2568 2069 3296 2141 Buch „Neue Humore“ (Stultgart, B
2582 2114 3301 2185 ein moderner Nervenmensch; da i
2575 2172 3303 2251 stochene Ohrläppchen besitzt, aber
2569 2224 3302 2296 boutons verträgt. Durch das ges
2565 2279 3302 2351 nervösen Herrn, welcher der nerve
2566 2320 3293 2396 ein feiner Luftzug. Einmal sagt He
2573 2373 3302 2453 einzige sichere Methode der Lebens
2700 2431 3291 2509 Dr. Max Herz hat ein hüt
2580 2486 3302 2559 geschrieben (Berlin, Schall), Dr.
2584 2538 3301 2616 kuriosa“ gesammelt, in welchen M
2593 2590 3297 2662 spielen (München, Langen). Eine
2582 2635 3297 2709 „Simplizissimus“, dem Dr. Owig
2589 2689 3291 2761 bearbeitung des „Pantagruel“ von
2592 2741 3266 2807 Langen). Rabelais hat als
2588 2787 3302 2861 Medizin studiert; er war einer
2592 2835 3303 2904 sezierten und den Kreislauf des
2581 2903 3303 2963 übrigens seinen „Pantagruel“ zur
2602 2927 3293 3015 schrieben haben. Frederic v. Eed
2588 2990 3300 3059 der Wanderer“ (Berlin, Schuster u.
2602 3046 3291 3106 „Die Abenteuer des Brigadiers Ger
2592 3097 3303 3167 eine Sammlung „Round the fire s
2717 3146 3289 3235 Außerordentlich groß ist die
2598 3205 3291 3292 und Skizzen, in welchen Arzte agi
2589 3258 3301 3340 Biro (Zeit, Nr. 2518) gibt die
2594 3304 3303 3386 einem Arzt und einem Professor,
2592 3355 3303 3423 Kollegen geholt wurde. „Klara“, v
2607 3404 3303 3489 Journal, Nr. 5509) beginnt mit
2593 3463 3297 3530 Professor und einer Krankenpflege
2593 3506 3303 3601 auch den Mediziner Schiller a
3225 3986 3279 4046 900
3089 3996 3132 4057 0
3225 4119 3307 4173 820
