3296 4224
1517 220 1960 310 box 36/3
296 221 1355 333 Pamphlets. Offprints
1607 1032 1706 1099 20
1090 1131 2349 1220 Ein Wiener Kollege, der über glänzenden Witz verfügt, hat
975 1220 2350 1283 das berühmte ärztliche Bild des Jahres zum Thema einer abfälligen
973 1258 1520 1329 Kritik gewählt. Er meint:
1667 1321 2341 1392 „Was Rembrandt anatomisch schuf,
971 1305 1596 1384 „Professor W., er schnitzelt hier
1668 1367 2296 1411 War Werk von anderm Schlage —
1666 1409 2280 1462 Hier aber liegt Verirrung bloß.
980 1404 1472 1466 Wie es Gynäkologen Art
1652 1446 2147 1511 Ein Lapsus ohne Frage!“
964 1453 1590 1522 In einem Frauenbauche!“.
1093 1515 2359 1571 Wir wollen nicht untersuchen, wer den Lapsus begangen
974 1578 2373 1639 hat. Quincy Adams mit einem Hauptwerke der modernen Malerei
970 1627 1409 1700 oder unser Kollege.
1600 2145 1725 2255 62
1050 3393 2329 3459 Verlag von Moritz Perles, k. undk. Hofbuchhandlung. — Druckerei der k. Wiener Zeitung.
