3344 4320
1454 246 1913 351 box 36/3
230 247 1302 340 Panphlets offnrints
666 1149 2013 1236 an ihn verliert. Der Dichter beschließt diese ewig neu bleibende
658 1220 2026 1271 Geschichte mit einem Selbstmorde. Tschechows Leute gehen
655 1278 2031 1317 still und traurig vorüber, als wenn sie einander ausweichen
661 1321 2013 1385 wollten, während Artur Schnitzlers Schöpfungen auf¬
652 1383 2027 1429 einander in Liebe und Haß losgehen, miteinander ringen.
662 1426 2023 1493 Tschechows Figuren sind dabei wundervoll lebendig, die alte
646 1481 2023 1533 Kokette, der verbauerte Lanarzt, der literarische Geck und der
655 1534 2020 1579 arme Dichter wirken trotz aller melancholischen Schleier, hinter
666 1566 2022 1627 denen sie agieren, wie die lebendigste Gegenwart. Der mehr
646 1609 2027 1675 gelesene als literarisch hervorragende Kollege Conan Doyle hat
656 1684 2025 1729 ein moralisches Schauspiel: „Die Flammen des Schicksals“ im
655 1717 2011 1765 Lyric-Theatre in London mit Erfolg aufgeführt. Der englische Offi¬
658 1770 2014 1822 zier leidet an einer unheilbaren Krankheit und hört, daß er nur
664 1830 2030 1882 noch ein Jahr leben werde. Auf einer Nilreise verliebt er sich in
657 1871 2022 1917 eine junge Amerikanerin, er muß aber a's edler Theatermensch
660 1920 2021 1977 resignieren. Die Ausflügler werden von Derwischen überfallen, der
665 1971 2024 2026 Offizier erhält einen fürchterlichen Schlag auf den Kopf; der Schlag
654 2049 2028 2077 erschüttert sein ganzes Nervensystem so sehr, daß er bald gesund
660 2072 2022 2138 wird. Dieser sonderbare Erfolg einer Pertonation gibt freilich zu denken.
784 2130 2027 2187 Einige Worte seien noch den vielen Arzten und Krankheiten
662 2180 2016 2233 gewidmet, die in neuen Stücken über die Bühne laufen. Richard
654 2238 2020 2287 Egon bringt in der Tragödie „Aus der Tiefe“ (Wien,
658 2283 2033 2335 Wallishauser) einen altägyptischen Arzt auf die Szene, welcher die
658 2323 2017 2376 Königin liebt und dem König nach dem Leben trachtet; das gibt
669 2375 2023 2428 eine schreckliche Geschichte. Die „Kollegen“ von Adolf Vogeler
671 2408 2032 2485 (Aufführung im Deutschen Volkstheater) gehen mehr auf blutige
656 2468 2032 2520 Fffekte los. Ein berühmter Chirurg führt mit einem Furunkel an
661 2533 2023 2583 der Hand die Blinddarmoperation an dem Gatten seiner Jugend¬
659 2580 2030 2643 geliebten aus; der Gatle stirbt und der Chirurg heiratet die
660 2633 2026 2680 reiche Witwe. „Die Verhüllte“ von Alfred Fekete lehrt uns
661 2677 2025 2738 einen Mann kennen, der an Syphilis leidet, die Erzieherin seiner
671 2722 2027 2776 Tochter infiziert und es erleben muß, daß seine Tochter den jungen
655 2775 2023 2834 Fritz liebt, welcher die Krankheit von der Erzieherin übernommen
661 2835 2022 2891 hat. Fritz gibt sich edelmütig den Tod (vgl. Schnitzlers
664 2869 2015 2937 „Reigen“). Im „Nachtgesicht“ zeigt uns Meyrink den Dr. Kasse¬
655 2914 2028 2992 Kanare, der sein ungetreues Weib zu Tode quält und die Frucht
657 2977 2025 3035 der Sünde, einen Knaben, zu vivisektorischen Experimenten miß¬
666 3020 2029 3082 braucht. In dem Einakter: „Die glücklichste Zeit“ von Auern¬
666 3057 2037 3142 heimer geht ein Arzt um. Das Lustspiel „Bad Elster“ von
659 3114 2025 3182 Fastenrath demonstriert den nicht ungewöhnlichen Fall
671 3175 2032 3239 eines Arztes, der seine Kranken zum Kukuk wünscht, um sich
663 3220 2027 3270 der edlen Dichtkunst ganz widmen zu können. Dem Manne
671 3277 2040 3333 kann geholfen werden. In „Unterwegs“ von Rittner (Première
657 3334 2033 3383 im Deutschen Volkstheater, 14. März) glossiert ein Gynäkolog
655 3382 2038 3456 und Bruder des Helden alle Vorgänge in mephistophelischer
2497 1152 3245 1221 Deutlichkeit. Die „Griselda“ von
2488 1218 3254 1283 im Wiener Burgtheater, 6. März)
2499 1267 3297 1333 Geburtshelfer, In dem Lustspiel „Die Tü
2490 1323 3258 1392 thal wimmelt auch ein Medikus
2499 1360 3288 1436 Stucken experimentiert in der Eh
2486 1414 3283 1483 Geisteskrankheit einer Ehefrau: diese
2491 1472 3287 1537 der Heilanstalt zurück und findet den
2501 1515 3296 1579 Anderen; nach dem alten dramatischer
2492 1566 3290 1627 wahnsinnig. Paul Wilhelms „Erlösun
2495 1620 3289 1676 lers Marionetten gearbeitet ist, füh
2491 1665 3289 1732 Psychikus auf die Szene. „Die Turh
2504 1721 3287 1777 Drama von Müller-Eberhart. L
2498 1770 3302 1824 ihre Tochter, den Gatten in eine Irrena
2497 1817 3298 1887 liebt die Dame und gibt seine Hand
2500 1869 3298 1931 Gewissensbisse und die Frau will ihren
2507 1911 3289 1974 ist aber infolge der erlittenen Unb
2501 1966 3293 2028 geworden. Eine französische Truppe spi
2499 2017 3291 2090 von Kistemaeker in Wien. Der
2503 2068 3287 2123 Pflicht und beleidigter Gattenehre wird
2498 2111 3290 2190 die Frau des großen Chirurgen liebt ein
2508 2166 3277 2239 Der Chirurg überrascht das Pärchen
2509 2213 3281 2288 einen Blutsturz. Die ungetreue Gattin
2506 2275 3293 2333 fast Sterbenden zu retten; das gibt die
2512 2311 3289 2367 von Lavedan (Première im Wien
2495 2365 3298 2438 bruar) hat starke Wirkungen. Zwei B
2509 2421 3267 2478 Arzt, kämpfen um ein Weib; der
2498 2463 3289 2539 Beichtkindes retten, der zweite die Ma
2498 2517 3293 2587 das Weib schwankt zwischen irdisch
2507 2565 3269 2634 Leider verdirbt Lavedan selbst
2501 2609 3296 2683 zweiten Hälfte des Stückes den Pries
2504 2663 3294 2735 einführt. Eine Berliner Truppe gab a
2510 2720 3288 2776 schen Volkstheater den bereits bekannt
2513 2762 3295 2829 Dieser stellt einen Arzt auf die Bretten
2514 2819 3282 2878 Leberkrankheit konstruiert hat. Die g
2516 2866 3288 2932 endigt mit einem Siege des nordischen
2502 2915 3273 2982 von Madame Jacques Terni (Paris,
2512 2965 3279 3039 Schwatzhaftigkeit des Weibes auf a
2503 3030 3268 3082 Medizin, persifliert. Bois hat es v
2504 3064 3292 3123 rasenden Herakles unserem Verständnig
2624 3125 3293 3178 André Sardou. der Sohn
2507 3166 3294 3236 hat in den Pariser „Escholiers“ das
2511 3204 3295 3274 welches ein lebhaftes medizinischer In
2518 3274 3295 3345 Davréde hat aus ihrer ersten Ehe mit
2510 3315 3285 3392 den Sohn Jean, der von der Furcht
2514 3382 3283 3461 sinn seines Vaters erben zu müssen
