<?xml version="1.0" encoding="UTF-8" standalone="yes"?>
<PcGts xmlns="http://schema.primaresearch.org/PAGE/gts/pagecontent/2013-07-15" xmlns:xsi="http://www.w3.org/2001/XMLSchema-instance" xsi:schemaLocation="http://schema.primaresearch.org/PAGE/gts/pagecontent/2013-07-15 http://schema.primaresearch.org/PAGE/gts/pagecontent/2013-07-15/pagecontent.xsd">
    <Metadata>
        <Creator>prov=University of Rostock/Institute of Mathematics/CITlab/Gundram Leifert/gundram.leifert@uni-rostock.de:name=ONB_Newseye_GT_M1+(htr_id=10810)::::v=2.4.2
prov=University of Rostock/Institute of Mathematics/CITlab/Tobias Gruening/tobias.gruening@uni-rostock.de:name=de.uros.citlab.module.baseline2polygon.B2PSeamMultiOriented:v=2.4.2
prov=University of Rostock/Institute of Mathematics/CITlab/Tobias Gruening/tobias.gruening@uni-rostock.de:name=/mnt/transkribus/LA/DEA/URO/LA_news_onb_att.pb:de.uros.citlab.segmentation.CITlab_LA_ML:v=2.4.2
Transkribus</Creator>
        <Created>2019-10-07T20:35:01.149+02:00</Created>
        <LastChange>2019-10-08T22:33:12.734+02:00</LastChange>
        <TranskribusMetadata docId="224449" pageId="9576951" pageNr="51" tsid="16612353" status="IN_PROGRESS" userId="40391" imgUrl="https://files.transkribus.eu/Get?id=KGUBHGDLRJRMESJVEUKCGDUX&amp;fileType=view" xmlUrl="https://files.transkribus.eu/Get?id=VEIHJHVMRKHSQUKIQQEWUDXV" imageId="6207613"/>
    </Metadata>
    <Page imageFilename="224449_0051.jpeg" imageWidth="3204" imageHeight="4352">
        <ReadingOrder>
            <OrderedGroup id="ro_1711442254558" caption="Regions reading order">
                <RegionRefIndexed index="0" regionRef="r1"/>
            </OrderedGroup>
        </ReadingOrder>
        <TextRegion orientation="0.0" id="r1" custom="readingOrder {index:0;}">
            <Coords points="127,176 127,3278 2874,3278 2874,176"/>
            <TextLine id="r1l1" custom="readingOrder {index:0;}">
                <Coords points="1609,276 1723,299 1935,248 2026,286 2095,258 2143,296 2241,247 2316,249 2316,198 1608,195"/>
                <Baseline points="1624,236 1657,236 1691,236 1725,235 1759,235 1793,235 1827,234 1860,233 1894,233 1928,232 1962,231 1996,231 2030,230 2064,230 2097,229 2131,229 2165,229 2199,229 2233,229 2267,229 2301,230"/>
                <TextEquiv>
                    <Unicode>—</Unicode>
                </TextEquiv>
            </TextLine>
            <TextLine id="r1l2" custom="readingOrder {index:1;}">
                <Coords points="1138,373 1168,385 1246,346 1279,368 1339,332 1387,374 1438,351 1501,378 1606,370 1606,271 1423,257 1354,296 1255,265 1222,286 1192,268 1138,274"/>
                <Baseline points="1152,328 1177,328 1203,327 1229,327 1255,327 1281,328 1306,328 1332,329 1358,329 1384,330 1410,330 1436,331 1461,331 1487,331 1513,330 1539,329 1565,328 1591,327"/>
                <TextEquiv>
                    <Unicode>box 41/2</Unicode>
                </TextEquiv>
            </TextLine>
            <TextLine id="r1l3" custom="readingOrder {index:2;}">
                <Coords points="111,352 927,385 1071,365 1072,323 898,262 679,287 580,250 274,305 112,241"/>
                <Baseline points="127,335 173,338 220,341 266,344 313,347 359,348 406,350 452,350 499,351 545,351 592,351 639,351 685,351 732,350 778,350 825,349 871,348 918,348 964,347 1011,347 1058,347"/>
                <TextEquiv>
                    <Unicode>11. Miscellaneons</Unicode>
                </TextEquiv>
            </TextLine>
            <TextLine id="r1l4" custom="readingOrder {index:3;}">
                <Coords points="438,681 480,681 498,663 528,663 528,549 498,549 492,543 480,549 465,543 438,543"/>
                <Baseline points="453,620 483,617 513,620"/>
                <TextEquiv>
                    <Unicode>E</Unicode>
                </TextEquiv>
            </TextLine>
            <TextLine id="r1l5" custom="readingOrder {index:4;}">
                <Coords points="615,844 2889,863 2752,751 2410,713 2101,786 616,763"/>
                <Baseline points="629,814 741,816 853,817 965,819 1078,820 1190,821 1302,822 1414,822 1527,823 1639,824 1751,824 1863,825 1976,826 2088,826 2200,827 2312,828 2425,828 2537,829 2649,830 2761,831 2874,833"/>
                <TextEquiv>
                    <Unicode>Teut scung mnanden Blutte</Unicode>
                </TextEquiv>
            </TextLine>
            <TextLine id="r1l6" custom="readingOrder {index:5;}">
                <Coords points="1237,953 1279,971 1471,954 1504,974 1540,950 1891,961 1890,865 1794,845 1686,885 1635,844 1557,887 1443,846 1236,890"/>
                <Baseline points="1253,947 1284,948 1315,949 1346,949 1377,949 1408,949 1439,949 1470,948 1501,947 1532,946 1564,946 1595,945 1626,944 1657,943 1688,943 1719,943 1750,943 1781,943 1812,944 1843,945 1875,947"/>
                <TextEquiv>
                    <Unicode>„Z 9 13</Unicode>
                </TextEquiv>
            </TextLine>
            <TextLine id="r1l7" custom="readingOrder {index:6;}">
                <Coords points="406,1154 1975,1175 1976,1085 1790,1018 1078,1117 944,1063 407,1076"/>
                <Baseline points="420,1147 497,1146 574,1146 651,1147 728,1147 805,1148 882,1149 959,1150 1036,1151 1113,1152 1190,1153 1267,1154 1344,1154 1421,1155 1498,1155 1575,1154 1652,1154 1729,1153 1806,1151 1883,1148 1960,1145"/>
                <TextEquiv>
                    <Unicode>Aur  Mahhzsin P#ieino.</Unicode>
                </TextEquiv>
            </TextLine>
            <TextLine id="r1l8" custom="readingOrder {index:7;}">
                <Coords points="843,1304 2742,1287 2784,1200 843,1205"/>
                <Baseline points="859,1255 954,1255 1050,1256 1145,1256 1241,1257 1336,1257 1432,1258 1527,1259 1623,1259 1718,1260 1814,1260 1910,1260 2005,1261 2101,1261 2196,1261 2292,1260 2387,1260 2483,1260 2578,1259 2674,1258 2770,1257"/>
                <TextEquiv>
                    <Unicode>Bei der delegenheit als in dem Budapester Nationsltheater</Unicode>
                </TextEquiv>
            </TextLine>
            <TextLine id="r1l9" custom="readingOrder {index:8;}">
                <Coords points="430,1385 2695,1402 2779,1386 2779,1281 430,1334"/>
                <Baseline points="446,1382 561,1380 677,1377 793,1376 909,1375 1025,1374 1141,1374 1256,1374 1372,1374 1488,1374 1604,1374 1720,1375 1836,1375 1952,1375 2067,1375 2183,1375 2299,1374 2415,1373 2531,1371 2647,1369 2763,1365"/>
                <TextEquiv>
                    <Unicode>ein neues Drana des europäiscn berühnten österreichischen Selwiftstel¬</Unicode>
                </TextEquiv>
            </TextLine>
            <TextLine id="r1l10" custom="readingOrder {index:9;}">
                <Coords points="427,1491 2776,1522 2776,1414 427,1410"/>
                <Baseline points="441,1478 557,1479 673,1479 789,1479 905,1480 1021,1480 1137,1480 1253,1480 1369,1481 1485,1481 1601,1481 1717,1481 1833,1481 1949,1481 2065,1480 2181,1480 2297,1479 2413,1479 2529,1478 2645,1477 2762,1475"/>
                <TextEquiv>
                    <Unicode>lers, Arthur Schnitzler zur Auffüihrung gelangt, warde in einem ungari¬</Unicode>
                </TextEquiv>
            </TextLine>
            <TextLine id="r1l11" custom="readingOrder {index:10;}">
                <Coords points="420,1616 2808,1586 2507,1509 419,1553"/>
                <Baseline points="435,1599 552,1598 670,1597 788,1595 906,1595 1024,1594 1142,1593 1259,1592 1377,1592 1495,1591 1613,1591 1731,1590 1849,1590 1967,1590 2084,1589 2202,1589 2320,1590 2438,1590 2556,1590 2674,1591 2792,1591"/>
                <TextEquiv>
                    <Unicode>schen Blatte erwähnt, dass semitzter Nawkanizsaer daher von ungari¬</Unicode>
                </TextEquiv>
            </TextLine>
            <TextLine id="r1l12" custom="readingOrder {index:11;}">
                <Coords points="429,1745 2628,1743 2793,1674 1511,1600 428,1646"/>
                <Baseline points="444,1704 560,1704 677,1704 793,1704 910,1705 1027,1705 1143,1705 1260,1704 1377,1704 1493,1704 1610,1704 1727,1703 1843,1703 1960,1702 2077,1701 2193,1701 2310,1700 2427,1699 2543,1698 2660,1697 2777,1697"/>
                <TextEquiv>
                    <Unicode>scher #ung ist. Meser Inst and war uns bisher unbekannt, veshalb</Unicode>
                </TextEquiv>
            </TextLine>
            <TextLine id="r1l13" custom="readingOrder {index:12;}">
                <Coords points="422,1809 2789,1812 2408,1735 422,1743"/>
                <Baseline points="438,1819 554,1817 671,1815 788,1813 905,1812 1022,1811 1138,1811 1255,1810 1372,1810 1489,1810 1606,1810 1722,1810 1839,1811 1956,1811 2073,1811 2190,1812 2306,1812 2423,1813 2540,1813 2657,1813 2774,1813"/>
                <TextEquiv>
                    <Unicode>vir uns Jetzt un die Beztehungen des ausgezelchneten Schriftstellers</Unicode>
                </TextEquiv>
            </TextLine>
            <TextLine id="r1l14" custom="readingOrder {index:13;}">
                <Coords points="428,1954 2384,1982 2486,1955 2486,1853 428,1879"/>
                <Baseline points="443,1920 544,1920 645,1920 747,1920 848,1920 950,1921 1051,1921 1153,1921 1254,1922 1356,1922 1457,1923 1558,1923 1660,1924 1761,1924 1863,1924 1964,1924 2066,1924 2167,1924 2269,1923 2370,1922 2472,1921"/>
                <TextEquiv>
                    <Unicode>zu Kanizsa interessirten und folgenies in Erfannung brachten:</Unicode>
                </TextEquiv>
            </TextLine>
            <TextLine id="r1l15" custom="readingOrder {index:14;}">
                <Coords points="848,2084 2675,2071 2759,2058 2759,1977 848,1982"/>
                <Baseline points="863,2028 957,2031 1051,2033 1145,2034 1239,2035 1333,2036 1427,2036 1521,2036 1615,2036 1709,2035 1803,2035 1897,2034 1991,2033 2085,2033 2179,2032 2273,2032 2367,2032 2461,2032 2555,2032 2649,2032 2744,2033"/>
                <TextEquiv>
                    <Unicode>Der Grossvater sehmittzler's ver ein allgemein geachteter</Unicode>
                </TextEquiv>
            </TextLine>
            <TextLine id="r1l16" custom="readingOrder {index:15;}">
                <Coords points="414,2154 594,2214 2727,2199 2709,2058 2409,2118 414,2076"/>
                <Baseline points="429,2147 543,2146 657,2146 771,2145 885,2145 1000,2144 1114,2144 1228,2143 1342,2143 1456,2143 1571,2142 1685,2142 1799,2142 1913,2142 2027,2143 2142,2143 2256,2144 2370,2145 2484,2146 2598,2147 2713,2148"/>
                <TextEquiv>
                    <Unicode>Tischlermeister in Nagykanizsa. Jene die ihn kannten sagen, däss der</Unicode>
                </TextEquiv>
            </TextLine>
            <TextLine id="r1l17" custom="readingOrder {index:16;}">
                <Coords points="428,2312 2699,2269 2698,2182 2605,2167 427,2207"/>
                <Baseline points="443,2257 555,2257 667,2256 779,2255 891,2255 1003,2255 1115,2254 1227,2254 1339,2254 1451,2254 1563,2254 1675,2254 1787,2253 1899,2253 2011,2253 2123,2253 2235,2253 2347,2253 2459,2252 2571,2252 2683,2251"/>
                <TextEquiv>
                    <Unicode>elte Feister zutolge seinen Fleissee und seiner Anständigkeit eines</Unicode>
                </TextEquiv>
            </TextLine>
            <TextLine id="r1l18" custom="readingOrder {index:17;}">
                <Coords points="422,2415 2771,2407 2678,2296 422,2310"/>
                <Baseline points="436,2359 552,2361 668,2363 784,2364 900,2365 1016,2365 1132,2366 1248,2366 1364,2365 1480,2365 1596,2364 1712,2364 1828,2364 1944,2363 2060,2363 2176,2363 2292,2363 2408,2364 2524,2364 2640,2365 2756,2367"/>
                <TextEquiv>
                    <Unicode>solehen Ansehens stch erfreute, welches gewülmläche Handwerker seiten</Unicode>
                </TextEquiv>
            </TextLine>
            <TextLine id="r1l19" custom="readingOrder {index:18;}">
                <Coords points="421,2493 2746,2471 2479,2393 421,2412"/>
                <Baseline points="437,2476 551,2475 666,2474 781,2473 896,2473 1010,2473 1125,2472 1240,2472 1355,2472 1469,2473 1584,2473 1699,2473 1814,2473 1928,2474 2043,2474 2158,2474 2273,2475 2387,2475 2502,2475 2617,2475 2732,2475"/>
                <TextEquiv>
                    <Unicode>erreichen. Der alte Herr lebte in Kanizsa, hier ist er gestorben und</Unicode>
                </TextEquiv>
            </TextLine>
            <TextLine id="r1l20" custom="readingOrder {index:19;}">
                <Coords points="417,2612 2340,2656 2802,2598 2802,2526 417,2543"/>
                <Baseline points="431,2587 548,2587 666,2586 784,2586 902,2585 1020,2585 1138,2585 1255,2584 1373,2584 1491,2583 1609,2583 1727,2583 1845,2583 1963,2582 2080,2582 2198,2582 2316,2582 2434,2582 2552,2582 2670,2582 2788,2582"/>
                <TextEquiv>
                    <Unicode>runt im hiesigen isr. Friedhofe. Sein sohn Johann Salnitzler kan senon</Unicode>
                </TextEquiv>
            </TextLine>
            <TextLine id="r1l21" custom="readingOrder {index:20;}">
                <Coords points="433,2718 2764,2741 2764,2636 2689,2627 433,2637"/>
                <Baseline points="449,2693 564,2693 679,2694 794,2694 909,2694 1024,2694 1139,2694 1254,2694 1369,2694 1484,2694 1599,2693 1714,2693 1829,2693 1944,2693 2059,2693 2174,2693 2289,2693 2404,2693 2519,2693 2634,2693 2750,2693"/>
                <TextEquiv>
                    <Unicode>von uns fort, er bemdste in Vien seine meilteinischen studien und hat</Unicode>
                </TextEquiv>
            </TextLine>
            <TextLine id="r1l22" custom="readingOrder {index:21;}">
                <Coords points="441,2824 2646,2867 2869,2754 442,2752"/>
                <Baseline points="455,2800 581,2799 707,2799 833,2799 960,2799 1086,2799 1212,2799 1338,2800 1465,2801 1591,2802 1717,2803 1843,2803 1970,2804 2096,2805 2222,2805 2348,2805 2475,2805 2601,2804 2727,2804 2854,2802"/>
                <TextEquiv>
                    <Unicode>sich in der österr. Hauptstadt niedergelassen, wo er sich als ausgezeich¬</Unicode>
                </TextEquiv>
            </TextLine>
            <TextLine id="r1l23" custom="readingOrder {index:22;}">
                <Coords points="413,2930 2771,2926 2744,2854 2390,2837 413,2864"/>
                <Baseline points="429,2919 545,2918 661,2917 777,2917 894,2916 1010,2915 1126,2915 1243,2914 1359,2914 1475,2913 1592,2913 1708,2913 1824,2913 1940,2912 2057,2912 2173,2912 2289,2912 2406,2912 2522,2912 2638,2912 2755,2912"/>
                <TextEquiv>
                    <Unicode>#neter irzt fur Kehlkopfleiden einen besonderen Ruf erworb. Er kam oft</Unicode>
                </TextEquiv>
            </TextLine>
            <TextLine id="r1l24" custom="readingOrder {index:23;}">
                <Coords points="420,3020 2697,3033 2697,2952 420,2945"/>
                <Baseline points="435,3028 547,3027 659,3027 771,3027 884,3026 996,3026 1108,3026 1221,3026 1333,3026 1445,3026 1558,3026 1670,3026 1782,3026 1894,3026 2007,3025 2119,3025 2231,3024 2344,3024 2456,3023 2568,3022 2681,3021"/>
                <TextEquiv>
                    <Unicode>nach Kanizsa und besuchte das Grab seines Vaters, Jonann Seinißzler</Unicode>
                </TextEquiv>
            </TextLine>
            <TextLine id="r1l25" custom="readingOrder {index:24;}">
                <Coords points="430,3140 2824,3174 2824,3069 2728,3048 430,3092"/>
                <Baseline points="446,3139 564,3137 682,3136 800,3135 918,3134 1037,3134 1155,3134 1273,3134 1391,3134 1509,3134 1628,3134 1746,3135 1864,3135 1982,3135 2100,3135 2219,3135 2337,3135 2455,3134 2573,3133 2691,3132 2810,3131"/>
                <TextEquiv>
                    <Unicode>heiratete eine Markreiterlsche rochter, also ebenfalls eine Kanizsaerin,</Unicode>
                </TextEquiv>
            </TextLine>
            <TextLine id="r1l26" custom="readingOrder {index:25;}">
                <Coords points="423,3274 2484,3285 2781,3266 2781,3161 423,3205"/>
                <Baseline points="437,3252 553,3252 669,3252 786,3251 902,3251 1019,3251 1135,3250 1252,3249 1368,3249 1485,3248 1601,3247 1717,3247 1834,3246 1950,3246 2067,3245 2183,3245 2300,3245 2416,3245 2533,3245 2649,3246 2766,3246"/>
                <TextEquiv>
                    <Unicode>aus dieser The entet st irthur Sennitzler der berumte Sehriftsteller.</Unicode>
                </TextEquiv>
            </TextLine>
            <TextEquiv>
                <Unicode>—
box 41/2
11. Miscellaneons
E
Teut scung mnanden Blutte
„Z 9 13
Aur  Mahhzsin P#ieino.
Bei der delegenheit als in dem Budapester Nationsltheater
ein neues Drana des europäiscn berühnten österreichischen Selwiftstel¬
lers, Arthur Schnitzler zur Auffüihrung gelangt, warde in einem ungari¬
schen Blatte erwähnt, dass semitzter Nawkanizsaer daher von ungari¬
scher #ung ist. Meser Inst and war uns bisher unbekannt, veshalb
vir uns Jetzt un die Beztehungen des ausgezelchneten Schriftstellers
zu Kanizsa interessirten und folgenies in Erfannung brachten:
Der Grossvater sehmittzler's ver ein allgemein geachteter
Tischlermeister in Nagykanizsa. Jene die ihn kannten sagen, däss der
elte Feister zutolge seinen Fleissee und seiner Anständigkeit eines
solehen Ansehens stch erfreute, welches gewülmläche Handwerker seiten
erreichen. Der alte Herr lebte in Kanizsa, hier ist er gestorben und
runt im hiesigen isr. Friedhofe. Sein sohn Johann Salnitzler kan senon
von uns fort, er bemdste in Vien seine meilteinischen studien und hat
sich in der österr. Hauptstadt niedergelassen, wo er sich als ausgezeich¬
#neter irzt fur Kehlkopfleiden einen besonderen Ruf erworb. Er kam oft
nach Kanizsa und besuchte das Grab seines Vaters, Jonann Seinißzler
heiratete eine Markreiterlsche rochter, also ebenfalls eine Kanizsaerin,
aus dieser The entet st irthur Sennitzler der berumte Sehriftsteller.</Unicode>
            </TextEquiv>
        </TextRegion>
    </Page>
</PcGts>
