3344 4352
1938 185 2324 275 —
1169 208 1388 290 —
1134 282 1619 383 box 41/2
106 299 995 418 1. Miscellaneous
2140 522 2709 600 „ 92, 23. April 1909.
1326 542 1733 611 Nichtamtlicher Teil.
305 530 1007 614 4898 Börsenblatt s. d. Dtschn. Buchhandel.
255 651 2755 710 Die führenden Talente erheben sich nicht über ein ge=bis 1884) und Gerhart Hauptmann (Vor Sonnen¬
259 706 2759 753 wisses Mittelmaß: Anzengruber, Conrad Ferdinand Meyer aufgang 1889, Die Weber 1892, Hanneles Himmel¬
262 736 2755 809 und Marie von Ebner=Eschenbach. Die großen Talentsefahrt 1893). Ihnen schließen sich als selbständige
251 809 2754 861 sind Lindau und Sudermann. Um die führenden Talente! Talente, doch ohne führende Bedeutung an: Halbe,
1510 840 2749 896 Polenz, Dehmel, Wedekind. Groß ist die Zahl der ab¬
256 835 1520 907 gruppieren sich selbständige Talente ohne führende
1516 889 2761 950 hängigen und kleineren Talente: Bahr, Bierbaum,
255 893 1507 949 Bedeutung (Vischer, Luise von François, Wildenbruch,
1518 927 2767 995 Hartleben, Falke, Hofmannsthal und Schnitzler Dazu
258 940 1510 1011 Rosegger, Greif, Wilbrandt), zahlreiche abhängige Talente
1516 973 2756 1039 kommen die für die Zeit charakteristischen Unterhaltungs¬
265 988 1514 1047 (Grisebach, Voß) und endlich Nachzügler und Aus¬
1516 1028 2762 1087 schriftsteller: Tovote, Wolzogen, Ompteda, Clara Viebig,
257 1037 1506 1096 läufer: epigonenhafte Lyriker, Epiker und Dramatiker,
1523 1085 2756 1140 Frenssen. Die Errungenschaften der Bewegung von 1884
259 1091 1517 1147 Verfasser von Zeitdramen und altertümelnden Romanen.
1514 1129 2756 1193 sind: Bruch mit der überlieferten und schablonenhaft ge¬
261 1137 1506 1212 Vorbilder aus der Fremde sind, wie schon vorher, Dumas
1523 1177 2768 1235 wordenen Epigonenkunst, Fühlung mit den großen sozialen
262 1192 1513 1242 und Seribe, ferner Sardon, Feuillet, Augier, Daudet,
1511 1221 2766 1284 Mächten der Zeit, Vertiefung in die naturwissenschaftlichen
266 1231 1519 1301 Turgenjeff und Leopardi. Rascher als jemals schreitet die
1521 1269 2767 1343 Probleme, Kultus des Lebens und der Wirklichkeit in der
265 1279 1526 1342 Entwicklung vorwärts. Schöpferische Talente sind im all¬
1522 1325 2764 1383 weitesten Ausdehnung, Wiedererweckung Hebbels, Kellers und
267 1331 1515 1407 gemeinen nicht so zahlreich wie in der dritten Generation
1512 1368 2773 1440 Anzengrubers, Ausbildung einer verfeinerten dichterischen
272 1379 1521 1442 vorhanden; die vierte Generation ist kritisch und zweiflerisch
1514 1417 2399 1496 Technik und Aufsprießen der Heimatkunst.
275 1438 1518 1508 angelegt. Den literarischen Übergang zur fünften Generation
1604 1458 2766 1538 Die Presse nahm zwar einen großen Aufschwung, wird
268 1478 1269 1565 bezeichnen Kirchbach, Avenarius und Spitteler.
378 1547 2769 1600 Die fünfte Generation erhebt sich im Jahre 1884 aber immer mehr vom Kapitalismus beherrscht, der die
271 1579 2783 1655 und bleibt über zwei Jahrzehnte im Besitz ihrer literarischen! Individualitäten zermalmt. Der Absatz der Bücher wurde
1518 1625 2248 1705 durch die Presse vielfach erleichtert.
268 1637 1519 1703 Macht. 1882 beginnt die literarische Revolution in der
1600 1654 2770 1745 Der Verlag von Wilhelm Friedrich in Leipzig war
267 1680 1537 1755 Kritik (Kritische Waffengänge), Ende 1884 in der Lyrik
1530 1725 2782 1794 mit der Geschichte der jüngstdeutschen Literatur um 1885
276 1738 1522 1799 (Moderne Dichtercharaktere), 1885 im Roman (Schlechte Ge¬
1528 1772 2770 1838 eng verknüpft. In Freud und Leid, in Eintracht und
279 1782 1521 1854 sellschaft), 1889 im Drama (Vor Sonnenaufgang). Vorboten
1533 1817 2779 1891 Zwietracht war er mit seinen Autoren verbunden: Bleibtreu,
276 1832 1515 1907 der Revolution zeigen sich schon um 1880. Der Widerspruch
1534 1868 2770 1937 Conrad, Conradi, Walloth, Alberti, Lilieneron, Heiberg v. a.
272 1884 1524 1960 kehrt sich gegen die Epigonenlyrik, gegen das akademische
1534 1920 2774 1988 Er war auch Verleger der .Gesellschafte und zeitweilig des
279 1932 1534 1996 Drama, gegen die Zahmheit und Schablonenhaftigkeit der
1529 1973 2784 2035 Magazins für Literatur=. Bekanntlich ist der Verlag vor einigen
279 1988 1540 2050 Empfindung, gegen den Mangel an Zeitproblemen, gegen
1522 2010 2786 2086 Jahren ganz eingegangen. Mit größerem Glück nahm der
279 2026 1528 2105 die veraltete Art der Technik und das Elend der literarischen
1521 2069 2782 2128 Verlag von S. Fischer in Berlin (1886) die Pflege der
271 2081 1523 2142 Kritik. Die Bewegung der jungen Generation war in den
1528 2124 2770 2182 modernen Literatur auf und schwang sich zu dem bedeutend¬
288 2128 1525 2198 politischen, wirtschaftlichen und sozialen Verhältnissen der Zeit
1540 2154 2786 2235 sten Verleger moderner Belletristik auf. Daneben erwähnt
284 2182 1526 2239 und in dem Wandel der philosophisch=naturwissenschaftlichen
279 2212 2782 2288 Anschauungen begründet. In allen anderen Künsten trat Kummer eine lange Reihe anderer Verlagshandlungen, deren
1528 2273 2783 2331 Aufzählung sich hier natürlich erübrigt. Einen eigenen Ab¬
273 2271 1541 2366 zugleich die nämliche Bewegung hervor. Der Einfluß der
1530 2309 2794 2381 schnitt widmet er mit Recht den billigen Volksausgaben,
284 2313 1542 2385 ausländischen Vorbilder auf die Dichtung dieser Generation
1526 2354 2794 2430 die gerade in den letzten Jahrzehnten so ungemein viel zur
285 2375 1540 2427 ist nach Kummers Ansicht stark überschätzt worden; in Wirk¬
1528 2417 2783 2483 Ausbreitung guter Literatur im Volke getan haben. Diese
289 2417 1538 2490 lichkeit habe der Geist wiedererwachter Nationalität die Dichter
1526 2457 2787 2522 billigen Sammlungen und Klassikerausgaben haben erst dem
288 2474 1540 2531 angetrieben, neue Bahnen zu suchen. Hierbei wirkten die aus¬
280 2512 2789 2572 ländischen Denker und Tichter mit: Darwin, Zola, Dosto=] Volke die Schätze der deutschen (und zum Teil auch der aus¬
1529 2548 2790 2628 ländischen) Literatur nahegebracht. Kummer sagt sogar:
285 2567 1537 2636 jewski, Tolstoi und Ibsen (bis zu den Gespenstern). Nach 1892
291 2636 2779 2674 wird die Generation in ihrer Weltanschauung beeinflußt vons Die ganze fünfte Generation ist, soweit sie literarisch em¬
1536 2649 2791 2726 pfänglich war, in ihrer Jugend mit Reclams Universal¬
288 2671 1530 2746 Nießsche; vereinzelte Anregungen gehen aus von dem späteren
1543 2704 2801 2776 Bibliothek aufgewachsen. Es ist eine ungeheure, bei keinem
295 2722 1534 2776 Ibsen, Baudelaire, Verlaine, Maeterlinck, Zugleich werden
288 2755 2800 2826 die Werke älterer deutscher Dichter zu neuem Leben erweckt;sandern Volk wiederzufindende Menge von Kenntnis und
299 2809 2799 2873 Grillparzers Werke, Anzengrubers Volksstücke, Mörikes Lyrik, Bildung, von Poesie und Begeisterung, die die Reclamsche
296 2847 2796 2929 Kellers Novellen, Ludwigs Shakespearestudien und Heimat=Universal=Bibliothek unserm Volke hat zuströmen lassen und
299 2932 2796 2981 romane, Hebbels Dramen dringen durch und wirken fastjnoch immer zuströmen läßte. Mit Recht fügt der Verfasser
1544 2944 2799 3014 seiner Darstellung der fünften Generation auch eine Statistik
300 2959 1545 3031 mit der Wucht ganz neuer Werke. Den eigentlichen Wende¬
1536 2992 2794 3081 der meistgelesenen Romane und der meistgegebenen Theater¬
294 3006 1545 3068 punkt in der Dichtung der fünften Generation bildet das
1533 3053 1779 3132 stücke ein.
296 3061 1539 3129 siegreiche Durchdringen Friedrich Nietzsches, des Denkers und
1638 3075 2799 3159 Es ist sehr wohl möglich, daß die von Kummer ge¬
300 3098 1561 3185 Dichters. Vor Nietzsche haben wir — um Schlagworte zu
295 3180 2804 3217 gebrauchen — Soziatismus, Positivismus und in der dichte=wählte Einteilung auch von späteren Literarhistorikern bei¬
290 3186 2802 3267 rischen Lebensdarstellung den physischen (äußeren) Im= behalten werden wird. Dabei wird man dann vielleicht
1536 3243 2804 3294 den einen oder anderen Schriftsteller höher oder niedriger
302 3257 1553 3328 pressionismus, nach Nietzsche Sozialaristokratismus und in
297 3323 2809 3370 der Dichtung den psychischen einneren) Imnpressionismus. Als werten, als er es getan hat, oder ihn in seinem Haupt¬
296 3343 2802 3409 Pfadfinder gehen der jungen Generation voran: die wirken einer anderen Generation zuweisen, da es bei
305 3381 2802 3475 beiden Hart (Kritische Waffengänge 1882 bis 1884), Kretzer manchen, die zeitlich zu zwei Generationen gehören, immer¬
302 3468 2802 3518 (Die Verkommenen 1883), Bleibtreu (Schlechte Gesellschaft hin fraglich ist, welcher Gruppe in der Literatur¬
309 3499 2815 3568 1885), Conradi (Moderne Dichtercharaktere 1885), M. Gegeschichte sie endgültig angehören werden. Auf Einz.lheiten
308 3531 2805 3608 Conrad (das zuerst auf Zola hinweiseide Buch Parisiana dieser Art einzugehen, ist hier nicht der Ort. Doch sei noch
306 3589 2812 3680 1880 und der Roman Was die Isar rauscht 1888) und besonders hervorgehoben, daß der Verfasser es verstanden
306 3667 2791 3717 Holz=Schlaf (Papa Hamlet 1889, Familie Selicke 1890)hat, den ungemein reichhaltigen Stoff, eine geradezu ge¬
307 3687 2810 3754 Als pfadfindende und führende Talente treten in den waltige Fülle von Charakteristiken und tatsächlichen Angaben
302 3726 2817 3829 Vordergrund: Theodor Fontane (L’Adultera 1882, Irrungen in einer durchaus übersichtlichen Form zu gruppieren. Die
382 3770 2808 3862 Wirrungen 1888), Detlev von Lilieneron (Adjutanten=]Darstellung der literarischen Strömungen ist lichtvoll ge¬
317 3814 400 3864 —
297 3836 2800 3912 ritte 1883, Gedichte 1889), Friedrich Nietzsche (namentlich halten, und an sie schließt sich in knappem Stil und zu¬
315 3873 2822 3992 #n seiner Eigenschaft als Dichter des Zarathustra 1882 Meist in kleinerer Schrift das Biographische und das Résumé
1641 3929 2896 4022 der wichtigsten Werke. Entsprechend der Grundidee des
1638 3979 2896 4076 Werkes werden auch die politischen, soziaien, philosophischen!
1623 4032 2893 4105 und künstlerischen Verhältnisse, unter denen die einzelnen?
1628 4081 2888 4159 Generationen lebten und wirkten, kurz, aber treffend ge¬
1633 4107 2904 4208 schildert so daß der Leser einen eingehenden Blick in die
