3344 4320
1122 323 1576 422 box 41/2
823 349 892 402 II
132 344 973 451 1. M1806
975 701 1323 761 Telephon 12801
1115 786 1220 858 95
460 826 1156 926 „UUSERVER
273 883 1383 966 I. österr. behördl. konz. Unternehmen für Zeitungs-Ausschnitte
468 947 1214 1027 Wien, I., Concordiaplatz 4.
687 1028 996 1086 Vertretungen
293 1070 1386 1141 in Berlin, Budapest, Chicago, Christiania, Genf, Kopenhagen,
292 1100 1392 1181 London, Madrid, Mailand, Minneapolis, New-York, „Paris, Rom,
456 1146 1229 1219 San Francisco, Stockholm, St. Petersburg.
637 1196 1056 1256 (Quellenangabe ohne Gewähr.)
303 1281 696 1379 Ausschnitt as
700 1284 1328 1379 keriki, Wien:
674 1365 972 1440 10MA 1906
320 1403 457 1456 vom:
648 1563 1089 1647 Unsere Dichter.
1318 1578 1378 1645 2
456 1636 1170 1706 Der Schnitzler ünd der Hofmannsthal.
469 1682 974 1732 Die sind der Jüden Ideal.“
1346 1722 1394 1758 +
468 1720 1054 1775 Sie schinden sehr den Degasus.
1324 1738 1395 1788 5
473 1748 1165 1823 Der schreibt nur Zoten, der nur Stuß.
481 1800 1109 1855 „Calentvoll sind se! Nix ze sagen!“
470 1794 1290 1901 Man braucht nur die Herrn Schmöcke fragen.)
1334 1931 1398 2008 9
833 2658 923 2747 9
300 2660 666 2765 Telephon 12391.
495 2748 1193 2901 „OBSERVER‘
305 2843 1431 2951 1 österr. behördl. konz. Unternehmen für Zeilungs-Ausschnitte
498 2929 1247 3002 Wien, I., Concordiaplatz 4.
723 2992 1036 3060 Vertretungen
302 3016 1434 3120 in Berlin, Budapest. Chicago, Christiania, Genf, Kopenhagen,
311 3078 1442 3155 London, Madrid, Mailand, Minneapolis, New-York, Paris, Rom,
494 3118 1282 3194 San Francisco, Stockholm, St. Petersburg.
671 3169 1080 3222 (Queilenangabe ohne Gowähr.)
876 3213 1511 3302 Figaro, wien
306 3241 725 3351 Ausschnitt aus:
632 3304 938 3397 19 5. 1316
311 3368 465 3427 vom:
470 3407 504 3455 3
601 3491 1184 3575 Tiebe „Wiener Luft“.
426 3547 1577 3623 Bei der Eröffnung der österreichischen Ausstellung in London hat
299 3601 1572 3688 der österreichisch ungarische Botschafter den versammelten Zelebritäten mit¬
311 3621 1595 3722 geteilt, daß Österreich auch einmal einen Shakespeare besessen hat, dessen!
320 3699 1589 3769 Name Grillparzer war. — Ist es nicht überaus traurig, wenn ein Ver¬
322 3750 1601 3824 treter unseres Reiches den längst verstorbenen Grillparzer ins Treffen
319 3791 1593 3889 führt, wo Dichtergrößen wie Hermann Bahr, Arthur Schnitzler, Rudolf
321 3859 1396 3928 Lothar, Felix Dörmann und andere noch am Leben sind?¬
1374 3890 1443 3994 8
577 3940 753 4029 13261. 310
2508 1384 2840 1473 Telephon 12.801.
1802 1386 2163 1500 —
2003 1398 2604 1623 „GBSERDER
1774 1606 2881 1684 I. österr. behördl. konz. Unternehmung für Zeitungs-Ausschnitte
1948 1661 2718 1740 Wien, I., Concordiaplatz 4.
2187 1723 2507 1786 Vertretungen
1780 1758 2884 1832 in Berlin, Basel, Budapest, Chicago, Cleveland, Christiania,
1790 1819 2879 1870 Genf, Kopenhagen, London, Madrid, Mailand, Minneapolis,
1783 1856 2879 1922 New-Vork, Paris, Rom, San Francisco, Stockholm, St. Peters¬
2079 1897 2936 2058 „Melns-Wiener Tagblatt
1771 1986 2247 2079 Ausschnitt aus:
2180 2037 2493 2132 12.00. 1906
1794 2074 1946 2179 vom:
2056 2175 2559 2238 Ein Ruf nach Hilfe!
1882 2190 2839 2269 Wenn nicht in zwölfter Stunde Hilfe kommt, scheint
1790 2273 2834 2338 es sast, als ob ein von vielen Seiten anerkannter Schrift¬
1799 2316 2868 2366 steller den Weg so vieler deutschen Dichter gehen müßte:i#
1795 2365 2878 2439 den Weg des Elends. Seit drei Monaten liegt Franzsa
1797 2413 2870 2468 Schamann vom Schlag gerührt danieder. Und als seine
1799 2459 2858 2513 Zustand sich kaum etwas gebessert zu haben schien, warfs#
1799 2504 2876 2560 ihn ein Blutsturz wieder aufs Krankenlager. Zu all dem
1801 2542 2867 2605 pocht die Not an seiner Tür. So kam es, daß dieser streb-2
1791 2599 2824 2654 same Mann, durch seine Krankheit arbeitsunfähig, am
1799 2643 2823 2701 Rande des Elends angekommen ist. Es wird gewiß viele
1782 2682 2821 2747 geben, denen Schamann als Feuilletonist, Novellist, Kritiker
1787 2740 2823 2803 oder Dramatiker oft angenehme Stunden bereitet hat. An
1779 2779 2826 2850 alle diese und alle jene, welche an dem Streben eines
1789 2834 2827 2896 ernsten Mannes Anteil nehmen, wenden sich die Unter¬
1788 2880 2846 2940 zeichneten. Vielleicht denkt doch mancher an den Kranken
1795 2930 2832 2999 und trägt dazu bei, ihm die Mittel zu beschaffen, welcher er##
1787 2984 2279 3033 zu seiner Genesung bedarf.
1880 3023 2188 3087 Im Juli 1906.
1793 3042 2824 3123 Franz Adamus (Ferdinand Bronner), Hermann Bahr,
1790 3117 2819 3173 Dr. Ludwig Bauer, Dr. Oskar Bendiener, Alexander
1796 3156 2823 3215 Engel, Stephan Großmann, Siegfried Knapitsch,
1781 3194 2824 3283 Dr. Rudolf Lothar, Dr. Karl Hans Strobl,
1786 3255 2833 3325 Dr. Arthur Schnitzler Dr. Karl Schönherr,
2094 3308 2521 3364 Siegfried Trebitsch.
1874 3351 2811 3406 Die Redaktion ist bereit, Widmungen für den Hilfer
1784 3395 2831 3477 bedürstigen entgegenzunehmen und sie ihm zu übermitteln.
