3392 4352
377 281 630 348 isce
205 292 1038 387 1aneous
1202 263 1640 364 box 41/2
1966 147 3078 203 0 in Berlin, Budapest, Chicago, Christiania, Genf, Kopen¬
1944 185 3084 257 hagen, London, Aindrid, Mailand, Minnenpolis, New-Vork,
1945 236 3068 283 0 Paris, Rom, San Francisco, Stockholm, St. Petersburg.
2348 267 2742 335 QQuelienangabe ohne Gewahr.
1940 321 2418 405 □ Ausschnitt aus:
2981 322 3152 411 Wies
2531 370 3022 469 S. HOITRSER 1907
1943 428 2161 489 E vom:
2129 479 2168 518 2
2069 520 3062 607 Die Anion dramatischer Autoren und Com¬
2443 587 2661 676 ponisten.
2164 664 3057 725 In Rupert's Restauration fand gestern
2066 715 3056 776 Abends die constituirende Generalversammlung der
2070 760 3062 805 Union dramatischer Autoren und Com¬
2063 802 3071 845 ponisten statt. An der überaus zahlreich besuchten
2065 850 3066 900 Versammlung nahmen u. A. theil: Felix Albini,
2070 887 3060 938 Dr. Leo Ascher, Dr. Raoul Auernheimer, Hof¬
2062 925 3072 971 kapellmeister Josef Bayer, R. J. Bayer (Gabriel
2066 968 3059 1018 Rosa), Dr. Oscar Bendiener, Heinrich Berté,
2065 1012 3063 1064 H. Bohrmann=Riegen, Hans Ceiek, Landes¬
2060 1060 3073 1109 gerichtsrath Drechsler, Otto Eisenschitz,
2066 1097 3077 1151 Alexander Engel, Dr. Leo Feld, Fischl, Kurt
2057 1140 3059 1186 Frieberger, Edmund Gärtner, Stefan Groß¬
2062 1177 3066 1231 mann, Maurice Hirschmann (Petersburg).
2055 1221 3073 1270 Julius Horst, Ludwig Huna, Jacobsohn, Karl
2057 1261 3073 1327 [Kapeller, Leopold Krenn, Landesberg,
2059 1307 3079 1362 Robert Langendorff, Margarethe Lang¬
2060 1347 3077 1390 kammer, Victor Léon, Karl Lindau, Dr. Wolf¬
2063 1392 3068 1440 gang Madjera, Karl Metz, Dr. Hans Müller.
2056 1434 3068 1494 Philippi, Rudolf Oesterreicher, Dr. Fr. von
2055 1471 3071 1529 Radler, Heinrich Reinhardt, Rudolf Rai¬
2063 1516 3065 1567 mann, Loms Rotb, Franz Schamann, Schick
2062 1567 3072 1618 v. Markenau, J. Schnitzer, Dr. Arthur
2076 1606 3071 1652 Schnitzler, M. Schurz, Olga Walter Segel,
2072 1652 3077 1695 E. Skurawy, F. Stieber, Oscar Straus,
2075 1686 3064 1753 Fritz Telmann, Landesgerichtsrath Dr. v. Wald¬
2075 1732 3066 1783 stein, Dr. Robert Weil, Charles Weinberger,
2067 1775 3075 1848 Julius Wilhelm, Paul Wilhelm, Franz Wolff
2070 1824 2535 1882 und C. M. Ziehrer.
2176 1866 3069 1928 Der Vorsitzende Franz Wolff besprach die
2055 1911 3075 1980 Nothwendigkeit einer Organisation der dramatischen
2074 1956 3067 2006 Autoren und Componisten, diesen jenen Einfluß zu
2072 1999 3069 2048 schafsen, der ihnen als maßgehender Factor im Kunst¬
2068 2040 3081 2103 leben gebührt, sei das Ziel, welches die zu gründende
2077 2086 3073 2153 Vereinigung anstrebe. Es gibt, führte Redner aus
2075 2125 3071 2183 eine Reihe von actuellen Fragen — wie zum Bei¬
2074 2172 3070 2226 spiel die Schaffung eines Theatergesetzes — in denen die,
2069 2213 3077 2262 Union mitsprechen soll. Die Union soll ferner in allen
2078 2256 3071 2307 Fällen, wo es sich um die Entscheidung über musi¬
2068 2293 3069 2355 talische und dramatische Werke im Wege von Preis¬
2077 2345 3076 2394 zertennungen, Sudventionitungen durch die Be¬
2073 2392 3072 2442 hörde u. s. w. handelt, durch Delegirte vertreten
2042 2435 3074 2487 ##werden. Der Redner hob hervor, daß auch Justiz¬
2070 2478 3078 2522 minister De. Klein die Orgamsation der Dramatiler
2056 2498 3066 2580 und Combönisten als wünscheuswerto bezeichnet habe.
2161 2577 3042 2631 Dr. Gustav Harpner verlas hierauf sdie
2040 2612 2995 2678 Statuten und gab hiezu zahlreiche Erläuterungen.
2156 2666 3050 2718 Der Delegirte des russischen Autorenverbandes
2041 2705 3040 2765 Maurice Hirschmann tritt für die Schaffung
2047 2744 3042 2816 einer literarischen Convention zwischen Rußland und
2039 2789 2692 2839 Deutschland und Oesterreich ein.
2159 2823 3038 2884 Dr. Robert Weil erklärte, daß die Schrift¬
2036 2864 3041 2931 steller keiner Nation so unterdrückt würden, wie die
2051 2919 3042 2996 österreichischen Autoren. In welchem Lande wäre ein
2044 2963 3052 3016 Dramaturg möglich, der nicht im Stande ist, zu
2050 3019 3049 3074 entscheiden, ob ein Stück einen literarischen Erfolg
2045 3045 3046 3101 erzielen wird oder nicht! Es muß an maßgebender
2051 3094 3057 3144 Stelle erklärt werden, es gehe nicht an, daß ein
2040 3135 3048 3200 Meusch, der von Literatur überhaupt nichts versteht,
2043 3185 3048 3238 über unsere höchsten Wünsche und Erwartungen
2052 3218 2265 3272 entscheidet.
2158 3248 3047 3317 Der Componist Heinrich Reinhardt schilderte
2050 3309 3048 3360 die rechtlosen Verhältnisse der Componisten und
2043 3347 3042 3401 Dramatiker hinsichtlich der Verträge. Der Verband
2042 3400 3036 3444 der Theaterdirectoren befasse sich mit der
2040 3423 3044 3472 Frage, den Tantièmensatz um ungefähr 40 Percent
2039 3470 2961 3517 herabzusetzen. (Rufe: Sie sollen's nur probiren!)
2148 3530 3032 3576 Victor Léon: Das Theater ist heute ein
2047 3561 3034 3620 Handelsinstitut und hat mit der Literatur gar nichts
2051 3603 3039 3659 zu schaffen. (Stürmische Ohorufe.) Ein Stück kann
2036 3652 3042 3706 die größte Wirkung erzielen und ist nicht literarisch,
2050 3691 3045 3748 wie auch umgekehrt. Uebrigens frage er, mit welchen
2037 3737 3042 3796 Mitteln man die Forderungen gegenüber den
2038 3775 2609 3823 Directoren durchsetzen wolle?
2158 3813 3039 3881 Dr. Gustav Harpner: Durch die Macht der
2033 3852 2320 3917 Organisation.
2156 3903 3029 3950 Alexander Landesberg wies auf den fran¬
2044 3949 3040 4004 zösischen Verband hin, der ursprünglich geselligen
2042 3989 3047 4033 Zwecken der Schriftsteller und Componisten diente
2046 4025 3045 4084 und sich allmählich zu jener mächtigen Organisation
2046 4089 3040 4124 entwickelte, die jetzt die französische Bühne beherrscht.
2161 4119 3051 4158 Es wurde hierauf die Wahl der Vereins¬
