3392 4256
1145 212 1589 307 box 41/2
661 235 785 289 än
152 219 990 324 1. M1866—
1195 1176 1576 1266 Telephon 12801.
529 1309 1444 1445 MmTreTRTETSN
416 1344 508 1428 20
428 1427 1571 1494 O l. österr. behördl. konz. Unternehmen für Zeitungs-Ausschnitte
582 1468 1460 1577 Wien, I., Concordiaplatz 4.
413 1536 511 1587 2
807 1554 1239 1625 Vertretungen
423 1606 1550 1679 0 in Berlin, Budapest, Chicago, Christiania, Genf, Kopen¬
465 1639 1559 1714 hagen, London, Madrid, Mailand, Minneapolis, New-Vork,
420 1685 486 1725 0
516 1686 1532 1760 Paris, Rom, San Francisco, Stockholm, St. Petersburg.
831 1732 1224 1781 (Quellenangabe ohne Gewähr.)
407 1760 1572 1868 5 Ausschnitt aus: Prager Tagblatt
403 1876 627 1933 E vom:
993 1866 1310 1951 170K7.1907
558 2027 1437 2092 1.— Die „Hagenbund =Ausstellung in Wien
446 2071 1420 2145 enthält diesmal sehr viele Arbeiten von deutsch¬
445 2110 1423 2186 böhmischen und tschechischen Künstlern. Von den
457 2157 1423 2224 ersteren wird besonders Ferdinand Michl, der be¬
450 2201 1416 2268 kanntlich jetzt in Paris lebt, gerühmt. M. Schan¬
450 2232 1423 2304 dera nennt ihn im „Ill. Wr. Extrabl.“ den „Zweiten
450 2283 1416 2345 Clon der Ausstellung.“ Geistreicher Witz, lustiger
454 2326 1428 2393 Cynismus scharfer Blick für alles Typische der
449 2374 1418 2445 ganzen und halben Welt, moderne, mondaine Ele¬
455 2408 1422 2496 ganz.“ Und in der „Arb.=Ztg.“ heißt es über ihn:
463 2459 1424 2528 „Michl, der in Paris lebt, ist ein eigenes Zimmer
455 2513 1428 2577 für meist graphische Sachen, besonders Radierun¬
453 2559 1428 2620 gen, eingeräumt, die eine äußerst sichere Hand und
450 2591 1418 2673 zum Teil auch ein erklecklichesMaß satyrischer Kraft
457 2636 1417 2691 erweisen, die am nächtlichen Paris erprobt wird.
451 2677 1423 2735 Auch in einem feinen, koletteriefreien Selbstbildnis
461 2719 1428 2788 in Oel (71) kommt es dem Künstler ersichtlich mehr
456 2768 1423 2829 auf Zeichnung als auf malerische Qualitäten an.
462 2816 1418 2870 Sein bestes Stück aber ist wohl das Schabkunst¬
460 2852 1426 2915 blatt „Im Mai“ (67). Die Schwüle eines solchen
466 2893 1429 2955 Kusses auf einer Parkbank in dunklem Gebüsch, auf
457 2944 1428 3006 dem zitternde Lichter leise hinstreicheln, kann man
465 2983 1361 3046 sich nicht eindrucksstärker dargestellt denken.“
463 3020 1428 3090 In demselben Blatt lesen wir noch: „ ... Neben
462 3069 1426 3129 dem „Duett“ hängt ein Bild, das im Katalog den
462 3122 1427 3175 ganz unnötig affektierten Titel: „Ein Herbstsonnen¬
466 3141 1435 3227 strahl“ (214) trägt. Es ist von Wachsmann,
470 3199 1425 3257 einem Prager merkwürdigerweise; denn dieses duf¬
470 3228 1436 3307 tige, in feinsten und heikelsten Tönen hingehauchte
469 3285 1434 3359 Boudoir ist erzwienerisch, so im besten Sinne
472 3332 1425 3395 wienerisch wie etwa Schuitzler oder — Klimt. Und
477 3383 1440 3433 doch: es ist ein perfönliches Werk; und die Technik,
477 3418 1437 3489 mit der das Licht gemalt ist, das die sitzende Dame
482 3467 1430 3522 umschmeichelt und vom Schatullendeckel unterm
476 3492 1438 3568 Spiegel so reizvoll abgewiesen wird, hat der Prager
486 3549 1429 3601 licht von Klimt gelernt. — Viel farbenfroher gibt
1095 3593 1435 3646 sein Landsmann
486 3590 1097 3667 ich — darin echt tschechisch —
485 3647 1440 3705 Bacatko. Seine beiden Athletikbilder (127, 189)
488 3680 1435 3749 ie übrigens auch vortreffliche Plätze haben, er¬
493 3720 1445 3786 ählen in der kräftigsten Sprache, deren Oelfarben
483 3775 1458 3828 ähig sind, von strotzendem Fleisch und warmem!
486 3814 1155 3885 Blut und aufgehügelten Muskeln.
1957 56 2804 98 5s eerur
2104 95 2861 165 Wien, I., Concordiaplatz 4.
2344 154 2638 213 Vertretungen
1943 204 3030 251 in Berlin, Basel, Budapest, Chicago, Cleveland, Christiania,
1944 248 3020 301 Genf, Kopenhagen, London, Madrid, Mailand, Minneapolis,
1946 279 3031 342 New-Vork, Paris, Rom, San Francisco, Stockholm, St. Peters¬
2337 323 2626 375 burg, Toronto.
2246 351 2719 424 (Quellenangabe ohne Gewähr.)
1945 404 2977 483 Ausschnitt ausstsche Rundschau, Wien
2303 481 2448 562 4- 8.
1949 503 2109 576 vom:
2281 613 2754 695 Sittlichkeitseiferer.
2095 694 3040 758 Ueber Betreiben einzelner klerikaler Mucker
2001 755 3033 808 hat die Wiener Polizeisin den letzten Tagen eine
1997 808 3033 857 Razzia auf Kunstwerke veranstaltet. Die Nacktheit
2002 846 3034 896 in der Malerei war verpönt und Lukas, Cra¬
2001 893 3041 941 nach, Tizian wie Rubens mußten es büßen,
1997 946 3027 1001 daß sie das Höchste in der Kunst, die Schönheit des
1995 993 3041 1053 menschlichm Körpers, im Bilde dargestellt hatten.
2004 1030 3043 1097 Die Jndzupresse fand sich zur unwillkommenen
2001 1079 3043 1144 Verteidigung der Kunstauffassung und überschüttete
2006 1133 3054 1202 gleichzeitig mit Hohn und Spott die Fehlgriffe
2000 1186 3039 1257 der Polizei. Die Angelegenheit reizt zum Nach¬
1996 1232 3039 1281 denken. Müssen denn die guten Deutschen sich
2006 1275 3032 1330 immer wieder die Begriffe Freiheit und Sittlich¬
2007 1332 3047 1404 keit von den Preßhebraern auseinandersetzen lassen,
2007 1379 3036 1429 ist es denn notwendig, daß letztere mit ihrem
2003 1426 3043 1488 Aufwand von orientalischer Dialektik die täppischen
2006 1475 3043 1531 Anschauungen einiger Deutschen mit einem Schein
2012 1522 3048 1586 von Recht geißeln? Wäre es nicht klüger, man
2013 1567 3042 1636 sondere die Begriffe Nacktheit und Sinnlichkeit
2006 1621 3043 1676 etwas strenger, die nicht immer identisch sein
2018 1672 3043 1735 müssen. Gott hat das erste Menschenpaar ohne
2014 1720 3045 1780 Feigenblatt geschaffen und es fühlte sich im
2006 1780 3042 1830 Paradiese glücklich. Erst mit der Sünde kam die
2017 1819 3039 1871 Erkenntnis und vertrieb die Reinheit. Vor der
2007 1861 3035 1918 klassischen Nacktheit, die sich nur mit der Dar¬
2012 1908 3047 1974 stellung des Schönen an und für sich beschäftigt,
2008 1965 3047 2026 braucht weder der Jüngling noch die Jungfrau zu
2005 2011 3047 2072 erröten und es ist nicht notwendig, dort, wo kein
2004 2054 3047 2131 sinnliches Verlangen, kein gemeiner Trieb sich
2013 2104 3049 2168 außert, eine Interpretation zu geben, die erst all
1999 2159 2523 2227 diese Gefühle wachruft.
2096 2195 3072 2257 Anders aber steht es mit der berechnenden
2008 2250 3047 2307 Darstellung des Nackten, jener Afterkunst, die
2010 2310 3048 2361 direkt darauf ausgeht, die niederen Instinkte zu
2011 2361 2181 2427 wecken.
2107 2396 3055 2462 Die geputzten Varietedämchen in ihren prall¬
2012 2445 3043 2524 sitzenden, tiefausgeschnittenen Röcklein, die Erotik
2009 2495 3054 2565 moderner Salomen, die Kokotten des Pschütt und
2006 2550 3043 2620 kleinen Witzblattes, deren Linienführung immer
2010 2586 3049 2652 nur auf die Freuden der Geschlechtlichkeit hin¬
2007 2639 3050 2707 weist, wurden nicht beschlagnahmt, aber der
2001 2687 3046 2759 nackte Körper eines Tizianischen Weibes sticht der
2003 2729 3046 2808 Polizei in die Augen. Wir sollten denn doch nicht
1999 2789 3045 2840 so muckerisch sein, um der Judenpresse Anlaß zu
2005 2839 3046 2907 geben, sich über die deutsche Dummheit zu entrüsten
2003 2889 3047 2950 und mit der Verteidigung der wahren Kunst auch
2002 2948 3050 3003 die Paßfreiheit für die zeichnerischen Exzesse des
2010 2983 3044 3050 Pschütt“ und der „Karikaturen“, des „Kleinen
2003 3034 3035 3095 Witzblattes“ und der sogenannten Aktstudien, die
2006 3084 3035 3134 nur für Künstler bestimmt sind, zu erwerben und
1997 3129 3049 3201 den entarteten schriftstellerischen Werken eines
2003 3177 3055 3265 Axtur Schnitzler und seiner Kollegen Eingang
2000 3235 2301 3301 zu verschaffen.
2096 3282 3040 3345 Das Sittlichkeits= wie Freiheitsempfinden der
2006 3320 3036 3385 Söhne Israels ist weit entfernt von dem der
1995 3385 3035 3435 Deutschen. Schaffen wir unserer Freiheitsauf¬
2001 3420 3048 3489 fassung, unserer Anschauung über Kunst und
2009 3476 3047 3533 Natur mehr Geltung und wir werden uns von¬
1999 3522 3038 3579 den Juden nicht belehren lassen müssen, daß wir rück¬
2002 3568 3046 3630 schrittlich gesinnt seien und daß in der Kunst
2003 3620 3045 3679 Cranachs, Tizians und all der großen Maler und
2006 3664 3047 3721 Bildhauer nichts anstößiges enthalten ist. Wir
2006 3725 3042 3778 werden dann aber auch der niederen, spekulativen
2006 3752 3048 3826 Sinnlichkeit des Judentums ausweichen. Wenn
2003 3812 3030 3868 die Polizei Jagden auf unsittliche Bilder und
1991 3861 3037 3921 Bücher machen will, dann möge sie die porno¬
2006 3912 3033 3973 graphischen Wiener „Kunst"=Blätter und die
2006 3969 3027 4020 pikanten Ansichtskartenserien verfolgen, sie möge
2004 4006 3044 4061 im Wiener=Verlag und in den Tabak=Trafiken
2010 4054 3040 4109 all die billigen, auf schlechtem Papier gedruckten
