3344 4352
1131 261 1584 355 box 41/2
131 263 973 371 1 Miscellancous
1001 665 1315 749 Teisphon 12.801,
459 776 1169 874 „ODSERTER
267 834 1368 937 I. österr. behördl. konz. Unternehmen für Zeitungs-Ausschaltte
465 885 1195 993 Wien, I., Concordiaplatz 4.
681 952 983 1027 Vertretungen
269 978 1371 1087 in Berlin, Basel, Budapest, Chicago, Cleveland, Christiania,
274 1028 1360 1114 Genf, Kopenhagen, London, Madrid, Mailand, Minneapolis,
271 1059 1365 1178 New-Vork, Paris, Rom, San Francisco, Stockholm, St. Peters¬
674 1131 957 1187 burg, Toronto.
592 1173 1038 1238 (Guellenangabe ohne Gewähr.)
246 1207 708 1288 Ausschnitt aus:
254 1293 421 1368 vom:
535 1325 781 1436 BT
770 1308 1417 1464 WiENER CAHCarUREn
508 1495 1379 1643 Was halten Sie von sich selbge
755 1590 1108 1684 (Eine Rundfrage.)
426 1630 1322 1773 30 bole nich fir chen Phlesehen der ur.
319 1655 1308 1811 Geden Aahshen de ih in. Senen au
302 1693 1331 1876 en enhen Wag- Seden Aer de Peitur
301 1743 1316 1917 an uid  dn banende Sehlent un den seng
309 1802 1320 1966 W0 Gnldgen dr wasteit ie wien durr
306 1862 1103 2000 Weter und untaschiht so mehn Talen.
845 1961 1309 2075 nr Schnitzler —
320 2561 633 2611 Telenhon 12891.
272 2601 464 2648 —
1042 2639 1214 2707 □9
480 2666 1146 2767 „UDBENVER
272 2753 1392 2820 I. österr. behördl. konz. Unternehmen für Zeilungs-Ausschnltte
484 2815 1206 2888 Wien, I., Concordiaplatz 4.
698 2887 996 2941 Vertretungen
280 2923 1398 2976 in Berlin, Budapest, Cnicago, Christiania, Genf, Kopenhagen.
278 2979 1392 3023 London, Madrid, Mailand, Minneapolis, New-York, Paris, Rom,
456 3014 1221 3067 San Francisco, Stockholm, St. Petersburg.
632 3049 1054 3103 (Quallenangabe ohne Gewühr.)
276 3115 1387 3208 Ausschnitt aus: Pschutt Gamcaturen, Wien
285 3196 896 3321 vom: J7 11773.
729 3363 827 3497 9
841 3362 1133 3555 *
1270 3514 1386 3588 E
488 3495 689 3608 3
1324 3568 1385 3607 E.
1148 3522 1220 3601 ∆
1330 3601 1395 3650 5
1339 3676 1382 3710 100
1335 3697 1381 3733 5
608 3741 1006 3815 Silhonetten.
1327 3804 1388 3860 5
573 3811 1031 3881 Arthur Schnitzler.
344 3858 1078 3950 Aals Autor ist er ein Fröber-Mann,
349 3912 1214 3987 Der wenig schreibt, aber sehr viel kann.
359 3962 1228 4038 Doch alles, was man von ihm kann lesen.
356 4026 1235 4099 Ist ein Reigen um Liebelei gewesen.
2126 105 2873 182 Corrordlaplatz 4.
2245 161 2660 233 Vertretungen
1851 197 2985 283 0 in Berlin, Budapest, Chicago, Christiania, Genf, Kopen¬
1843 236 2988 340 hagen, London, Madrid, Mailand, Minneapolis, New-Vork,
1848 283 2951 367 0 Paris, Rom, San Francisco, Stockheim, St. Petersburg.
1846 315 1933 356 00
2251 337 2645 401 (Quelienangabe ohne Gewühr.)
1855 352 2317 443 6 Ausschnitt aus:
2109 439 2321 519 1908
1825 466 2066 527 E vom:
2333 423 3040 579 Prager Tagbian
1942 580 2929 661 Arthur Schnitzler über die sexuelle Wirtung
2215 639 2667 716 von Kunstwerken.
2057 714 2931 766 Arthur Schnitzler hat dem momentan in
1955 759 2925 825 Wien tagenden Kongreß zur Bekämpfung von Ge¬
1949 804 2919 862 schlechtskrankheiten folgendes Antwort=Schreiben ge¬
1942 845 2937 900 fandt: 1. Antwort auf die Frage, inwiesern Werke
1945 901 2918 943 der Literatur und Kunst sexuell zu irritieren ver¬
1952 944 2921 996 mögen: Ob ein Jüngling von der tizianischen
1952 992 2932 1037 Venus fortgeht und sich eine Stunde darauf bei
1947 1019 2928 1079 einer Prostituierten oder einem anderen welblichen
1944 1065 2935 1116 Wesen insiziert — oder ob er mit seiner Geliebten
1947 1117 2942 1162 oder seiner Frau unter der Nachwirkung desselben
1952 1149 2939 1212 Reizes einen neuen Shakespeare zeugt oder seinen
1958 1200 2932 1257 eigenen Mörder, das ist schließlich nur eine Glücks¬
1954 1233 2941 1297 frage. Und zweifellos kann jede dieser Möglichkeiten
1948 1272 2952 1340 eintreten, auch wenn es nicht die tizianische Venus“
1957 1308 2959 1377 war, der jener Jüngling seine Erregung verdenst##
1954 1366 2941 1428 sondern eine völlig kunstfremde Aktphotographie oder
1962 1410 2945 1464 irgendeine obszöne Darstellung. Sicher aber ist
1958 1467 2941 1515 es, daß prozentual die sexuell irritierenden Bild¬
1959 1494 2942 1554 werke und Druckschriften, sowohl künstlerischer als
1959 1551 2933 1598 unkünstlerischer Natur, den vielfachen Verlockungen¬
1950 1584 2934 1652 des täglichen Lebens und dem steten physiologischen
1967 1629 2947 1682 Wirken der Geschlechtlichkeit gegenüber gar nicht in
1962 1683 2454 1743 Anschlag zu bringen sind.
2062 1694 2943 1773 2. Die Frage, inwiefern die sexuelle Wirkung
1955 1763 2944 1819 von Kunstwerken berechtigt sei, scheint mir so
1963 1805 2943 1865 müßig, als es die Frage wäre, ob sexuelle Erregung
1957 1842 2943 1909 durch den Anblick einer schönen, lebendigen Gestalt
1953 1890 2935 1948 des gleichen oder des anderen Geschlechtes be¬
1956 1928 2931 1990 rechtigt ist. Die Kunst ist hinsichtlich der Wir¬
1959 1974 2938 2050 kungen, die sie erzielt, so unbekümmert wie die Na¬
1964 2023 2943 2080 tur. Und ich finde, wenn einmal ein großes Kunst¬
1962 2061 2937 2107 werk geschaffen würde von so ungeheurer sexueller
1967 2109 2931 2161 Reizmacht, daß eine Flutwelle von Sinnlichkeit sich
1961 2154 2939 2203 über die ganze Menschheit ergösse, so wäre das eben¬
1956 2187 2943 2249 sowenig Anlaß, die Ausstellung, Weiterverbreitung
1961 2241 2924 2293 Vervielfältigung dieses Kunstwerkes zu verbieten
1963 2278 2933 2353 als die Behörden bisher den Versuch gewagt haben
1965 2323 2732 2378 die körperliche Schönheit zu untersagen.
2072 2347 2934 2422 3. Meine Bedenken gegen die Porno¬
1960 2405 2933 2462 graphie sind ausschließlich ästheti¬
1969 2445 2933 2509 scher Natur. Das heißt: meine Abneigung gegen
1963 2490 2932 2568 pornographische Produkte beruht nicht darauf, daß
1965 2541 2943 2595 manchen die Eigenschaft innewohnt, sexuelle Er¬
1963 2587 2939 2633 regungen auszulösen, was sie bekanntlich mit man¬
1960 2629 2934 2683 chen wirklichen Kunstwerken gemeinsam haben, son¬
1958 2666 2935 2724 dern darauf, daß pornographische Produkte immer
1956 2706 2937 2777 etwas Verlogenes oder Talentverlassenes, manch¬
1965 2756 2548 2824 mal beides zugleich vorstellen.
2075 2800 2941 2863 Ich glaube nicht, daß die Grenze zwischen
1959 2847 2956 2917 Pornographie und Kunstwerk schwer festzustellen ist.
1960 2896 2942 2951 Der Kenner wird diese Grenze gerade so gut festzu¬
1965 2936 2958 2997 stellen imstande sein wie jede andere zwischen Kunsts
1959 2981 2959 3041 und Nichtkunst. Das Mißliche ist nur, daß dieser
1967 3023 2943 3091 Grenzfrage gegenüber nicht nur jene Leute ver¬
1962 3061 2945 3128 sagen, denen von Geburt aus die Fähigkeit man¬
1964 3106 2940 3172 gelt, Kunstwerke zu beurteilen, also die große Mehr¬
1963 3164 2950 3212 zahl der gesamten Menschheit, sondern auch manche,
1959 3205 2933 3251 denen wohl die Fähigkeit gegeben wäre, die aber
1974 3233 2931 3294 durch falsche Erziehung, krankhaft gesteigerte Erreg
1973 3281 2929 3349 barkeit oder aus Gründen berufs- und gewerbs¬
1972 3328 2939 3386 mäßiger Heuchelei geneigt sind, jedes Kunstwerk
1970 3368 2946 3425 vor allem auf seinen sexuellen Irritationskoeffizien¬
1973 3405 2945 3465 ten hin anzusehen. Es scheint mir überhaupt kein
1964 3456 2936 3520 Anlaß vorzuliegen, die Frage der Geschlechtskrank¬
1966 3501 2945 3564 heiten von der Tatsache der geschlechtlichen Erregung
1971 3539 2947 3597 aus in Angriff zu nehmen, gegen die ja doch glück¬
1970 3575 2935 3645 licherweise jede staatliche und jede kirchliche Maß¬
1968 3629 2933 3694 nahme vollkommen machtlos bleiben wird. Die
1964 3669 2943 3729 Frage der Geschlechtskrankheiten ist nur von den
1967 3710 2943 3775 Gesichtspunkten der Aufklärung, der allgemeinen!
1968 3745 2933 3821 Bildung und der Aufrichtigkeit anzugehen, und der
1973 3801 2959 3877 Kompf gegen die Geschlechtskrankheiten und ihre!
1924 3892 2918 3985 Verbreitung sei ein Kampf gegen Unbil=,
1925 3932 2894 4028 idung, falsche Schamhaftigkeit und Heuchelei, arte
1934 3972 2905 4099 aber nicht aus in einen Kampf gegen die Sinnen¬
1943 4023 2923 4128 freude als lebenverschönende und lebenschöpferische
1948 4107 2094 4176 Kraft.“
