<?xml version="1.0" encoding="UTF-8" standalone="yes"?>
<PcGts xmlns="http://schema.primaresearch.org/PAGE/gts/pagecontent/2013-07-15" xmlns:xsi="http://www.w3.org/2001/XMLSchema-instance" xsi:schemaLocation="http://schema.primaresearch.org/PAGE/gts/pagecontent/2013-07-15 http://schema.primaresearch.org/PAGE/gts/pagecontent/2013-07-15/pagecontent.xsd">
    <Metadata>
        <Creator>prov=University of Rostock/Institute of Mathematics/CITlab/Gundram Leifert/gundram.leifert@uni-rostock.de:name=ONB_Newseye_GT_M1+(htr_id=10810)::::v=2.4.2
prov=University of Rostock/Institute of Mathematics/CITlab/Tobias Gruening/tobias.gruening@uni-rostock.de:name=de.uros.citlab.module.baseline2polygon.B2PSeamMultiOriented:v=2.4.2
prov=University of Rostock/Institute of Mathematics/CITlab/Tobias Gruening/tobias.gruening@uni-rostock.de:name=/mnt/transkribus/LA/DEA/URO/LA_news_onb_att.pb:de.uros.citlab.segmentation.CITlab_LA_ML:v=2.4.2
Transkribus</Creator>
        <Created>2019-10-07T20:34:51.483+02:00</Created>
        <LastChange>2019-10-08T22:05:29.048+02:00</LastChange>
        <TranskribusMetadata docId="224449" pageId="9576495" pageNr="15" tsid="16611468" status="IN_PROGRESS" userId="40391" imgUrl="https://files.transkribus.eu/Get?id=GXKYWMOZFDDBQVMVUYRECNND&amp;fileType=view" xmlUrl="https://files.transkribus.eu/Get?id=ORYSLNGANCGSGNNEDFCJDHME" imageId="6207423"/>
    </Metadata>
    <Page imageFilename="224449_0015.jpeg" imageWidth="3344" imageHeight="4352">
        <ReadingOrder>
            <OrderedGroup id="ro_1711442236815" caption="Regions reading order">
                <RegionRefIndexed index="0" regionRef="r1"/>
            </OrderedGroup>
        </ReadingOrder>
        <TextRegion orientation="0.0" id="r1" custom="readingOrder {index:0;}">
            <Coords points="203,237 203,4140 2880,4140 2880,237"/>
            <TextLine id="r1l1" custom="readingOrder {index:0;}">
                <Coords points="1777,286 1845,290 1904,275 1984,294 2083,277 2170,289 2170,246 2135,240 2112,248 2083,235 2065,247 1965,218 1918,243 1835,220 1777,231"/>
                <Baseline points="1785,265 1810,264 1835,263 1860,263 1885,263 1910,262 1935,262 1960,262 1986,261 2011,261 2036,261 2061,261 2086,261 2111,261 2136,262 2162,262"/>
                <TextEquiv>
                    <Unicode>—</Unicode>
                </TextEquiv>
            </TextLine>
            <TextLine id="r1l2" custom="readingOrder {index:1;}">
                <Coords points="1232,510 1744,525 1790,518 1790,467 1507,470 1460,454 1331,475 1294,459 1232,492"/>
                <Baseline points="1241,511 1268,511 1295,510 1322,510 1349,509 1376,509 1403,508 1430,508 1457,508 1484,508 1511,507 1538,507 1565,507 1592,507 1619,508 1646,508 1673,509 1700,509 1727,510 1754,511 1782,512"/>
                <TextEquiv>
                    <Unicode>„Danzer's Armee-Zeitung“.</Unicode>
                </TextEquiv>
            </TextLine>
            <TextLine id="r1l3" custom="readingOrder {index:2;}">
                <Coords points="2617,500 2632,502 2655,524 2674,518 2692,526 2719,516 2735,520 2744,511 2778,523 2800,510 2822,509 2822,474 2802,480 2784,462 2754,460 2726,470 2694,454 2617,459"/>
                <Baseline points="2626,509 2652,508 2679,507 2706,508 2733,508 2760,508 2787,509 2814,510"/>
                <TextEquiv>
                    <Unicode>Seite 7.</Unicode>
                </TextEquiv>
            </TextLine>
            <TextLine id="r1l4" custom="readingOrder {index:3;}">
                <Coords points="236,511 263,509 303,525 384,510 410,521 434,506 453,507 452,481 432,478 419,465 369,460 336,483 274,452 252,464 235,459"/>
                <Baseline points="245,510 270,511 295,510 320,509 345,508 370,507 395,507 420,508 445,510"/>
                <TextEquiv>
                    <Unicode>Nr. 27.</Unicode>
                </TextEquiv>
            </TextLine>
            <TextLine id="r1l5" custom="readingOrder {index:4;}">
                <Coords points="2120,510 2211,526 2250,516 2328,523 2345,513 2441,521 2441,462 2428,459 2363,451 2331,466 2263,461 2248,476 2213,460 2181,485 2150,462 2135,475 2120,470"/>
                <Baseline points="2128,506 2153,509 2178,510 2204,511 2229,512 2254,511 2280,511 2305,511 2330,510 2356,509 2381,509 2406,508 2432,508"/>
                <TextEquiv>
                    <Unicode>4. Juli 1907.</Unicode>
                </TextEquiv>
            </TextLine>
            <TextLine id="r1l6" custom="readingOrder {index:5;}">
                <Coords points="686,521 713,512 736,523 894,515 916,525 953,503 985,506 985,489 962,478 937,484 928,473 904,478 843,458 758,475 730,457 687,479"/>
                <Baseline points="694,506 719,508 745,508 770,509 796,510 822,510 847,511 873,511 899,513 924,514 950,517 976,521"/>
                <TextEquiv>
                    <Unicode>Donnerstag</Unicode>
                </TextEquiv>
            </TextLine>
            <TextLine id="r1l7" custom="readingOrder {index:6;}">
                <Coords points="1661,644 2863,634 2847,588 1661,589"/>
                <Baseline points="1669,632 1728,633 1787,634 1846,634 1906,635 1965,636 2024,636 2084,637 2143,637 2202,638 2262,638 2321,639 2380,639 2439,639 2499,639 2558,639 2617,638 2677,638 2736,637 2795,636 2855,635"/>
                <TextEquiv>
                    <Unicode>So geben diese zwei Grundzüge das Bild eines Schrift¬</Unicode>
                </TextEquiv>
            </TextLine>
            <TextLine id="r1l8" custom="readingOrder {index:7;}">
                <Coords points="678,683 716,692 755,670 825,667 852,683 887,669 931,681 949,667 996,688 1073,655 1073,628 1038,629 989,605 973,622 931,601 912,610 879,587 779,616 732,595 676,623"/>
                <Baseline points="685,666 710,666 735,665 761,665 786,664 811,664 837,663 862,662 887,662 913,661 938,660 963,660 989,660 1014,659 1039,659 1065,659"/>
                <TextEquiv>
                    <Unicode>Feuilleton.</Unicode>
                </TextEquiv>
            </TextLine>
            <TextLine id="r1l9" custom="readingOrder {index:8;}">
                <Coords points="1550,690 2869,704 2830,642 1550,649"/>
                <Baseline points="1558,681 1623,682 1688,684 1753,685 1818,686 1883,687 1948,688 2013,688 2078,689 2143,689 2209,689 2274,689 2339,689 2404,689 2469,689 2534,688 2599,688 2664,687 2729,687 2794,686 2860,685"/>
                <TextEquiv>
                    <Unicode>stellers von erlesener Delikatesse. Der durchaus impulsiven Art,</Unicode>
                </TextEquiv>
            </TextLine>
            <TextLine id="r1l10" custom="readingOrder {index:9;}">
                <Coords points="1557,737 2876,734 2876,699 2796,689 2415,720 1557,692"/>
                <Baseline points="1565,730 1630,732 1695,734 1760,735 1825,737 1890,737 1955,738 2020,739 2085,739 2150,740 2216,740 2281,739 2346,739 2411,739 2476,738 2541,738 2606,737 2671,736 2736,736 2801,735 2867,734"/>
                <TextEquiv>
                    <Unicode>die im Wesen des Kavalleristen liegt und erst im Handeln ihr</Unicode>
                </TextEquiv>
            </TextLine>
            <TextLine id="r1l11" custom="readingOrder {index:10;}">
                <Coords points="1557,783 2872,775 2737,741 1557,738"/>
                <Baseline points="1565,778 1633,782 1701,784 1770,787 1838,788 1906,789 1975,790 2043,790 2111,790 2180,790 2248,789 2317,788 2385,787 2453,787 2522,786 2590,785 2658,785 2727,785 2795,785 2864,786"/>
                <TextEquiv>
                    <Unicode>Element findet, steht auf der anderen Seite die müde Verträumt¬</Unicode>
                </TextEquiv>
            </TextLine>
            <TextLine id="r1l12" custom="readingOrder {index:11;}">
                <Coords points="595,789 685,819 723,800 910,810 1025,794 1063,818 1140,791 1139,734 1071,719 1041,734 1006,716 975,735 865,708 595,721"/>
                <Baseline points="604,788 630,790 656,790 683,791 709,791 736,791 762,791 788,792 815,791 841,791 868,791 894,791 920,791 947,790 973,790 1000,790 1026,789 1052,789 1079,789 1105,789 1132,789"/>
                <TextEquiv>
                    <Unicode>Alfred Söhnstorff.</Unicode>
                </TextEquiv>
            </TextLine>
            <TextLine id="r1l13" custom="readingOrder {index:12;}">
                <Coords points="1562,834 2876,827 2747,789 1562,788"/>
                <Baseline points="1570,832 1634,833 1699,834 1764,835 1829,835 1894,836 1959,836 2023,836 2088,836 2153,836 2218,836 2283,836 2348,835 2413,835 2477,834 2542,833 2607,832 2672,831 2737,829 2802,828 2867,827"/>
                <TextEquiv>
                    <Unicode>heit des reflektierenden Kulturmenschen gegenüber, die in Lyrismen</Unicode>
                </TextEquiv>
            </TextLine>
            <TextLine id="r1l14" custom="readingOrder {index:13;}">
                <Coords points="519,850 1212,864 1212,811 1192,809 519,815"/>
                <Baseline points="528,848 561,849 595,850 629,851 663,851 697,851 730,851 764,851 798,851 832,851 866,850 899,850 933,850 967,849 1001,849 1034,849 1068,849 1102,849 1136,850 1170,850 1204,851"/>
                <TextEquiv>
                    <Unicode>(Rittmeister Artur Luzatto.)</Unicode>
                </TextEquiv>
            </TextLine>
            <TextLine id="r1l15" custom="readingOrder {index:14;}">
                <Coords points="1550,886 2867,878 2822,838 1550,846"/>
                <Baseline points="1559,884 1624,884 1689,883 1754,882 1819,882 1884,882 1949,882 2014,882 2079,882 2144,882 2209,882 2274,882 2339,882 2404,882 2469,882 2534,882 2599,881 2664,881 2729,880 2794,880 2859,879"/>
                <TextEquiv>
                    <Unicode>schwelgt und über einen prächtigen Sonnenuntergang die schneidigste</Unicode>
                </TextEquiv>
            </TextLine>
            <TextLine id="r1l16" custom="readingOrder {index:15;}">
                <Coords points="632,917 1102,925 1101,885 1055,870 1022,882 925,865 855,884 757,873 729,885 700,865 632,872"/>
                <Baseline points="641,908 666,909 691,910 716,911 741,911 766,911 791,911 816,910 841,910 867,909 892,909 917,909 942,908 967,908 992,907 1017,907 1042,907 1067,907 1093,908"/>
                <TextEquiv>
                    <Unicode>Von Franz X. Kappus.</Unicode>
                </TextEquiv>
            </TextLine>
            <TextLine id="r1l17" custom="readingOrder {index:16;}">
                <Coords points="1555,935 2872,924 2703,886 1555,887"/>
                <Baseline points="1563,929 1628,930 1693,930 1758,930 1823,931 1888,931 1953,931 2018,931 2083,931 2148,931 2213,931 2278,930 2343,930 2408,930 2473,930 2538,930 2603,931 2668,931 2733,931 2798,931 2863,932"/>
                <TextEquiv>
                    <Unicode>Attacke vergessen läßt. Und nur der reifen, an Maupassant er¬</Unicode>
                </TextEquiv>
            </TextLine>
            <TextLine id="r1l18" custom="readingOrder {index:17;}">
                <Coords points="321,976 1458,990 1535,977 1535,938 321,944"/>
                <Baseline points="330,975 389,976 449,977 509,978 569,978 629,978 688,977 748,977 808,976 868,976 928,975 987,974 1047,974 1107,973 1167,973 1227,972 1286,972 1346,972 1406,973 1466,974 1526,975"/>
                <TextEquiv>
                    <Unicode>Wir leben in einer Zeit der starken Persönlichkeiten. Seit</Unicode>
                </TextEquiv>
            </TextLine>
            <TextLine id="r1l19" custom="readingOrder {index:18;}">
                <Coords points="1559,984 2878,973 2843,933 1559,934"/>
                <Baseline points="1567,977 1632,977 1697,977 1762,977 1827,978 1892,978 1957,979 2022,979 2087,980 2152,980 2218,981 2283,981 2348,981 2413,981 2478,981 2543,981 2608,981 2673,981 2738,980 2803,979 2869,979"/>
                <TextEquiv>
                    <Unicode>innernden Kunst Luzattos gelingt es, den Kavalleristen zum</Unicode>
                </TextEquiv>
            </TextLine>
            <TextLine id="r1l20" custom="readingOrder {index:19;}">
                <Coords points="199,1029 1523,1040 1500,981 199,986"/>
                <Baseline points="207,1028 272,1029 337,1029 403,1029 468,1029 533,1028 599,1028 664,1028 729,1027 795,1027 860,1026 925,1026 991,1025 1056,1025 1121,1024 1187,1024 1252,1023 1317,1023 1383,1023 1448,1022 1514,1022"/>
                <TextEquiv>
                    <Unicode>Nietzsche ist das Schlagwort von der Individualität des Künstlers,</Unicode>
                </TextEquiv>
            </TextLine>
            <TextLine id="r1l21" custom="readingOrder {index:20;}">
                <Coords points="1545,1022 2881,1038 2847,986 1545,994"/>
                <Baseline points="1553,1024 1619,1025 1685,1026 1751,1028 1817,1028 1883,1029 1949,1030 2015,1030 2081,1030 2147,1030 2213,1031 2279,1031 2345,1030 2411,1030 2477,1030 2543,1030 2609,1030 2675,1030 2741,1030 2807,1030 2873,1030"/>
                <TextEquiv>
                    <Unicode>Vorwärtstragen der Handlung, den feinen Stimmungsmenschen zu</Unicode>
                </TextEquiv>
            </TextLine>
            <TextLine id="r1l22" custom="readingOrder {index:21;}">
                <Coords points="204,1076 1534,1086 1482,1030 204,1051"/>
                <Baseline points="213,1081 278,1080 344,1080 409,1079 475,1079 541,1078 606,1077 672,1077 738,1076 803,1075 869,1074 935,1074 1000,1073 1066,1073 1132,1072 1197,1072 1263,1071 1329,1071 1394,1071 1460,1071 1526,1071"/>
                <TextEquiv>
                    <Unicode>von der „persönlichen Note“ des Schaffenden aktueller denn je</Unicode>
                </TextEquiv>
            </TextLine>
            <TextLine id="r1l23" custom="readingOrder {index:22;}">
                <Coords points="1556,1100 2242,1074 2242,1054 2181,1036 1997,1054 1556,1033"/>
                <Baseline points="1565,1072 1598,1072 1631,1073 1665,1074 1698,1074 1732,1075 1765,1075 1799,1076 1832,1077 1866,1077 1899,1077 1932,1078 1966,1078 1999,1078 2033,1078 2066,1078 2100,1078 2133,1077 2167,1077 2200,1075 2234,1075"/>
                <TextEquiv>
                    <Unicode>seelischer Detailmalerei zu nützen.</Unicode>
                </TextEquiv>
            </TextLine>
            <TextLine id="r1l24" custom="readingOrder {index:23;}">
                <Coords points="207,1138 1391,1140 1534,1086 207,1095"/>
                <Baseline points="215,1129 280,1128 346,1127 411,1126 477,1126 542,1125 608,1125 673,1125 739,1125 804,1124 870,1124 935,1124 1001,1124 1066,1124 1132,1124 1197,1123 1263,1123 1328,1122 1394,1122 1459,1121 1525,1119"/>
                <TextEquiv>
                    <Unicode>geworden. Man wird einem Schriftsteller von heute eine Ent¬</Unicode>
                </TextEquiv>
            </TextLine>
            <TextLine id="r1l25" custom="readingOrder {index:24;}">
                <Coords points="1650,1135 2744,1142 2879,1126 2879,1085 1650,1090"/>
                <Baseline points="1659,1126 1719,1126 1780,1126 1840,1127 1901,1127 1962,1127 2022,1128 2083,1128 2143,1128 2204,1128 2265,1128 2325,1128 2386,1128 2446,1128 2507,1127 2568,1127 2628,1126 2689,1126 2749,1125 2810,1124 2871,1123"/>
                <TextEquiv>
                    <Unicode>Mit beinahe mathematischer Logik folgen aus dieser doppelten</Unicode>
                </TextEquiv>
            </TextLine>
            <TextLine id="r1l26" custom="readingOrder {index:25;}">
                <Coords points="214,1189 1459,1189 1529,1150 213,1149"/>
                <Baseline points="221,1178 286,1177 351,1176 416,1176 481,1175 546,1175 611,1174 676,1174 741,1174 806,1174 871,1173 936,1173 1001,1173 1066,1173 1131,1172 1196,1172 1261,1171 1326,1171 1391,1170 1456,1169 1521,1168"/>
                <TextEquiv>
                    <Unicode>gleisung nach der Seite des Absonderlichen, des Ungewöhnlichen</Unicode>
                </TextEquiv>
            </TextLine>
            <TextLine id="r1l27" custom="readingOrder {index:26;}">
                <Coords points="1553,1171 2875,1176 2814,1130 1553,1129"/>
                <Baseline points="1562,1171 1627,1172 1692,1173 1757,1174 1823,1175 1888,1175 1953,1175 2018,1176 2084,1176 2149,1176 2214,1176 2279,1176 2345,1176 2410,1176 2475,1176 2540,1176 2606,1176 2671,1176 2736,1177 2801,1177 2867,1178"/>
                <TextEquiv>
                    <Unicode>Grundveranlagung die Motive, die in allen Arbeiten dieses Schrift¬</Unicode>
                </TextEquiv>
            </TextLine>
            <TextLine id="r1l28" custom="readingOrder {index:27;}">
                <Coords points="210,1223 1526,1227 1495,1178 210,1189"/>
                <Baseline points="218,1224 286,1224 354,1225 423,1225 491,1225 559,1225 628,1225 696,1225 764,1224 833,1223 901,1223 970,1222 1038,1222 1106,1221 1175,1220 1243,1220 1311,1219 1380,1219 1448,1219 1517,1218"/>
                <TextEquiv>
                    <Unicode>und sogar Absurden hin eher verzeihen, als irgendeine — und</Unicode>
                </TextEquiv>
            </TextLine>
            <TextLine id="r1l29" custom="readingOrder {index:28;}">
                <Coords points="1556,1239 2877,1224 2877,1188 2737,1181 1556,1185"/>
                <Baseline points="1564,1221 1629,1222 1694,1223 1759,1224 1824,1225 1890,1225 1955,1226 2020,1226 2085,1227 2150,1227 2216,1227 2281,1227 2346,1227 2411,1227 2476,1227 2542,1227 2607,1227 2672,1227 2737,1226 2802,1226 2868,1226"/>
                <TextEquiv>
                    <Unicode>stellers anklingen und in immer neuen Variationen wiederkehren.</Unicode>
                </TextEquiv>
            </TextLine>
            <TextLine id="r1l30" custom="readingOrder {index:29;}">
                <Coords points="204,1276 1498,1281 1524,1227 204,1235"/>
                <Baseline points="212,1274 277,1273 342,1273 407,1273 472,1273 538,1273 603,1272 668,1272 733,1272 798,1271 864,1271 929,1271 994,1271 1059,1271 1124,1270 1190,1270 1255,1270 1320,1270 1385,1270 1450,1270 1516,1270"/>
                <TextEquiv>
                    <Unicode>wäre es nur die leiseste— Anlehnung an die Schablone, das</Unicode>
                </TextEquiv>
            </TextLine>
            <TextLine id="r1l31" custom="readingOrder {index:30;}">
                <Coords points="1553,1283 2882,1270 2832,1230 1553,1241"/>
                <Baseline points="1562,1269 1627,1270 1693,1271 1758,1272 1824,1272 1890,1273 1955,1273 2021,1274 2086,1274 2152,1274 2218,1274 2283,1274 2349,1274 2414,1274 2480,1274 2545,1273 2611,1273 2677,1273 2742,1273 2808,1272 2874,1272"/>
                <TextEquiv>
                    <Unicode>Das Leben unserer Kavalleristen in den elenden Nestern Podoliens,</Unicode>
                </TextEquiv>
            </TextLine>
            <TextLine id="r1l32" custom="readingOrder {index:31;}">
                <Coords points="210,1328 1525,1326 1525,1283 1444,1273 210,1280"/>
                <Baseline points="218,1322 286,1322 354,1322 423,1322 491,1322 559,1321 628,1321 696,1321 764,1320 833,1320 901,1320 970,1319 1038,1319 1106,1319 1175,1318 1243,1318 1311,1318 1380,1318 1448,1318 1517,1318"/>
                <TextEquiv>
                    <Unicode>Althergebrachte, Traditionelle. Und wie in allen Epochen radikalen</Unicode>
                </TextEquiv>
            </TextLine>
            <TextLine id="r1l33" custom="readingOrder {index:32;}">
                <Coords points="1556,1330 2881,1321 2864,1278 1556,1282"/>
                <Baseline points="1564,1319 1629,1319 1694,1320 1760,1320 1825,1321 1891,1321 1956,1322 2021,1322 2087,1322 2152,1322 2218,1323 2283,1323 2348,1323 2414,1323 2479,1322 2545,1322 2610,1322 2675,1321 2741,1321 2806,1320 2872,1319"/>
                <TextEquiv>
                    <Unicode>das Leben und Träumen junger Offiziere überhaupt, ihr stürmisches</Unicode>
                </TextEquiv>
            </TextLine>
            <TextLine id="r1l34" custom="readingOrder {index:33;}">
                <Coords points="216,1373 1457,1386 1525,1369 1525,1329 216,1330"/>
                <Baseline points="224,1367 288,1368 353,1368 417,1368 482,1368 547,1368 611,1368 676,1368 740,1368 805,1368 870,1367 934,1367 999,1367 1063,1366 1128,1366 1192,1366 1257,1366 1322,1366 1386,1366 1451,1366 1516,1366"/>
                <TextEquiv>
                    <Unicode>Neuerertums ist man auch heute um einen Schritt zu weit gegangen.</Unicode>
                </TextEquiv>
            </TextLine>
            <TextLine id="r1l35" custom="readingOrder {index:34;}">
                <Coords points="1550,1377 2872,1367 2872,1334 2789,1327 1550,1332"/>
                <Baseline points="1559,1368 1624,1369 1689,1370 1754,1370 1820,1371 1885,1371 1950,1372 2015,1372 2081,1373 2146,1373 2211,1373 2276,1373 2342,1373 2407,1373 2472,1373 2537,1373 2603,1372 2668,1371 2733,1371 2798,1370 2864,1369"/>
                <TextEquiv>
                    <Unicode>Wollen und liebenswürdiges Irren, ihr Hoffen, Erleben und Ver¬</Unicode>
                </TextEquiv>
            </TextLine>
            <TextLine id="r1l36" custom="readingOrder {index:35;}">
                <Coords points="203,1423 1533,1421 1490,1372 203,1375"/>
                <Baseline points="211,1414 276,1416 342,1418 407,1419 473,1419 539,1420 604,1420 670,1420 736,1420 801,1420 867,1419 933,1419 998,1418 1064,1418 1130,1417 1195,1417 1261,1417 1327,1417 1392,1417 1458,1418 1524,1418"/>
                <TextEquiv>
                    <Unicode>Die warme, echte Persönlichkeit, das starke ursprüngliche Talent,</Unicode>
                </TextEquiv>
            </TextLine>
            <TextLine id="r1l37" custom="readingOrder {index:36;}">
                <Coords points="1553,1429 2880,1423 2770,1375 1553,1379"/>
                <Baseline points="1561,1421 1626,1421 1692,1422 1757,1422 1823,1422 1888,1422 1954,1422 2019,1422 2085,1422 2150,1421 2216,1421 2282,1421 2347,1420 2413,1420 2478,1420 2544,1420 2609,1420 2675,1419 2740,1420 2806,1420 2872,1420"/>
                <TextEquiv>
                    <Unicode>zichten, ihr stolzes Vorwärtsschreiten oder versauerndes Stillestehen:</Unicode>
                </TextEquiv>
            </TextLine>
            <TextLine id="r1l38" custom="readingOrder {index:37;}">
                <Coords points="199,1475 1525,1487 1525,1434 1355,1418 199,1423"/>
                <Baseline points="207,1465 272,1467 337,1468 403,1468 468,1469 534,1469 599,1469 665,1469 730,1469 796,1468 861,1468 926,1467 992,1467 1057,1466 1123,1466 1188,1465 1254,1465 1319,1465 1385,1465 1450,1465 1516,1465"/>
                <TextEquiv>
                    <Unicode>dessen Art durchgebrochen und dem Publikum keine Rätsel mehr</Unicode>
                </TextEquiv>
            </TextLine>
            <TextLine id="r1l39" custom="readingOrder {index:38;}">
                <Coords points="199,1519 1402,1533 1531,1520 1531,1484 199,1496"/>
                <Baseline points="207,1519 272,1519 338,1519 404,1519 470,1518 536,1518 601,1518 667,1518 733,1518 799,1517 865,1517 930,1517 996,1517 1062,1516 1128,1516 1194,1516 1259,1515 1325,1515 1391,1514 1457,1514 1523,1514"/>
                <TextEquiv>
                    <Unicode>zu lösen gibt, hört auf interessant zu sein, und das dröhnende</Unicode>
                </TextEquiv>
            </TextLine>
            <TextLine id="r1l40" custom="readingOrder {index:39;}">
                <Coords points="1557,1530 2881,1526 2881,1486 2696,1472 1557,1478"/>
                <Baseline points="1566,1517 1631,1519 1696,1520 1761,1520 1827,1521 1892,1521 1957,1522 2023,1522 2088,1522 2153,1521 2219,1521 2284,1521 2349,1520 2414,1520 2480,1519 2545,1519 2610,1518 2676,1518 2741,1517 2806,1517 2872,1517"/>
                <TextEquiv>
                    <Unicode>Söhnstorffscher Erzählungskunst. Gute, liebe Bekannte, mit denen</Unicode>
                </TextEquiv>
            </TextLine>
            <TextLine id="r1l41" custom="readingOrder {index:40;}">
                <Coords points="205,1576 1434,1582 1531,1566 1531,1531 205,1536"/>
                <Baseline points="213,1566 278,1566 343,1566 409,1566 474,1566 540,1566 605,1566 671,1566 736,1566 802,1566 867,1565 932,1565 998,1565 1063,1565 1129,1564 1194,1564 1260,1563 1325,1563 1391,1562 1456,1562 1522,1561"/>
                <TextEquiv>
                    <Unicode>Tamtam grandioser Reklame verkündet den Ruhm neuer Pro¬</Unicode>
                </TextEquiv>
            </TextLine>
            <TextLine id="r1l42" custom="readingOrder {index:41;}">
                <Coords points="1543,1572 2847,1583 2887,1523 1543,1534"/>
                <Baseline points="1552,1566 1618,1568 1684,1569 1750,1570 1817,1571 1883,1572 1949,1572 2016,1572 2082,1572 2148,1572 2215,1571 2281,1570 2347,1570 2413,1569 2480,1569 2546,1568 2612,1567 2679,1567 2745,1566 2811,1566 2878,1566"/>
                <TextEquiv>
                    <Unicode>wir einmal irgendwo zu tun gehabt, stehen vor uns auf, scharf</Unicode>
                </TextEquiv>
            </TextLine>
            <TextLine id="r1l43" custom="readingOrder {index:42;}">
                <Coords points="195,1628 1500,1627 1527,1587 194,1575"/>
                <Baseline points="203,1613 268,1615 334,1616 400,1616 466,1617 531,1617 597,1617 663,1617 729,1617 794,1616 860,1616 926,1615 992,1614 1057,1614 1123,1614 1189,1613 1255,1613 1320,1613 1386,1613 1452,1613 1518,1614"/>
                <TextEquiv>
                    <Unicode>pheten. Und die Menge findet Gefallen an der „modernen</Unicode>
                </TextEquiv>
            </TextLine>
            <TextLine id="r1l44" custom="readingOrder {index:43;}">
                <Coords points="1557,1633 2878,1610 2634,1570 1557,1585"/>
                <Baseline points="1565,1619 1630,1619 1695,1618 1760,1618 1826,1618 1891,1618 1956,1617 2021,1617 2087,1617 2152,1617 2217,1617 2282,1617 2348,1617 2413,1617 2478,1616 2543,1616 2609,1616 2674,1615 2739,1615 2804,1614 2870,1613"/>
                <TextEquiv>
                    <Unicode>gesehene Typen leben ihr eigenes, bald urdrolliges, bald sterbens¬</Unicode>
                </TextEquiv>
            </TextLine>
            <TextLine id="r1l45" custom="readingOrder {index:44;}">
                <Coords points="200,1682 1472,1683 1522,1669 1522,1620 200,1635"/>
                <Baseline points="208,1665 273,1664 338,1664 403,1664 469,1664 534,1664 599,1664 665,1665 730,1665 795,1665 861,1666 926,1666 991,1667 1056,1667 1122,1667 1187,1667 1252,1666 1318,1665 1383,1664 1448,1663 1514,1662"/>
                <TextEquiv>
                    <Unicode>Richtung“ und kommt sich unendlich wichtig vor, weil sie das</Unicode>
                </TextEquiv>
            </TextLine>
            <TextLine id="r1l46" custom="readingOrder {index:45;}">
                <Coords points="1558,1670 2879,1672 2845,1617 1558,1632"/>
                <Baseline points="1566,1663 1631,1664 1696,1665 1761,1666 1827,1666 1892,1666 1957,1666 2022,1666 2088,1666 2153,1666 2218,1666 2283,1665 2349,1665 2414,1665 2479,1664 2544,1664 2610,1665 2675,1665 2740,1665 2805,1666 2871,1667"/>
                <TextEquiv>
                    <Unicode>trauriges Schicksal. Und über allen liegt etwas wie eine leise</Unicode>
                </TextEquiv>
            </TextLine>
            <TextLine id="r1l47" custom="readingOrder {index:46;}">
                <Coords points="205,1718 1481,1733 1536,1675 205,1680"/>
                <Baseline points="214,1716 279,1715 345,1714 411,1713 476,1713 542,1712 608,1712 673,1712 739,1712 805,1712 871,1712 936,1712 1002,1712 1068,1712 1133,1712 1199,1713 1265,1713 1330,1713 1396,1712 1462,1712 1528,1712"/>
                <TextEquiv>
                    <Unicode>Quentchen eigenen Urteiles mit jenen Aeußerungen geschäftsmäßiger</Unicode>
                </TextEquiv>
            </TextLine>
            <TextLine id="r1l48" custom="readingOrder {index:47;}">
                <Coords points="1559,1720 2754,1732 2884,1715 2884,1675 1559,1678"/>
                <Baseline points="1567,1712 1632,1713 1697,1714 1763,1715 1828,1716 1894,1716 1959,1716 2024,1717 2090,1717 2155,1717 2221,1716 2286,1716 2351,1716 2417,1715 2482,1715 2548,1714 2613,1714 2678,1714 2744,1713 2809,1713 2875,1713"/>
                <TextEquiv>
                    <Unicode>Schwermut, ein wenn auch noch so zart angedeutetes Reagieren</Unicode>
                </TextEquiv>
            </TextLine>
            <TextLine id="r1l49" custom="readingOrder {index:48;}">
                <Coords points="205,1763 268,1785 460,1763 619,1783 693,1771 736,1731 333,1720 205,1736"/>
                <Baseline points="213,1760 238,1760 264,1761 290,1761 316,1761 341,1761 367,1762 393,1762 419,1762 444,1762 470,1762 496,1762 522,1762 547,1762 573,1763 599,1763 625,1763 650,1763 676,1763 702,1763 728,1763"/>
                <TextEquiv>
                    <Unicode>Spekulation identifiziert.</Unicode>
                </TextEquiv>
            </TextLine>
            <TextLine id="r1l50" custom="readingOrder {index:49;}">
                <Coords points="1557,1771 2884,1775 2848,1716 1557,1726"/>
                <Baseline points="1566,1764 1631,1764 1697,1764 1762,1764 1828,1763 1893,1763 1959,1763 2024,1763 2090,1763 2155,1762 2221,1762 2286,1762 2352,1762 2417,1762 2483,1762 2548,1762 2614,1762 2679,1762 2745,1763 2810,1763 2876,1763"/>
                <TextEquiv>
                    <Unicode>der Nerven auf die Sensationen des Lebens. So kommt es, daß</Unicode>
                </TextEquiv>
            </TextLine>
            <TextLine id="r1l51" custom="readingOrder {index:50;}">
                <Coords points="329,1819 1500,1828 1525,1766 329,1774"/>
                <Baseline points="338,1811 396,1812 455,1812 514,1812 573,1812 632,1812 691,1812 750,1812 809,1811 868,1811 927,1811 985,1810 1044,1810 1103,1810 1162,1810 1221,1809 1280,1809 1339,1810 1398,1810 1457,1810 1516,1811"/>
                <TextEquiv>
                    <Unicode>Indessen gehen die tiefsten und feinsten Künstler still und</Unicode>
                </TextEquiv>
            </TextLine>
            <TextLine id="r1l52" custom="readingOrder {index:51;}">
                <Coords points="1540,1814 2889,1818 2711,1762 1540,1771"/>
                <Baseline points="1549,1812 1615,1813 1682,1814 1748,1814 1815,1814 1881,1814 1948,1813 2014,1813 2081,1812 2147,1812 2214,1811 2281,1811 2347,1810 2414,1810 2480,1810 2547,1810 2613,1810 2680,1810 2746,1811 2813,1812 2880,1813"/>
                <TextEquiv>
                    <Unicode>der Schriftsteller, den der oberflächliche Beurteiler allzu leicht für</Unicode>
                </TextEquiv>
            </TextLine>
            <TextLine id="r1l53" custom="readingOrder {index:52;}">
                <Coords points="204,1863 1255,1881 1510,1867 1528,1829 204,1830"/>
                <Baseline points="212,1860 277,1860 342,1861 408,1861 473,1861 539,1861 604,1861 669,1861 735,1860 800,1860 866,1860 931,1860 996,1860 1062,1859 1127,1859 1193,1859 1258,1860 1323,1860 1389,1860 1454,1861 1520,1862"/>
                <TextEquiv>
                    <Unicode>unberirrt ihrer Wege. Vielleicht schäumt die Woge des lauten</Unicode>
                </TextEquiv>
            </TextLine>
            <TextLine id="r1l54" custom="readingOrder {index:53;}">
                <Coords points="1543,1872 2874,1865 2874,1830 2785,1818 1543,1827"/>
                <Baseline points="1551,1865 1616,1865 1682,1865 1748,1864 1814,1864 1879,1863 1945,1863 2011,1862 2077,1862 2142,1861 2208,1861 2274,1861 2340,1860 2405,1860 2471,1860 2537,1859 2603,1859 2668,1859 2734,1859 2800,1859 2866,1860"/>
                <TextEquiv>
                    <Unicode>einen Nachfolger Torresanis hält, mit diesem durchaus anders</Unicode>
                </TextEquiv>
            </TextLine>
            <TextLine id="r1l55" custom="readingOrder {index:54;}">
                <Coords points="203,1899 268,1931 1520,1912 1490,1864 203,1881"/>
                <Baseline points="212,1907 280,1908 348,1910 417,1911 485,1911 553,1911 622,1911 690,1911 758,1911 827,1910 895,1910 964,1909 1032,1908 1100,1908 1169,1908 1237,1908 1305,1908 1374,1908 1442,1909 1511,1910"/>
                <TextEquiv>
                    <Unicode>Erfolges einmal an den einen oder den anderen heran, vielleicht</Unicode>
                </TextEquiv>
            </TextLine>
            <TextLine id="r1l56" custom="readingOrder {index:55;}">
                <Coords points="1553,1922 2858,1929 2880,1874 1553,1882"/>
                <Baseline points="1561,1912 1626,1912 1692,1912 1757,1912 1823,1911 1888,1911 1954,1911 2019,1911 2085,1911 2150,1911 2216,1910 2281,1910 2347,1910 2412,1910 2478,1909 2543,1909 2609,1909 2674,1909 2740,1909 2805,1908 2871,1908"/>
                <TextEquiv>
                    <Unicode>gearteten Künstler wenig gemein hat. Denn Torresani war bei</Unicode>
                </TextEquiv>
            </TextLine>
            <TextLine id="r1l57" custom="readingOrder {index:56;}">
                <Coords points="1547,1962 2856,1976 2886,1933 1547,1941"/>
                <Baseline points="1555,1959 1621,1959 1687,1958 1753,1958 1819,1958 1885,1958 1951,1959 2018,1959 2084,1959 2150,1959 2216,1960 2282,1960 2348,1960 2414,1960 2481,1960 2547,1960 2613,1960 2679,1959 2745,1959 2811,1958 2878,1957"/>
                <TextEquiv>
                    <Unicode>aller bewegten Frische seiner Darstellung, bei aller kraftgenialischen</Unicode>
                </TextEquiv>
            </TextLine>
            <TextLine id="r1l58" custom="readingOrder {index:57;}">
                <Coords points="205,1964 1469,1974 1521,1926 205,1939"/>
                <Baseline points="214,1960 282,1961 350,1961 419,1962 487,1962 555,1962 624,1962 692,1962 760,1961 829,1961 897,1960 966,1960 1034,1959 1102,1959 1171,1958 1239,1958 1307,1958 1376,1958 1444,1958 1513,1958"/>
                <TextEquiv>
                    <Unicode>auch nicht. Im Grunde kann das an dem ernsten Wesen dieser</Unicode>
                </TextEquiv>
            </TextLine>
            <TextLine id="r1l59" custom="readingOrder {index:58;}">
                <Coords points="1562,2016 2859,2027 2876,1970 1562,1971"/>
                <Baseline points="1570,2007 1634,2007 1699,2007 1764,2008 1829,2008 1894,2008 1959,2008 2024,2009 2089,2009 2154,2009 2219,2010 2283,2010 2348,2010 2413,2010 2478,2010 2543,2009 2608,2009 2673,2009 2738,2008 2803,2007 2868,2006"/>
                <TextEquiv>
                    <Unicode>Entfaltung seiner prächtigen Schilderungskunst im letzten Grunde</Unicode>
                </TextEquiv>
            </TextLine>
            <TextLine id="r1l60" custom="readingOrder {index:59;}">
                <Coords points="216,2014 1528,2013 1496,1966 216,1971"/>
                <Baseline points="224,2011 288,2010 353,2010 418,2010 483,2010 547,2010 612,2010 677,2010 742,2010 806,2010 871,2010 936,2010 1001,2010 1065,2010 1130,2009 1195,2009 1260,2009 1324,2008 1389,2008 1454,2007 1519,2006"/>
                <TextEquiv>
                    <Unicode>Menschen nichts ändern. Sie stehen im Leben wie die jungen</Unicode>
                </TextEquiv>
            </TextLine>
            <TextLine id="r1l61" custom="readingOrder {index:60;}">
                <Coords points="204,2059 1535,2053 1514,2010 204,2016"/>
                <Baseline points="213,2057 278,2057 344,2058 409,2058 475,2058 541,2059 606,2059 672,2059 738,2058 803,2058 869,2058 935,2058 1000,2057 1066,2057 1132,2057 1197,2056 1263,2056 1329,2055 1394,2055 1460,2054 1526,2054"/>
                <TextEquiv>
                    <Unicode>Bäume in den Stürmen des Frühlings, arbeiten und reifen einem</Unicode>
                </TextEquiv>
            </TextLine>
            <TextLine id="r1l62" custom="readingOrder {index:61;}">
                <Coords points="1554,2062 2875,2060 2875,2022 2782,2012 1554,2021"/>
                <Baseline points="1562,2058 1627,2058 1692,2058 1757,2058 1822,2058 1888,2058 1953,2059 2018,2059 2083,2059 2148,2060 2214,2060 2279,2060 2344,2060 2409,2060 2474,2060 2540,2060 2605,2059 2670,2058 2735,2057 2800,2056 2866,2054"/>
                <TextEquiv>
                    <Unicode>doch ein konservativer Erzähler, dem zum Epigonen zünftiger</Unicode>
                </TextEquiv>
            </TextLine>
            <TextLine id="r1l63" custom="readingOrder {index:62;}">
                <Coords points="220,2110 1520,2111 1482,2061 220,2072"/>
                <Baseline points="229,2100 293,2103 357,2105 421,2107 485,2108 549,2108 613,2108 678,2108 742,2107 806,2106 870,2105 934,2104 998,2103 1062,2102 1127,2101 1191,2100 1255,2100 1319,2101 1383,2101 1447,2102 1512,2104"/>
                <TextEquiv>
                    <Unicode>Sommer entgegen, der kommen muß. Und achten nicht der Welt,</Unicode>
                </TextEquiv>
            </TextLine>
            <TextLine id="r1l64" custom="readingOrder {index:63;}">
                <Coords points="1559,2113 2816,2122 2879,2109 2879,2066 1559,2069"/>
                <Baseline points="1567,2106 1632,2106 1697,2106 1762,2106 1827,2106 1892,2106 1957,2107 2023,2107 2088,2106 2153,2106 2218,2106 2283,2106 2348,2106 2413,2106 2479,2106 2544,2106 2609,2106 2674,2106 2739,2106 2804,2106 2870,2106"/>
                <TextEquiv>
                    <Unicode>Romanschreiber nur die prätentiös=kleinliche Wichtigtuerei dieser</Unicode>
                </TextEquiv>
            </TextLine>
            <TextLine id="r1l65" custom="readingOrder {index:64;}">
                <Coords points="217,2167 1523,2178 1523,2115 1478,2108 217,2112"/>
                <Baseline points="225,2154 289,2153 353,2153 418,2152 482,2152 547,2151 611,2151 676,2151 740,2151 805,2150 869,2150 933,2150 998,2151 1062,2151 1127,2151 1191,2151 1256,2151 1320,2151 1385,2150 1449,2150 1514,2150"/>
                <TextEquiv>
                    <Unicode>die jenseits ihrer Künstlerschaft liegt und erfüllt ist vom Gekeife</Unicode>
                </TextEquiv>
            </TextLine>
            <TextLine id="r1l66" custom="readingOrder {index:65;}">
                <Coords points="1539,2176 2885,2156 2885,2119 2786,2108 1539,2114"/>
                <Baseline points="1547,2159 1613,2158 1679,2157 1746,2157 1812,2156 1879,2156 1945,2155 2012,2155 2078,2155 2145,2155 2211,2155 2277,2155 2344,2155 2410,2155 2477,2155 2543,2154 2610,2154 2676,2154 2743,2153 2809,2153 2876,2152"/>
                <TextEquiv>
                    <Unicode>Menschen fehlte. Söhnstorff dagegen ist durch und durch ein Kind</Unicode>
                </TextEquiv>
            </TextLine>
            <TextLine id="r1l67" custom="readingOrder {index:66;}">
                <Coords points="207,2202 219,2200 235,2211 242,2207 264,2219 279,2209 312,2213 313,2161 293,2156 271,2169 259,2169 248,2161 241,2162 231,2172 208,2170"/>
                <Baseline points="216,2197 245,2198 274,2197 304,2199"/>
                <TextEquiv>
                    <Unicode>und</Unicode>
                </TextEquiv>
            </TextLine>
            <TextLine id="r1l68" custom="readingOrder {index:67;}">
                <Coords points="536,2209 1362,2217 1405,2203 1405,2163 536,2176"/>
                <Baseline points="545,2202 587,2200 630,2199 672,2198 715,2198 758,2197 800,2197 843,2197 885,2198 928,2198 971,2198 1013,2199 1056,2199 1098,2199 1141,2200 1184,2200 1226,2199 1269,2199 1311,2198 1354,2197 1397,2195"/>
                <TextEquiv>
                    <Unicode>##gbürstender Menschen. Und sind glücklich.</Unicode>
                </TextEquiv>
            </TextLine>
            <TextLine id="r1l69" custom="readingOrder {index:68;}">
                <Coords points="1559,2206 2876,2212 2876,2168 2795,2157 1559,2162"/>
                <Baseline points="1567,2203 1632,2203 1697,2204 1762,2204 1827,2204 1892,2204 1957,2204 2022,2204 2087,2204 2152,2204 2217,2204 2282,2204 2347,2204 2412,2204 2477,2204 2542,2204 2607,2204 2672,2203 2737,2203 2802,2203 2868,2203"/>
                <TextEquiv>
                    <Unicode>der Moderne, der Wiener Moderne im besonderen. Und diese</Unicode>
                </TextEquiv>
            </TextLine>
            <TextLine id="r1l70" custom="readingOrder {index:69;}">
                <Coords points="326,2263 1530,2255 1428,2204 326,2204"/>
                <Baseline points="334,2242 393,2245 452,2246 512,2247 571,2248 631,2249 690,2249 749,2249 809,2249 868,2249 928,2248 987,2248 1046,2247 1106,2247 1165,2246 1225,2246 1284,2246 1343,2246 1403,2246 1462,2246 1522,2247"/>
                <TextEquiv>
                    <Unicode>Alfred Söhnstorff gehört zum Schlage dieser wenigen.</Unicode>
                </TextEquiv>
            </TextLine>
            <TextLine id="r1l71" custom="readingOrder {index:70;}">
                <Coords points="1556,2256 2878,2243 2815,2208 1556,2206"/>
                <Baseline points="1564,2251 1629,2252 1694,2252 1759,2253 1825,2253 1890,2253 1955,2253 2020,2253 2086,2253 2151,2253 2216,2253 2281,2253 2347,2253 2412,2253 2477,2253 2542,2253 2608,2253 2673,2253 2738,2254 2803,2254 2869,2254"/>
                <TextEquiv>
                    <Unicode>Moderne ist krank, grenzenlos sensitiv und eigentlich mehr nach¬</Unicode>
                </TextEquiv>
            </TextLine>
            <TextLine id="r1l72" custom="readingOrder {index:71;}">
                <Coords points="202,2298 1537,2295 1527,2254 337,2270 202,2226"/>
                <Baseline points="210,2293 275,2293 341,2294 407,2294 473,2294 539,2294 605,2295 671,2295 737,2295 803,2296 869,2296 934,2296 1000,2296 1066,2296 1132,2296 1198,2296 1264,2295 1330,2295 1396,2294 1462,2293 1528,2292"/>
                <TextEquiv>
                    <Unicode>Still und ohne die aufdringliche Ungeduld des modernen Schrift¬</Unicode>
                </TextEquiv>
            </TextLine>
            <TextLine id="r1l73" custom="readingOrder {index:72;}">
                <Coords points="1558,2311 2815,2316 2870,2309 2870,2264 1558,2273"/>
                <Baseline points="1566,2300 1630,2301 1695,2302 1760,2303 1825,2303 1890,2303 1954,2303 2019,2303 2084,2303 2149,2303 2214,2302 2278,2302 2343,2302 2408,2301 2473,2301 2538,2301 2602,2301 2667,2301 2732,2301 2797,2301 2862,2302"/>
                <TextEquiv>
                    <Unicode>empfindend als direkt produktiv. Alles, was die Wiener Literatur</Unicode>
                </TextEquiv>
            </TextLine>
            <TextLine id="r1l74" custom="readingOrder {index:73;}">
                <Coords points="201,2351 1520,2358 1520,2303 201,2306"/>
                <Baseline points="210,2341 275,2343 340,2345 405,2346 470,2347 535,2347 600,2348 665,2348 730,2347 795,2347 861,2347 926,2346 991,2346 1056,2345 1121,2345 1186,2344 1251,2344 1316,2344 1381,2345 1446,2345 1512,2346"/>
                <TextEquiv>
                    <Unicode>stellers hat er Buch um Buch geschrieben, Ernstes und Heiteres,</Unicode>
                </TextEquiv>
            </TextLine>
            <TextLine id="r1l75" custom="readingOrder {index:74;}">
                <Coords points="1554,2355 2883,2361 2789,2304 1554,2308"/>
                <Baseline points="1562,2348 1627,2349 1693,2351 1758,2352 1824,2353 1890,2353 1955,2353 2021,2353 2086,2353 2152,2352 2218,2352 2283,2352 2349,2351 2414,2351 2480,2351 2545,2350 2611,2351 2677,2351 2742,2352 2808,2353 2874,2354"/>
                <TextEquiv>
                    <Unicode>der letzten Jahre an charakteristischen Werken hervorgebracht hat,</Unicode>
                </TextEquiv>
            </TextLine>
            <TextLine id="r1l76" custom="readingOrder {index:75;}">
                <Coords points="213,2402 1529,2408 1529,2353 1442,2348 214,2360"/>
                <Baseline points="221,2391 286,2392 351,2393 416,2394 481,2395 546,2395 611,2396 676,2396 741,2396 806,2396 871,2396 936,2396 1001,2396 1066,2396 1131,2396 1196,2396 1261,2396 1326,2396 1391,2396 1456,2396 1521,2397"/>
                <TextEquiv>
                    <Unicode>Gereimtes und Ungereimtes, wie es ihm der Tag zutrug.*) Und</Unicode>
                </TextEquiv>
            </TextLine>
            <TextLine id="r1l77" custom="readingOrder {index:76;}">
                <Coords points="1542,2423 2426,2387 2653,2418 2876,2396 2876,2363 1542,2369"/>
                <Baseline points="1551,2400 1616,2401 1682,2401 1748,2401 1814,2402 1880,2402 1945,2402 2011,2402 2077,2402 2143,2402 2209,2402 2274,2401 2340,2401 2406,2401 2472,2401 2538,2400 2603,2400 2669,2400 2735,2400 2801,2399 2867,2399"/>
                <TextEquiv>
                    <Unicode>die ganze Skala, von den wundertiefen BüchernSchnitzlers</Unicode>
                </TextEquiv>
            </TextLine>
            <TextLine id="r1l78" custom="readingOrder {index:77;}">
                <Coords points="212,2446 1529,2444 1411,2396 212,2402"/>
                <Baseline points="221,2442 286,2444 351,2445 416,2446 481,2447 546,2447 611,2447 676,2447 741,2447 806,2447 871,2446 936,2446 1001,2446 1066,2445 1131,2445 1196,2444 1261,2444 1326,2444 1391,2444 1456,2445 1521,2446"/>
                <TextEquiv>
                    <Unicode>ebenso still und sicher ist er durch seine Entwicklung hindurch¬</Unicode>
                </TextEquiv>
            </TextLine>
            <TextLine id="r1l79" custom="readingOrder {index:78;}">
                <Coords points="1544,2454 2791,2464 2886,2444 2886,2401 1544,2424"/>
                <Baseline points="1553,2451 1619,2451 1685,2451 1751,2451 1817,2450 1884,2450 1950,2450 2016,2450 2082,2449 2148,2449 2215,2449 2281,2449 2347,2448 2413,2448 2479,2448 2546,2448 2612,2447 2678,2447 2744,2447 2810,2447 2877,2447"/>
                <TextEquiv>
                    <Unicode>angefangen bis hinunter zu dem Gestammel eines Perer</Unicode>
                </TextEquiv>
            </TextLine>
            <TextLine id="r1l80" custom="readingOrder {index:79;}">
                <Coords points="205,2529 433,2495 1131,2492 1131,2459 1023,2451 205,2457"/>
                <Baseline points="213,2494 258,2494 304,2493 349,2494 395,2494 440,2494 486,2494 531,2495 577,2495 622,2495 668,2496 713,2496 759,2496 804,2496 850,2495 895,2495 941,2494 986,2494 1032,2492 1077,2491 1123,2489"/>
                <TextEquiv>
                    <Unicode>gewachsen, ist einer unserer Besten geworden.</Unicode>
                </TextEquiv>
            </TextLine>
            <TextLine id="r1l81" custom="readingOrder {index:80;}">
                <Coords points="1552,2496 2884,2508 2884,2463 2722,2450 1552,2466"/>
                <Baseline points="1561,2498 1626,2498 1692,2498 1758,2498 1824,2498 1889,2497 1955,2497 2021,2497 2087,2497 2152,2497 2218,2497 2284,2498 2350,2498 2415,2498 2481,2498 2547,2498 2613,2499 2678,2499 2744,2500 2810,2501 2876,2501"/>
                <TextEquiv>
                    <Unicode>Altenberg, ist in ihrer Gesamtheit auf denselben Ton gestimmt,</Unicode>
                </TextEquiv>
            </TextLine>
            <TextLine id="r1l82" custom="readingOrder {index:81;}">
                <Coords points="321,2544 1525,2557 1525,2512 1445,2494 321,2517"/>
                <Baseline points="329,2541 388,2541 447,2542 507,2542 566,2543 625,2543 685,2543 744,2543 803,2543 863,2543 922,2543 981,2543 1041,2543 1100,2543 1159,2542 1219,2542 1278,2542 1337,2541 1397,2541 1456,2540 1516,2540"/>
                <TextEquiv>
                    <Unicode>Will man zu den Werken Söhnstorffs ein kritisches Ver¬</Unicode>
                </TextEquiv>
            </TextLine>
            <TextLine id="r1l83" custom="readingOrder {index:82;}">
                <Coords points="1558,2555 2877,2555 2877,2513 2824,2505 1558,2510"/>
                <Baseline points="1566,2543 1631,2545 1696,2546 1761,2547 1826,2548 1891,2548 1956,2548 2021,2548 2086,2548 2151,2548 2217,2547 2282,2547 2347,2547 2412,2547 2477,2546 2542,2546 2607,2547 2672,2547 2737,2547 2802,2548 2868,2549"/>
                <TextEquiv>
                    <Unicode>der uns auch in den Geschichten des Rittmeisters Luzatto begegnet.</Unicode>
                </TextEquiv>
            </TextLine>
            <TextLine id="r1l84" custom="readingOrder {index:83;}">
                <Coords points="208,2606 1532,2606 1532,2555 1404,2546 208,2553"/>
                <Baseline points="217,2590 282,2590 347,2590 413,2590 478,2590 543,2590 609,2590 674,2591 739,2591 805,2592 870,2592 935,2592 1001,2593 1066,2593 1131,2593 1197,2593 1262,2593 1327,2592 1393,2592 1458,2592 1524,2591"/>
                <TextEquiv>
                    <Unicode>hältnis erlangen, so muß man sie in ihrer Totalität zu begreifen</Unicode>
                </TextEquiv>
            </TextLine>
            <TextLine id="r1l85" custom="readingOrder {index:84;}">
                <Coords points="1653,2600 2879,2604 2879,2558 2804,2554 1653,2555"/>
                <Baseline points="1662,2596 1722,2596 1782,2596 1843,2596 1903,2597 1964,2597 2024,2597 2085,2597 2145,2597 2206,2597 2266,2598 2326,2598 2387,2598 2447,2598 2508,2598 2568,2598 2629,2597 2689,2597 2750,2597 2810,2596 2871,2595"/>
                <TextEquiv>
                    <Unicode>Damit ist auch schon der Uebergang zu der zweiten markanten</Unicode>
                </TextEquiv>
            </TextLine>
            <TextLine id="r1l86" custom="readingOrder {index:85;}">
                <Coords points="208,2648 1532,2641 1467,2597 208,2606"/>
                <Baseline points="217,2637 282,2638 347,2639 413,2639 478,2640 543,2641 609,2641 674,2642 739,2642 805,2643 870,2643 935,2643 1001,2643 1066,2643 1131,2643 1197,2643 1262,2643 1327,2642 1393,2642 1458,2642 1524,2641"/>
                <TextEquiv>
                    <Unicode>versuchen. Muß diese Skizzen und Novellen auf sich wirken lassen</Unicode>
                </TextEquiv>
            </TextLine>
            <TextLine id="r1l87" custom="readingOrder {index:86;}">
                <Coords points="1553,2648 2745,2659 2869,2647 2869,2610 1553,2611"/>
                <Baseline points="1562,2645 1626,2645 1691,2645 1756,2645 1821,2645 1886,2645 1951,2645 2016,2646 2081,2646 2146,2646 2211,2646 2275,2646 2340,2646 2405,2646 2470,2646 2535,2645 2600,2645 2665,2644 2730,2643 2795,2641 2860,2640"/>
                <TextEquiv>
                    <Unicode>Seite im Profil des Dichters Söhnstorff gegeben. Subtile Ver¬</Unicode>
                </TextEquiv>
            </TextLine>
            <TextLine id="r1l88" custom="readingOrder {index:87;}">
                <Coords points="207,2695 1521,2707 1521,2653 1396,2642 207,2647"/>
                <Baseline points="215,2688 279,2690 344,2691 409,2692 474,2693 539,2693 604,2693 668,2693 733,2693 798,2693 863,2693 928,2692 993,2692 1058,2691 1122,2691 1187,2690 1252,2690 1317,2690 1382,2690 1447,2690 1512,2690"/>
                <TextEquiv>
                    <Unicode>wie Beichten und Bekenntnisse eines unendlich feinorganisierten</Unicode>
                </TextEquiv>
            </TextLine>
            <TextLine id="r1l89" custom="readingOrder {index:88;}">
                <Coords points="1558,2710 2880,2708 2880,2663 2780,2650 1558,2650"/>
                <Baseline points="1566,2693 1631,2694 1696,2694 1761,2694 1827,2694 1892,2695 1957,2695 2023,2695 2088,2695 2153,2695 2219,2695 2284,2695 2349,2695 2414,2695 2480,2695 2545,2695 2610,2695 2676,2695 2741,2695 2806,2695 2872,2695"/>
                <TextEquiv>
                    <Unicode>feinerung des Empfindungslebens ist ein spezifisch femininer Zug,</Unicode>
                </TextEquiv>
            </TextLine>
            <TextLine id="r1l90" custom="readingOrder {index:89;}">
                <Coords points="201,2739 1535,2755 1535,2710 1455,2695 201,2702"/>
                <Baseline points="209,2738 274,2738 340,2738 406,2738 472,2738 538,2738 604,2738 669,2738 735,2738 801,2738 867,2739 933,2739 999,2739 1065,2739 1130,2739 1196,2739 1262,2739 1328,2739 1394,2738 1460,2738 1526,2738"/>
                <TextEquiv>
                    <Unicode>Menschen, der mit sehenden Augen durchs Leben geht. Denn das</Unicode>
                </TextEquiv>
            </TextLine>
            <TextLine id="r1l91" custom="readingOrder {index:90;}">
                <Coords points="1554,2750 2764,2764 2874,2754 2874,2704 1554,2718"/>
                <Baseline points="1562,2740 1627,2741 1692,2742 1757,2743 1822,2743 1887,2744 1952,2744 2018,2744 2083,2744 2148,2744 2213,2744 2278,2744 2343,2743 2408,2743 2474,2743 2539,2743 2604,2743 2669,2744 2734,2744 2799,2745 2865,2746"/>
                <TextEquiv>
                    <Unicode>wie denn auch alle Kunstäußerungen des jungen Oesterreich im</Unicode>
                </TextEquiv>
            </TextLine>
            <TextLine id="r1l92" custom="readingOrder {index:91;}">
                <Coords points="206,2785 1523,2795 1473,2743 206,2759"/>
                <Baseline points="215,2786 283,2787 351,2788 420,2788 488,2789 556,2789 625,2789 693,2789 761,2789 830,2788 898,2788 967,2788 1035,2788 1103,2787 1172,2787 1240,2787 1308,2787 1377,2788 1445,2788 1514,2789"/>
                <TextEquiv>
                    <Unicode>Leben, das ewig abwechslungsreiche, bald unbarmherzig harte,</Unicode>
                </TextEquiv>
            </TextLine>
            <TextLine id="r1l93" custom="readingOrder {index:92;}">
                <Coords points="1557,2805 2874,2792 2836,2748 1557,2752"/>
                <Baseline points="1565,2793 1630,2793 1695,2793 1760,2793 1825,2793 1890,2793 1955,2793 2020,2793 2085,2793 2150,2793 2215,2793 2280,2793 2345,2793 2410,2793 2475,2793 2540,2793 2605,2793 2670,2794 2735,2794 2800,2795 2866,2795"/>
                <TextEquiv>
                    <Unicode>Zeichen des Feminismus stehen. Und nichts ist natürlicher, als</Unicode>
                </TextEquiv>
            </TextLine>
            <TextLine id="r1l94" custom="readingOrder {index:93;}">
                <Coords points="199,2829 1538,2837 1465,2794 199,2802"/>
                <Baseline points="208,2833 274,2835 340,2836 406,2837 472,2837 538,2838 604,2838 670,2838 736,2837 802,2837 869,2837 935,2836 1001,2836 1067,2835 1133,2835 1199,2835 1265,2835 1331,2835 1397,2835 1463,2836 1530,2837"/>
                <TextEquiv>
                    <Unicode>bald versöhnlich milde Leben, hat diesem Schriftsteller namenlos</Unicode>
                </TextEquiv>
            </TextLine>
            <TextLine id="r1l95" custom="readingOrder {index:94;}">
                <Coords points="1547,2851 2661,2860 2879,2814 1546,2804"/>
                <Baseline points="1555,2846 1620,2845 1686,2844 1752,2844 1818,2843 1884,2843 1949,2843 2015,2842 2081,2842 2147,2842 2213,2842 2278,2842 2344,2842 2410,2842 2476,2842 2542,2842 2607,2842 2673,2841 2739,2841 2805,2841 2871,2840"/>
                <TextEquiv>
                    <Unicode>daß auch Söhnstorff in die Geheimnisse der weiblichen Seele</Unicode>
                </TextEquiv>
            </TextLine>
            <TextLine id="r1l96" custom="readingOrder {index:95;}">
                <Coords points="203,2901 1533,2898 1500,2853 1320,2838 203,2842"/>
                <Baseline points="211,2884 276,2885 342,2885 408,2885 473,2886 539,2886 605,2886 670,2886 736,2886 802,2887 868,2887 933,2887 999,2886 1065,2886 1130,2886 1196,2886 1262,2886 1327,2886 1393,2886 1459,2886 1525,2886"/>
                <TextEquiv>
                    <Unicode>viel zu denken gegeben, und die Konflikte und Schicksale, die er</Unicode>
                </TextEquiv>
            </TextLine>
            <TextLine id="r1l97" custom="readingOrder {index:96;}">
                <Coords points="1549,2900 2709,2908 2874,2894 2874,2837 1549,2861"/>
                <Baseline points="1557,2892 1622,2893 1687,2893 1753,2893 1818,2894 1884,2894 1949,2894 2014,2894 2080,2893 2145,2893 2211,2893 2276,2892 2341,2892 2407,2891 2472,2891 2538,2890 2603,2889 2668,2888 2734,2887 2799,2886 2865,2885"/>
                <TextEquiv>
                    <Unicode>hinabtaucht, daß er in feiner Analyse bloßlegt, was da lacht und</Unicode>
                </TextEquiv>
            </TextLine>
            <TextLine id="r1l98" custom="readingOrder {index:97;}">
                <Coords points="210,2940 1477,2947 1537,2897 210,2900"/>
                <Baseline points="218,2932 283,2933 349,2934 414,2935 480,2936 545,2936 611,2937 676,2937 742,2937 807,2937 873,2937 938,2937 1004,2936 1069,2936 1135,2936 1200,2936 1266,2935 1331,2935 1397,2934 1462,2934 1528,2933"/>
                <TextEquiv>
                    <Unicode>mit feiner Hand zeichnet, sind das letzte Ergebnis dieses intensiven</Unicode>
                </TextEquiv>
            </TextLine>
            <TextLine id="r1l99" custom="readingOrder {index:98;}">
                <Coords points="1560,2948 2827,2957 2875,2899 1560,2911"/>
                <Baseline points="1569,2939 1633,2939 1698,2939 1763,2940 1828,2940 1893,2941 1958,2941 2023,2941 2088,2942 2153,2942 2218,2942 2282,2942 2347,2942 2412,2942 2477,2942 2542,2942 2607,2941 2672,2941 2737,2940 2802,2939 2867,2938"/>
                <TextEquiv>
                    <Unicode>weint, vergöttert und verdammt, siegt und verblutet. Und daß er</Unicode>
                </TextEquiv>
            </TextLine>
            <TextLine id="r1l100" custom="readingOrder {index:99;}">
                <Coords points="213,2997 1537,2986 1505,2943 213,2942"/>
                <Baseline points="221,2983 286,2984 351,2985 417,2985 482,2985 547,2986 613,2986 678,2986 743,2986 809,2986 874,2986 939,2986 1005,2986 1070,2986 1135,2986 1201,2985 1266,2985 1331,2984 1397,2984 1462,2984 1528,2983"/>
                <TextEquiv>
                    <Unicode>Schauens und Erlebens, sind zu Kunstwerken kristallisierte</Unicode>
                </TextEquiv>
            </TextLine>
            <TextLine id="r1l101" custom="readingOrder {index:100;}">
                <Coords points="1554,3005 2881,2988 2881,2953 2703,2942 1554,2953"/>
                <Baseline points="1563,2991 1628,2991 1693,2990 1759,2990 1824,2990 1890,2990 1955,2990 2021,2990 2086,2991 2152,2991 2217,2991 2282,2991 2348,2991 2413,2991 2479,2990 2544,2990 2610,2990 2675,2989 2741,2989 2806,2988 2872,2987"/>
                <TextEquiv>
                    <Unicode>Frauenschicksale mit jenem tiefen Verständnis zeichnet, das den</Unicode>
                </TextEquiv>
            </TextLine>
            <TextLine id="r1l102" custom="readingOrder {index:101;}">
                <Coords points="215,3043 1527,3035 1455,2990 215,2995"/>
                <Baseline points="223,3030 287,3031 352,3032 417,3033 482,3034 546,3034 611,3034 676,3034 741,3034 805,3034 870,3034 935,3034 1000,3033 1064,3033 1129,3032 1194,3032 1259,3032 1323,3031 1388,3031 1453,3031 1518,3031"/>
                <TextEquiv>
                    <Unicode>Reflexe seiner Nerven. Jnnig verwoben sind ihm Leben und Dichten.</Unicode>
                </TextEquiv>
            </TextLine>
            <TextLine id="r1l103" custom="readingOrder {index:102;}">
                <Coords points="1549,3048 2886,3075 2886,3007 2836,2992 1549,3011"/>
                <Baseline points="1557,3036 1623,3038 1689,3039 1755,3040 1821,3041 1887,3041 1953,3041 2019,3041 2085,3041 2151,3040 2217,3040 2283,3039 2349,3039 2415,3038 2481,3038 2547,3038 2613,3038 2679,3038 2745,3039 2811,3040 2877,3042"/>
                <TextEquiv>
                    <Unicode>Schriftsteller zum Anatomen, den Dichter zum Seelenarzt</Unicode>
                </TextEquiv>
            </TextLine>
            <TextLine id="r1l104" custom="readingOrder {index:103;}">
                <Coords points="331,3093 1528,3085 1473,3040 331,3051"/>
                <Baseline points="340,3081 399,3081 458,3082 517,3082 576,3083 635,3083 694,3083 753,3083 812,3083 871,3083 930,3083 989,3082 1048,3082 1107,3082 1166,3082 1225,3081 1284,3081 1343,3081 1402,3081 1461,3080 1520,3080"/>
                <TextEquiv>
                    <Unicode>Und darin liegt wohl der Hauptreiz dieser Bücher. Darin,</Unicode>
                </TextEquiv>
            </TextLine>
            <TextLine id="r1l105" custom="readingOrder {index:104;}">
                <Coords points="1548,3097 1621,3113 1715,3089 1766,3106 1818,3092 1818,3052 1782,3045 1722,3048 1700,3062 1675,3059 1655,3042 1625,3058 1549,3047"/>
                <Baseline points="1557,3086 1582,3085 1607,3085 1632,3085 1657,3086 1683,3086 1708,3086 1733,3087 1758,3087 1783,3087 1809,3088"/>
                <TextEquiv>
                    <Unicode>werden läßt.</Unicode>
                </TextEquiv>
            </TextLine>
            <TextLine id="r1l106" custom="readingOrder {index:105;}">
                <Coords points="199,3134 1536,3142 1464,3087 199,3095"/>
                <Baseline points="207,3131 273,3130 339,3130 405,3130 471,3130 537,3130 603,3130 669,3131 735,3131 801,3131 867,3131 933,3132 999,3132 1065,3132 1131,3132 1197,3132 1263,3132 1329,3131 1395,3131 1461,3130 1528,3129"/>
                <TextEquiv>
                    <Unicode>daß jede Zeile von einer Persönlichkeit spricht, wie man sie nicht</Unicode>
                </TextEquiv>
            </TextLine>
            <TextLine id="r1l107" custom="readingOrder {index:106;}">
                <Coords points="1661,3133 1799,3163 2871,3145 2871,3095 2650,3074 1661,3106"/>
                <Baseline points="1670,3135 1729,3136 1789,3137 1848,3138 1908,3138 1968,3138 2027,3138 2087,3138 2147,3137 2206,3137 2266,3136 2326,3136 2385,3135 2445,3135 2505,3134 2564,3134 2624,3134 2684,3135 2743,3135 2803,3136 2863,3138"/>
                <TextEquiv>
                    <Unicode>Die Beziehung der Geschlechter zueinander ist ihm ein</Unicode>
                </TextEquiv>
            </TextLine>
            <TextLine id="r1l108" custom="readingOrder {index:107;}">
                <Coords points="202,3185 1534,3177 1403,3134 202,3142"/>
                <Baseline points="211,3181 276,3180 342,3180 408,3180 474,3180 539,3180 605,3180 671,3180 737,3180 802,3180 868,3180 934,3180 1000,3180 1065,3180 1131,3180 1197,3180 1263,3180 1328,3180 1394,3179 1460,3179 1526,3178"/>
                <TextEquiv>
                    <Unicode>häufig findet im modernen Schrifttum. Denn scharf umrissen ist</Unicode>
                </TextEquiv>
            </TextLine>
            <TextLine id="r1l109" custom="readingOrder {index:108;}">
                <Coords points="1552,3197 2873,3189 2873,3149 2796,3136 1552,3141"/>
                <Baseline points="1560,3183 1625,3184 1690,3185 1755,3186 1820,3186 1886,3187 1951,3187 2016,3187 2081,3187 2146,3187 2212,3187 2277,3187 2342,3187 2407,3187 2472,3187 2538,3186 2603,3186 2668,3186 2733,3185 2798,3185 2864,3185"/>
                <TextEquiv>
                    <Unicode>Thema von unbegrenzter Ergiebigkeit; in immer neuen Fällen</Unicode>
                </TextEquiv>
            </TextLine>
            <TextLine id="r1l110" custom="readingOrder {index:109;}">
                <Coords points="207,3237 1533,3233 1533,3195 1463,3181 207,3193"/>
                <Baseline points="215,3230 280,3230 345,3229 411,3229 476,3229 542,3229 607,3229 673,3230 738,3230 804,3230 869,3230 934,3230 1000,3230 1065,3230 1131,3230 1196,3230 1262,3230 1327,3229 1393,3229 1458,3228 1524,3228"/>
                <TextEquiv>
                    <Unicode>die literarische Physiognomie Söhnstorffs, scharf umrissen sind die</Unicode>
                </TextEquiv>
            </TextLine>
            <TextLine id="r1l111" custom="readingOrder {index:110;}">
                <Coords points="1552,3238 2676,3250 2841,3245 2876,3204 1552,3207"/>
                <Baseline points="1561,3235 1626,3235 1691,3236 1756,3236 1822,3236 1887,3237 1952,3237 2018,3237 2083,3237 2148,3237 2214,3237 2279,3237 2344,3237 2409,3236 2475,3235 2540,3235 2605,3234 2671,3233 2736,3231 2801,3229 2867,3227"/>
                <TextEquiv>
                    <Unicode>und Formen weiß er von der Liebe zu sagen, von all den wunder¬</Unicode>
                </TextEquiv>
            </TextLine>
            <TextLine id="r1l112" custom="readingOrder {index:111;}">
                <Coords points="204,3272 1526,3292 1526,3247 1456,3235 204,3244"/>
                <Baseline points="213,3279 278,3279 343,3279 408,3278 474,3278 539,3278 604,3279 669,3279 735,3279 800,3280 865,3280 930,3280 996,3281 1061,3281 1126,3281 1191,3281 1257,3281 1322,3281 1387,3281 1452,3280 1518,3279"/>
                <TextEquiv>
                    <Unicode>Gestalten, die er vor uns hinstellt und die alle einer großen</Unicode>
                </TextEquiv>
            </TextLine>
            <TextLine id="r1l113" custom="readingOrder {index:112;}">
                <Coords points="1553,3295 2875,3293 2875,3255 2804,3237 1553,3247"/>
                <Baseline points="1561,3283 1626,3283 1691,3284 1756,3284 1822,3284 1887,3285 1952,3285 2018,3285 2083,3284 2148,3284 2214,3284 2279,3284 2344,3283 2409,3283 2475,3283 2540,3282 2605,3282 2671,3281 2736,3281 2801,3280 2867,3280"/>
                <TextEquiv>
                    <Unicode>baren Geheimnissen und Offenbarungen ihres stillen Webens, Ver¬</Unicode>
                </TextEquiv>
            </TextLine>
            <TextLine id="r1l114" custom="readingOrder {index:113;}">
                <Coords points="202,3338 1524,3338 1524,3292 1441,3284 202,3281"/>
                <Baseline points="210,3329 275,3330 340,3331 405,3331 471,3331 536,3330 601,3330 667,3329 732,3329 797,3328 863,3328 928,3327 993,3327 1058,3326 1124,3326 1189,3326 1254,3327 1320,3328 1385,3329 1450,3330 1516,3332"/>
                <TextEquiv>
                    <Unicode>Familie anzugehören scheinen; alle haben sie etwas von der leisen,</Unicode>
                </TextEquiv>
            </TextLine>
            <TextLine id="r1l115" custom="readingOrder {index:114;}">
                <Coords points="1553,3344 2823,3349 2870,3344 2870,3282 1553,3295"/>
                <Baseline points="1562,3331 1630,3332 1698,3332 1767,3333 1835,3333 1903,3333 1972,3333 2040,3333 2108,3333 2177,3333 2245,3332 2314,3332 2382,3332 2450,3332 2519,3332 2587,3332 2655,3332 2724,3333 2792,3333 2861,3334"/>
                <TextEquiv>
                    <Unicode>bindens und Trennens. Und dort, wo von der Liebe nicht mehr</Unicode>
                </TextEquiv>
            </TextLine>
            <TextLine id="r1l116" custom="readingOrder {index:115;}">
                <Coords points="200,3390 1116,3386 1116,3348 1084,3338 923,3328 200,3340"/>
                <Baseline points="209,3374 253,3375 298,3375 343,3375 388,3376 433,3376 478,3377 523,3377 568,3377 613,3377 658,3377 702,3378 747,3378 792,3377 837,3377 882,3377 927,3377 972,3376 1017,3376 1062,3375 1107,3374"/>
                <TextEquiv>
                    <Unicode>versonnenen Nachdenklichkeit ihres Schöpfers.</Unicode>
                </TextEquiv>
            </TextLine>
            <TextLine id="r1l117" custom="readingOrder {index:116;}">
                <Coords points="1559,3393 2836,3393 2886,3336 1559,3344"/>
                <Baseline points="1567,3383 1632,3383 1698,3383 1763,3383 1829,3383 1894,3383 1960,3383 2025,3382 2091,3382 2156,3382 2222,3382 2288,3382 2353,3381 2419,3381 2484,3381 2550,3381 2615,3381 2681,3381 2746,3380 2812,3380 2878,3380"/>
                <TextEquiv>
                    <Unicode>die Rede ist, aber dennoch eine leise, alles verzeihende und alles</Unicode>
                </TextEquiv>
            </TextLine>
            <TextLine id="r1l118" custom="readingOrder {index:117;}">
                <Coords points="329,3439 1456,3441 1536,3386 328,3387"/>
                <Baseline points="337,3425 396,3426 456,3427 515,3428 575,3429 634,3429 694,3429 753,3429 813,3429 872,3428 932,3428 991,3428 1051,3427 1110,3427 1170,3426 1229,3425 1289,3425 1348,3424 1408,3424 1467,3424 1527,3424"/>
                <TextEquiv>
                    <Unicode>Zwei Elemente geben den Geschichten des Rittmeisters</Unicode>
                </TextEquiv>
            </TextLine>
            <TextLine id="r1l119" custom="readingOrder {index:118;}">
                <Coords points="1552,3433 2804,3446 2871,3391 1552,3394"/>
                <Baseline points="1560,3434 1625,3434 1690,3433 1755,3433 1820,3433 1885,3433 1950,3433 2016,3433 2081,3433 2146,3433 2211,3433 2276,3433 2341,3432 2406,3432 2472,3432 2537,3432 2602,3432 2667,3431 2732,3431 2797,3430 2863,3429"/>
                <TextEquiv>
                    <Unicode>begreifende Nachdenklichkeit geblieben ist, wird der Blick in die</Unicode>
                </TextEquiv>
            </TextLine>
            <TextLine id="r1l120" custom="readingOrder {index:119;}">
                <Coords points="207,3493 1530,3481 1504,3434 207,3435"/>
                <Baseline points="215,3475 280,3475 345,3476 411,3476 476,3476 541,3477 607,3477 672,3477 737,3478 803,3478 868,3478 933,3478 999,3478 1064,3478 1129,3478 1195,3478 1260,3477 1325,3477 1391,3476 1456,3475 1522,3474"/>
                <TextEquiv>
                    <Unicode>Luzatto ihren seltsamen, charakteristischen Ton. Söhnstorff ist</Unicode>
                </TextEquiv>
            </TextLine>
            <TextLine id="r1l121" custom="readingOrder {index:120;}">
                <Coords points="1556,3491 2886,3483 2836,3435 2721,3430 1556,3439"/>
                <Baseline points="1565,3482 1630,3483 1696,3483 1761,3483 1827,3482 1893,3482 1958,3482 2024,3482 2090,3481 2155,3481 2221,3481 2287,3480 2352,3480 2418,3480 2484,3480 2549,3480 2615,3480 2681,3481 2746,3481 2812,3482 2878,3483"/>
                <TextEquiv>
                    <Unicode>Ferne gelenkt, Ewigkeitsperspektiven erstehen und wir wachsen mit</Unicode>
                </TextEquiv>
            </TextLine>
            <TextLine id="r1l122" custom="readingOrder {index:121;}">
                <Coords points="217,3533 1537,3538 1537,3488 1381,3482 217,3488"/>
                <Baseline points="225,3524 290,3525 355,3526 420,3526 485,3527 550,3527 615,3527 681,3527 746,3527 811,3527 876,3526 941,3526 1006,3525 1071,3525 1137,3525 1202,3524 1267,3524 1332,3524 1397,3524 1462,3524 1528,3525"/>
                <TextEquiv>
                    <Unicode>Reiteroffizier durch und durch, Kavallerist vom Scheitel bis zur</Unicode>
                </TextEquiv>
            </TextLine>
            <TextLine id="r1l123" custom="readingOrder {index:122;}">
                <Coords points="1560,3538 2881,3531 2816,3482 1560,3493"/>
                <Baseline points="1568,3531 1633,3531 1698,3531 1763,3531 1828,3530 1894,3530 1959,3530 2024,3530 2089,3530 2154,3530 2220,3530 2285,3530 2350,3530 2415,3530 2480,3530 2546,3530 2611,3530 2676,3529 2741,3529 2806,3529 2872,3528"/>
                <TextEquiv>
                    <Unicode>dem Dichter weit hinaus über Raum und Zeit. Der dämmernde</Unicode>
                </TextEquiv>
            </TextLine>
            <TextLine id="r1l124" custom="readingOrder {index:123;}">
                <Coords points="208,3578 1530,3585 1510,3534 208,3540"/>
                <Baseline points="217,3572 282,3573 347,3574 412,3574 478,3575 543,3575 608,3575 673,3575 739,3576 804,3576 869,3576 934,3576 1000,3575 1065,3575 1130,3575 1195,3575 1261,3575 1326,3574 1391,3574 1456,3574 1522,3574"/>
                <TextEquiv>
                    <Unicode>Sohle. Einer von den wenigen vielleicht, die das Handwerk um</Unicode>
                </TextEquiv>
            </TextLine>
            <TextLine id="r1l125" custom="readingOrder {index:124;}">
                <Coords points="1554,3583 2881,3594 2881,3549 2796,3534 1554,3543"/>
                <Baseline points="1563,3579 1628,3579 1694,3579 1759,3579 1825,3579 1890,3579 1956,3579 2021,3579 2087,3579 2152,3579 2218,3579 2283,3579 2349,3579 2414,3578 2480,3578 2545,3578 2611,3578 2676,3577 2742,3577 2807,3576 2873,3576"/>
                <TextEquiv>
                    <Unicode>Morgen und der sinkende Abend, der Ruf einer Unke im nahen</Unicode>
                </TextEquiv>
            </TextLine>
            <TextLine id="r1l126" custom="readingOrder {index:125;}">
                <Coords points="211,3650 1503,3641 1530,3586 211,3593"/>
                <Baseline points="219,3621 284,3622 349,3623 414,3623 479,3624 544,3624 609,3625 675,3625 740,3625 805,3625 870,3625 935,3625 1000,3625 1065,3625 1131,3625 1196,3624 1261,3624 1326,3624 1391,3624 1456,3624 1522,3624"/>
                <TextEquiv>
                    <Unicode>seiner selbst willen lieben. Er ist aber auch moderner Mensch</Unicode>
                </TextEquiv>
            </TextLine>
            <TextLine id="r1l127" custom="readingOrder {index:126;}">
                <Coords points="1562,3637 2876,3630 2825,3582 1562,3592"/>
                <Baseline points="1570,3626 1634,3627 1699,3628 1764,3628 1829,3628 1894,3628 1959,3629 2023,3629 2088,3629 2153,3628 2218,3628 2283,3628 2348,3628 2413,3627 2477,3627 2542,3626 2607,3626 2672,3625 2737,3625 2802,3624 2867,3624"/>
                <TextEquiv>
                    <Unicode>Weiher, das Gebell der Meute, die dem Hirschen auf der Spur</Unicode>
                </TextEquiv>
            </TextLine>
            <TextLine id="r1l128" custom="readingOrder {index:127;}">
                <Coords points="206,3674 1528,3675 1528,3637 1358,3624 206,3638"/>
                <Baseline points="215,3674 280,3675 345,3675 410,3676 476,3676 541,3676 606,3676 671,3676 737,3676 802,3676 867,3676 932,3675 998,3675 1063,3675 1128,3675 1193,3674 1259,3674 1324,3674 1389,3674 1454,3673 1520,3673"/>
                <TextEquiv>
                    <Unicode>mit jeder Faser, ist Träger einer alten, etwas müden Kultur. In</Unicode>
                </TextEquiv>
            </TextLine>
            <TextLine id="r1l129" custom="readingOrder {index:128;}">
                <Coords points="1543,3687 2880,3678 2727,3630 1543,3642"/>
                <Baseline points="1551,3677 1617,3678 1683,3678 1749,3678 1815,3678 1881,3678 1947,3678 2013,3678 2079,3678 2145,3678 2211,3678 2277,3678 2343,3677 2409,3677 2475,3677 2541,3677 2607,3677 2673,3676 2739,3676 2805,3676 2872,3676"/>
                <TextEquiv>
                    <Unicode>ist, der rhythmische Hufschlag galoppierender Pferde auf dem</Unicode>
                </TextEquiv>
            </TextLine>
            <TextLine id="r1l130" custom="readingOrder {index:129;}">
                <Coords points="207,3736 1536,3734 1536,3689 1447,3679 207,3675"/>
                <Baseline points="216,3721 281,3722 347,3722 412,3723 478,3723 544,3723 609,3724 675,3724 740,3724 806,3724 872,3724 937,3724 1003,3724 1068,3724 1134,3724 1199,3723 1265,3723 1331,3722 1396,3722 1462,3722 1528,3721"/>
                <TextEquiv>
                    <Unicode>seiner Seele klingen Stimmungen längst entschwundener Zeiten</Unicode>
                </TextEquiv>
            </TextLine>
            <TextLine id="r1l131" custom="readingOrder {index:130;}">
                <Coords points="1551,3738 2880,3731 2869,3677 1551,3685"/>
                <Baseline points="1559,3728 1624,3728 1690,3728 1755,3728 1821,3728 1887,3728 1952,3727 2018,3727 2083,3727 2149,3726 2215,3726 2280,3725 2346,3725 2411,3724 2477,3724 2542,3723 2608,3723 2674,3723 2739,3723 2805,3723 2871,3723"/>
                <TextEquiv>
                    <Unicode>samtweichen Boden eines schnurgeraden Walddurchschlages: alles</Unicode>
                </TextEquiv>
            </TextLine>
            <TextLine id="r1l132" custom="readingOrder {index:131;}">
                <Coords points="1547,3781 2843,3782 2879,3740 1547,3741"/>
                <Baseline points="1555,3777 1620,3776 1686,3776 1752,3775 1818,3775 1884,3774 1949,3774 2015,3773 2081,3773 2147,3772 2213,3772 2278,3772 2344,3772 2410,3771 2476,3771 2542,3771 2607,3771 2673,3771 2739,3771 2805,3771 2871,3771"/>
                <TextEquiv>
                    <Unicode>wird unter der Hand dieses Künstlers zu Symbolen. Und wenn</Unicode>
                </TextEquiv>
            </TextLine>
            <TextLine id="r1l133" custom="readingOrder {index:132;}">
                <Coords points="200,3771 1534,3771 1534,3736 1451,3728 200,3736"/>
                <Baseline points="208,3768 273,3770 339,3771 405,3773 471,3774 537,3775 603,3775 669,3776 735,3776 801,3776 867,3776 932,3776 998,3775 1064,3775 1130,3774 1196,3773 1262,3772 1328,3771 1394,3770 1460,3769 1526,3768"/>
                <TextEquiv>
                    <Unicode>wieder, das Blut in seinen Adern kreist nach den Takten weicher</Unicode>
                </TextEquiv>
            </TextLine>
            <TextLine id="r1l134" custom="readingOrder {index:133;}">
                <Coords points="214,3824 1533,3846 1533,3789 1449,3779 214,3786"/>
                <Baseline points="222,3816 287,3818 352,3821 417,3822 482,3824 547,3825 612,3825 677,3826 742,3826 807,3826 873,3826 938,3826 1003,3825 1068,3824 1133,3824 1198,3823 1263,3822 1328,3821 1393,3821 1458,3820 1524,3819"/>
                <TextEquiv>
                    <Unicode>Wiener Walzerweisen. Etwas wie der Hauch resignierter Dekadenz</Unicode>
                </TextEquiv>
            </TextLine>
            <TextLine id="r1l135" custom="readingOrder {index:134;}">
                <Coords points="1558,3839 2874,3821 2785,3776 1558,3789"/>
                <Baseline points="1567,3825 1631,3826 1696,3826 1761,3826 1826,3826 1891,3826 1956,3825 2021,3825 2086,3824 2151,3824 2216,3823 2280,3823 2345,3822 2410,3822 2475,3822 2540,3821 2605,3821 2670,3821 2735,3821 2800,3822 2865,3822"/>
                <TextEquiv>
                    <Unicode>der Herr Oberst sein Regiment inspiziert und der taufrische</Unicode>
                </TextEquiv>
            </TextLine>
            <TextLine id="r1l136" custom="readingOrder {index:135;}">
                <Coords points="1546,3878 2877,3891 2876,3839 2798,3828 1546,3836"/>
                <Baseline points="1555,3875 1620,3875 1686,3875 1751,3875 1817,3875 1883,3875 1948,3875 2014,3875 2080,3874 2145,3874 2211,3873 2277,3873 2342,3872 2408,3872 2474,3872 2539,3871 2605,3871 2671,3871 2736,3871 2802,3871 2868,3872"/>
                <TextEquiv>
                    <Unicode>Morgen die Schwadronen in breite Massen formiert auf der</Unicode>
                </TextEquiv>
            </TextLine>
            <TextLine id="r1l137" custom="readingOrder {index:136;}">
                <Coords points="213,3881 1520,3876 1467,3826 213,3826"/>
                <Baseline points="222,3869 286,3871 351,3873 415,3874 480,3875 544,3876 609,3876 673,3877 738,3877 802,3876 867,3876 931,3876 996,3875 1060,3874 1125,3874 1189,3873 1254,3872 1318,3871 1383,3871 1447,3870 1512,3870"/>
                <TextEquiv>
                    <Unicode>schwebt über ihn hin, der feine Formensinn und der raffinierte</Unicode>
                </TextEquiv>
            </TextLine>
            <TextLine id="r1l138" custom="readingOrder {index:137;}">
                <Coords points="209,3938 1393,3946 1439,3937 1440,3890 209,3891"/>
                <Baseline points="217,3918 277,3919 338,3919 399,3920 459,3921 520,3921 581,3922 641,3922 702,3923 763,3923 824,3923 884,3923 945,3923 1006,3923 1066,3923 1127,3923 1188,3922 1248,3921 1309,3921 1370,3920 1431,3919"/>
                <TextEquiv>
                    <Unicode>Kultus des Wortes derer um Hofmannsthal sind ihm eigen.</Unicode>
                </TextEquiv>
            </TextLine>
            <TextLine id="r1l139" custom="readingOrder {index:138;}">
                <Coords points="1555,3940 2866,3924 2786,3871 1555,3884"/>
                <Baseline points="1564,3927 1628,3926 1693,3926 1757,3925 1822,3924 1887,3924 1951,3924 2016,3923 2081,3923 2145,3923 2210,3922 2275,3922 2339,3922 2404,3922 2469,3922 2533,3921 2598,3921 2663,3921 2727,3921 2792,3920 2857,3920"/>
                <TextEquiv>
                    <Unicode>Flegelwiese findet, denkt der Rittmeister Luzatto nicht daran, daß</Unicode>
                </TextEquiv>
            </TextLine>
            <TextLine id="r1l140" custom="readingOrder {index:139;}">
                <Coords points="1555,3982 2871,3971 2779,3923 1555,3940"/>
                <Baseline points="1564,3972 1632,3972 1700,3972 1769,3972 1837,3971 1905,3971 1974,3971 2042,3971 2110,3971 2179,3971 2247,3971 2316,3971 2384,3971 2452,3971 2521,3971 2589,3971 2657,3970 2726,3970 2794,3969 2863,3969"/>
                <TextEquiv>
                    <Unicode>vielleicht irgendein Kerl im ersten Glied zu kurze Bügel, irgendein</Unicode>
                </TextEquiv>
            </TextLine>
            <TextLine id="r1l141" custom="readingOrder {index:140;}">
                <Coords points="321,4019 1361,4028 1523,3976 321,3984"/>
                <Baseline points="329,4006 388,4007 447,4009 506,4010 566,4011 625,4012 684,4012 743,4013 803,4013 862,4013 921,4013 980,4012 1040,4012 1099,4011 1158,4011 1217,4010 1277,4009 1336,4008 1395,4007 1454,4006 1514,4006"/>
                <TextEquiv>
                    <Unicode>*) Von Söhnstorff liegen sechs Bände vor: „Im bunten Rock“, 1898:</Unicode>
                </TextEquiv>
            </TextLine>
            <TextLine id="r1l142" custom="readingOrder {index:141;}">
                <Coords points="1556,4032 2815,4035 2871,3980 1556,3987"/>
                <Baseline points="1564,4020 1632,4020 1700,4021 1769,4021 1837,4021 1905,4021 1974,4021 2042,4021 2110,4021 2179,4021 2247,4020 2316,4020 2384,4019 2452,4019 2521,4018 2589,4018 2657,4017 2726,4017 2794,4016 2863,4016"/>
                <TextEquiv>
                    <Unicode>Gaul ein verschnalltes Backenstück hat; ihn quält die wehmütige</Unicode>
                </TextEquiv>
            </TextLine>
            <TextLine id="r1l143" custom="readingOrder {index:142;}">
                <Coords points="212,4061 1523,4048 1418,4011 212,4023"/>
                <Baseline points="221,4050 285,4050 350,4050 414,4051 479,4051 544,4051 608,4051 673,4052 738,4052 802,4052 867,4052 932,4053 996,4053 1061,4053 1126,4052 1190,4052 1255,4052 1320,4051 1384,4051 1449,4049 1514,4048"/>
                <TextEquiv>
                    <Unicode>„Halali“, 1901; „Allerlei Soldatisches und Menschliches", 1903; „Kanto¬</Unicode>
                </TextEquiv>
            </TextLine>
            <TextLine id="r1l144" custom="readingOrder {index:143;}">
                <Coords points="1552,4072 2860,4086 2875,4029 1551,4032"/>
                <Baseline points="1560,4071 1625,4072 1690,4074 1756,4074 1821,4075 1886,4075 1952,4075 2017,4075 2082,4074 2148,4073 2213,4073 2278,4072 2344,4071 2409,4069 2474,4069 2540,4067 2605,4066 2670,4065 2736,4065 2801,4064 2867,4063"/>
                <TextEquiv>
                    <Unicode>Vorstellung, daß nach fünfzig Jahren von all der strotzenden</Unicode>
                </TextEquiv>
            </TextLine>
            <TextLine id="r1l145" custom="readingOrder {index:144;}">
                <Coords points="204,4101 1536,4101 1494,4051 204,4053"/>
                <Baseline points="213,4086 278,4087 344,4088 410,4089 476,4090 541,4090 607,4091 673,4091 739,4091 804,4091 870,4091 936,4091 1002,4091 1067,4091 1133,4090 1199,4090 1265,4090 1330,4089 1396,4088 1462,4088 1528,4087"/>
                <TextEquiv>
                    <Unicode>nierungsbilder“, 1903; „Reiterbriefe aus Oesterreich“, 1905, und als jüngstes</Unicode>
                </TextEquiv>
            </TextLine>
            <TextLine id="r1l146" custom="readingOrder {index:145;}">
                <Coords points="1550,4145 2885,4112 2796,4069 1549,4082"/>
                <Baseline points="1557,4129 1623,4129 1689,4128 1755,4127 1821,4126 1887,4125 1953,4124 2019,4123 2085,4121 2151,4120 2217,4119 2283,4118 2349,4117 2415,4117 2481,4116 2547,4115 2613,4114 2679,4114 2745,4114 2811,4114 2877,4114"/>
                <TextEquiv>
                    <Unicode>Jugend, von all der in blühenden Menschen= und Pferdeleibern</Unicode>
                </TextEquiv>
            </TextLine>
            <TextLine id="r1l147" custom="readingOrder {index:146;}">
                <Coords points="209,4149 319,4139 356,4163 702,4139 725,4158 760,4131 824,4131 824,4103 794,4094 381,4094 354,4118 306,4096 209,4099"/>
                <Baseline points="218,4127 247,4128 277,4129 307,4129 337,4130 367,4130 397,4130 427,4130 457,4130 487,4130 517,4130 546,4129 576,4129 606,4129 636,4129 666,4129 696,4129 726,4129 756,4129 786,4129 816,4130"/>
                <TextEquiv>
                    <Unicode>Werk: „Im Vorüberreiten“, 1907.</Unicode>
                </TextEquiv>
            </TextLine>
            <TextEquiv>
                <Unicode>—
„Danzer's Armee-Zeitung“.
Seite 7.
Nr. 27.
4. Juli 1907.
Donnerstag
So geben diese zwei Grundzüge das Bild eines Schrift¬
Feuilleton.
stellers von erlesener Delikatesse. Der durchaus impulsiven Art,
die im Wesen des Kavalleristen liegt und erst im Handeln ihr
Element findet, steht auf der anderen Seite die müde Verträumt¬
Alfred Söhnstorff.
heit des reflektierenden Kulturmenschen gegenüber, die in Lyrismen
(Rittmeister Artur Luzatto.)
schwelgt und über einen prächtigen Sonnenuntergang die schneidigste
Von Franz X. Kappus.
Attacke vergessen läßt. Und nur der reifen, an Maupassant er¬
Wir leben in einer Zeit der starken Persönlichkeiten. Seit
innernden Kunst Luzattos gelingt es, den Kavalleristen zum
Nietzsche ist das Schlagwort von der Individualität des Künstlers,
Vorwärtstragen der Handlung, den feinen Stimmungsmenschen zu
von der „persönlichen Note“ des Schaffenden aktueller denn je
seelischer Detailmalerei zu nützen.
geworden. Man wird einem Schriftsteller von heute eine Ent¬
Mit beinahe mathematischer Logik folgen aus dieser doppelten
gleisung nach der Seite des Absonderlichen, des Ungewöhnlichen
Grundveranlagung die Motive, die in allen Arbeiten dieses Schrift¬
und sogar Absurden hin eher verzeihen, als irgendeine — und
stellers anklingen und in immer neuen Variationen wiederkehren.
wäre es nur die leiseste— Anlehnung an die Schablone, das
Das Leben unserer Kavalleristen in den elenden Nestern Podoliens,
Althergebrachte, Traditionelle. Und wie in allen Epochen radikalen
das Leben und Träumen junger Offiziere überhaupt, ihr stürmisches
Neuerertums ist man auch heute um einen Schritt zu weit gegangen.
Wollen und liebenswürdiges Irren, ihr Hoffen, Erleben und Ver¬
Die warme, echte Persönlichkeit, das starke ursprüngliche Talent,
zichten, ihr stolzes Vorwärtsschreiten oder versauerndes Stillestehen:
dessen Art durchgebrochen und dem Publikum keine Rätsel mehr
zu lösen gibt, hört auf interessant zu sein, und das dröhnende
Söhnstorffscher Erzählungskunst. Gute, liebe Bekannte, mit denen
Tamtam grandioser Reklame verkündet den Ruhm neuer Pro¬
wir einmal irgendwo zu tun gehabt, stehen vor uns auf, scharf
pheten. Und die Menge findet Gefallen an der „modernen
gesehene Typen leben ihr eigenes, bald urdrolliges, bald sterbens¬
Richtung“ und kommt sich unendlich wichtig vor, weil sie das
trauriges Schicksal. Und über allen liegt etwas wie eine leise
Quentchen eigenen Urteiles mit jenen Aeußerungen geschäftsmäßiger
Schwermut, ein wenn auch noch so zart angedeutetes Reagieren
Spekulation identifiziert.
der Nerven auf die Sensationen des Lebens. So kommt es, daß
Indessen gehen die tiefsten und feinsten Künstler still und
der Schriftsteller, den der oberflächliche Beurteiler allzu leicht für
unberirrt ihrer Wege. Vielleicht schäumt die Woge des lauten
einen Nachfolger Torresanis hält, mit diesem durchaus anders
Erfolges einmal an den einen oder den anderen heran, vielleicht
gearteten Künstler wenig gemein hat. Denn Torresani war bei
aller bewegten Frische seiner Darstellung, bei aller kraftgenialischen
auch nicht. Im Grunde kann das an dem ernsten Wesen dieser
Entfaltung seiner prächtigen Schilderungskunst im letzten Grunde
Menschen nichts ändern. Sie stehen im Leben wie die jungen
Bäume in den Stürmen des Frühlings, arbeiten und reifen einem
doch ein konservativer Erzähler, dem zum Epigonen zünftiger
Sommer entgegen, der kommen muß. Und achten nicht der Welt,
Romanschreiber nur die prätentiös=kleinliche Wichtigtuerei dieser
die jenseits ihrer Künstlerschaft liegt und erfüllt ist vom Gekeife
Menschen fehlte. Söhnstorff dagegen ist durch und durch ein Kind
und
##gbürstender Menschen. Und sind glücklich.
der Moderne, der Wiener Moderne im besonderen. Und diese
Alfred Söhnstorff gehört zum Schlage dieser wenigen.
Moderne ist krank, grenzenlos sensitiv und eigentlich mehr nach¬
Still und ohne die aufdringliche Ungeduld des modernen Schrift¬
empfindend als direkt produktiv. Alles, was die Wiener Literatur
stellers hat er Buch um Buch geschrieben, Ernstes und Heiteres,
der letzten Jahre an charakteristischen Werken hervorgebracht hat,
Gereimtes und Ungereimtes, wie es ihm der Tag zutrug.*) Und
die ganze Skala, von den wundertiefen BüchernSchnitzlers
ebenso still und sicher ist er durch seine Entwicklung hindurch¬
angefangen bis hinunter zu dem Gestammel eines Perer
gewachsen, ist einer unserer Besten geworden.
Altenberg, ist in ihrer Gesamtheit auf denselben Ton gestimmt,
Will man zu den Werken Söhnstorffs ein kritisches Ver¬
der uns auch in den Geschichten des Rittmeisters Luzatto begegnet.
hältnis erlangen, so muß man sie in ihrer Totalität zu begreifen
Damit ist auch schon der Uebergang zu der zweiten markanten
versuchen. Muß diese Skizzen und Novellen auf sich wirken lassen
Seite im Profil des Dichters Söhnstorff gegeben. Subtile Ver¬
wie Beichten und Bekenntnisse eines unendlich feinorganisierten
feinerung des Empfindungslebens ist ein spezifisch femininer Zug,
Menschen, der mit sehenden Augen durchs Leben geht. Denn das
wie denn auch alle Kunstäußerungen des jungen Oesterreich im
Leben, das ewig abwechslungsreiche, bald unbarmherzig harte,
Zeichen des Feminismus stehen. Und nichts ist natürlicher, als
bald versöhnlich milde Leben, hat diesem Schriftsteller namenlos
daß auch Söhnstorff in die Geheimnisse der weiblichen Seele
viel zu denken gegeben, und die Konflikte und Schicksale, die er
hinabtaucht, daß er in feiner Analyse bloßlegt, was da lacht und
mit feiner Hand zeichnet, sind das letzte Ergebnis dieses intensiven
weint, vergöttert und verdammt, siegt und verblutet. Und daß er
Schauens und Erlebens, sind zu Kunstwerken kristallisierte
Frauenschicksale mit jenem tiefen Verständnis zeichnet, das den
Reflexe seiner Nerven. Jnnig verwoben sind ihm Leben und Dichten.
Schriftsteller zum Anatomen, den Dichter zum Seelenarzt
Und darin liegt wohl der Hauptreiz dieser Bücher. Darin,
werden läßt.
daß jede Zeile von einer Persönlichkeit spricht, wie man sie nicht
Die Beziehung der Geschlechter zueinander ist ihm ein
häufig findet im modernen Schrifttum. Denn scharf umrissen ist
Thema von unbegrenzter Ergiebigkeit; in immer neuen Fällen
die literarische Physiognomie Söhnstorffs, scharf umrissen sind die
und Formen weiß er von der Liebe zu sagen, von all den wunder¬
Gestalten, die er vor uns hinstellt und die alle einer großen
baren Geheimnissen und Offenbarungen ihres stillen Webens, Ver¬
Familie anzugehören scheinen; alle haben sie etwas von der leisen,
bindens und Trennens. Und dort, wo von der Liebe nicht mehr
versonnenen Nachdenklichkeit ihres Schöpfers.
die Rede ist, aber dennoch eine leise, alles verzeihende und alles
Zwei Elemente geben den Geschichten des Rittmeisters
begreifende Nachdenklichkeit geblieben ist, wird der Blick in die
Luzatto ihren seltsamen, charakteristischen Ton. Söhnstorff ist
Ferne gelenkt, Ewigkeitsperspektiven erstehen und wir wachsen mit
Reiteroffizier durch und durch, Kavallerist vom Scheitel bis zur
dem Dichter weit hinaus über Raum und Zeit. Der dämmernde
Sohle. Einer von den wenigen vielleicht, die das Handwerk um
Morgen und der sinkende Abend, der Ruf einer Unke im nahen
seiner selbst willen lieben. Er ist aber auch moderner Mensch
Weiher, das Gebell der Meute, die dem Hirschen auf der Spur
mit jeder Faser, ist Träger einer alten, etwas müden Kultur. In
ist, der rhythmische Hufschlag galoppierender Pferde auf dem
seiner Seele klingen Stimmungen längst entschwundener Zeiten
samtweichen Boden eines schnurgeraden Walddurchschlages: alles
wird unter der Hand dieses Künstlers zu Symbolen. Und wenn
wieder, das Blut in seinen Adern kreist nach den Takten weicher
Wiener Walzerweisen. Etwas wie der Hauch resignierter Dekadenz
der Herr Oberst sein Regiment inspiziert und der taufrische
Morgen die Schwadronen in breite Massen formiert auf der
schwebt über ihn hin, der feine Formensinn und der raffinierte
Kultus des Wortes derer um Hofmannsthal sind ihm eigen.
Flegelwiese findet, denkt der Rittmeister Luzatto nicht daran, daß
vielleicht irgendein Kerl im ersten Glied zu kurze Bügel, irgendein
*) Von Söhnstorff liegen sechs Bände vor: „Im bunten Rock“, 1898:
Gaul ein verschnalltes Backenstück hat; ihn quält die wehmütige
„Halali“, 1901; „Allerlei Soldatisches und Menschliches", 1903; „Kanto¬
Vorstellung, daß nach fünfzig Jahren von all der strotzenden
nierungsbilder“, 1903; „Reiterbriefe aus Oesterreich“, 1905, und als jüngstes
Jugend, von all der in blühenden Menschen= und Pferdeleibern
Werk: „Im Vorüberreiten“, 1907.</Unicode>
            </TextEquiv>
        </TextRegion>
    </Page>
</PcGts>
