3344 4352
1193 254 1647 347 box 41/2
170 249 1038 370 11. Miscellaneons
1317 1222 2274 1344 Khisan
902 1233 1037 1332 X
901 1290 1284 1404 d G
1079 1322 2250 1408 Oesterreicer 90 keit: Wir; und deren künstlerische
1598 1392 2250 1451 Verkörperung: Artbur Schnitzler. Und
1018 1402 1581 1466 die letzte Erinnerung Hermann
1592 1434 2256 1493 Hermann Bahr las aus Schnitzler.
944 1434 1572 1511 ±+ Bahrs an Hamburg: der Thea¬
1598 1485 2260 1541 Hinter dem Theater unsrer Schmerzen
919 1496 1578 1555 terskandal im Thalia=Theater, wo
1602 1537 2253 1584 steigen Schatten der Dämonen auf,
928 1540 1584 1600 seine Einakter ausgepfissen wurden.
1600 1569 2256 1624 die den Menschen in sein Schicksal
937 1580 1589 1648 Hallo, in Feindesland! Die Invasion
1605 1610 2257 1678 stoßen. Letzte Dinge werden offenbar,
927 1625 1584 1678 seiner Truppen, das Wortgeplänkel
933 1654 2260 1729 seiner Dialoge wurde abgeschlagen — un das Schweigen redet. Menschen
935 1700 2252 1761 nun rückt er selbst beran. Hier bin kommen und agieren, Alltag ist in
931 1744 2255 1812 ich, und ich soge euch zuvor: Ihr ihren Kleidern und in ihren Seelen:
940 1799 2258 1867 seid nicht ich. Ihr seid Deutsche und da beginnt ein Schimmern, das von
1600 1837 2263 1891 innen kommt, ihre Leiber werden
933 1847 1589 1913 Hüter am Torweg der Welt, ich
1607 1879 2260 1944 transparent und alle Schleich= und
939 1896 1587 1953 komme aus Oesterreich, darinnen seit
1602 1922 2267 1984 Seelenwege scharf und mathematisch
946 1937 1586 1993 dreibundert Jahren die Köpfe gemäht
1605 1966 2267 2029 eingegraben in ihr offenbartes Wesen.
939 1981 1593 2043 wurden, die aus der Finsternis zum
1609 2017 2263 2070 Es ist vollkommenste Durchdringung
941 2025 1597 2091 Licht begebrten. Man bat an meinem
1616 2061 2269 2120 künstlerischer Absichten, wie Bahr
933 2070 1597 2137 Kopfe auch berumgebackt, und hundert
1608 2104 2257 2161 liest: und Schnitzler ist ein großer
940 2126 1595 2175 Rarben deckt die Mähne meines
1605 2144 2259 2200 Künstler. Burckbard, der Stämmigere,
947 2159 1594 2227 Haares. Man hat Verräter mich ge¬
1612 2187 2274 2252 ist es nicht, es reden) ihm zuviel
935 2202 1596 2267 nannt und fast vernichtet, und dennoch
1613 2230 2272 2299 Stimmen und Gegenstimmen in sein
955 2252 1595 2307 wiederhol' ich nochmals laut: ich
1617 2278 2264 2333 Werk hinein: der Jurist und der
942 2290 1594 2354 bin Oesterreicher. Herr Bahr, Jo¬
1614 2320 2268 2383 Anthurist, der Hofrat und der Anti¬
946 2337 1600 2401 hannes Brahms, Ihr Doppelgänger,
1615 2368 2269 2429 hofrat, der Waldmensch und der
945 2384 1599 2432 hat bewiesen, daß ein Hamburger
1615 2412 2264 2472 Hauptstädter.. Da hat er denn den
944 2418 1602 2484 Wiener werden kann. Warum ver¬
1618 2467 2271 2510 Dialog gleich bei der Hand: Stimme,
954 2467 1598 2538 weigern Sie's, zu uns zu zählen,
1617 2499 2271 2563 Gegenstimme, punktum, fertig. Was
952 2513 1603 2576 und kommen als der Fremde?
1621 2543 2280 2602 mehr ist, ist vom Uebel — bei Burck¬
953 2559 1602 2611 Wir, junge Wiener, sind als Euro¬
1625 2589 2269 2647 bard. Es war nicht gut getan, daß
948 2607 1605 2656 päer Deutsche, der Pulsschlag Deutsch¬
1611 2633 2274 2700 Babr nach Schnitzler Burckhard las.
954 2648 1610 2709 lands hat von unserm Blute auch,
1611 2678 2275 2744 Nach Schnitzler nicht. Es hätte den
955 2697 1606 2756 und unsre Zukunft ist Europa. Wir,
1626 2728 2281 2783 Abend gefährden können, doch war
948 2735 1612 2792 alte Wiener, fühlen binter uns ein
1612 2764 2274 2826 er schon gewonnen. Hallo, in Feindes¬
960 2783 1616 2840 Jahrtausend Welthislorie brennen,
959 2813 2276 2871 ohne rückwärtsschauend zu erstarren land! Ein Vorgefecht ging verloren,
962 2855 2276 2920 wie Lots Weib, da sie auf Sodom damals, im Thalia=Theater. Eine
956 2919 2279 2968 sab. Denn das Feuer der Vergangen= Schlacht ward gewonnen, beuer, in
959 2944 2284 3010 heit ist beilig und wärmt unser Herz. der Literarischen Gesellschaft. Und
967 2989 2283 3048 Wir: das ist die erste Generation Hermann Bahr neigt sein Propbeten¬
1623 3030 2279 3085 haupt zum Dank. Seine Mähne
966 3041 1624 3115 ##s neuen Oesterreich. Verliebte in
1633 3084 2283 3134 tanzt nicht mehr in tausend Teufeleien,
963 3093 1609 3145 die Zukunft wie Bahr, Burckhard,
1623 3128 2285 3184 sein Bart strebt erdwärts, tiefer, tiefer.
962 3137 1616 3194 Salten, Verliebte in di: Vergangen¬
1625 3166 2238 3227 Die Schlachten sind geschlagen —
966 3177 1614 3245 heit wie Hofmannsthal, Beer=Hof¬
1624 3206 2292 3275 und jeder hat sein Königreich: laßt
963 3229 1615 3293 mann .. sie alle eine Gemeinsam¬
1606 3274 2277 3368 uns regieren. Der Prophet wiro¬
1611 3335 2148 3428 Patriarch. Und bleibt jung.
1964 3366 2288 3450 Leonhard Adelt *
