3344 4256
886 239 994 300 0 U
1211 220 1649 316 box 41/2
751 248 825 300 n
193 242 1054 342 1. MiSCeL
884 874 2558 926 254 B Balduin Groller: Die Wienerin. ##8888
955 934 1725 998 Schade ist's doch, in vielen Fällen sehr
1728 950 2541 1000 als Tennisspielerin oder als Ladenmam¬
886 991 1732 1048 schade. Das österreichische Volk ist mit Ta¬
1730 993 2551 1046 sell oder als kleine große Dame in die Er¬
886 1038 1724 1080 lenten allerart reich begnadet, und eine
1737 1032 2559 1080 scheinung, sei sie nun ein kecker Schnabel
892 1068 1716 1117 gütige Vorsehung hat keine Zeichen von Er¬
1730 1076 2551 1117 oder gehöre sie zur timiden, zur schüchternen
896 1111 1722 1156 müdung erkennen lassen, als sie sich an die
1738 1104 2555 1148 Sorte. Süß sind sie alle, nur entsprechen
1738 1148 2557 1195 sie dem Begriff nicht, der mit der neuen
898 1148 1718 1196 Wienerinnen machte. Auch sie sind gesegnet,
894 1184 1718 1229 und ich neige der Ansicht zu — vorzugs¬
1735 1186 2551 1245 registrierten Schutzmarke gemeiniglich ver¬
897 1228 1717 1274 weise. Wo sie stehen und was sie in die
1726 1223 2554 1268 bunden wird. Das, was das Schnitzlersche
892 1266 1720 1314 Hand nehmen, offenbaren sich ihre Begabung
1735 1266 2554 1303 Wort zum Ausdruck bringt, ist eigentlich ein
891 1303 1717 1352 und ihre Anstelligkeit. So ist's in jedem Be¬
1731 1302 2550 1343 internationaler Begriff. Jede Großstadt hat
897 1340 1723 1397 ruse, und wenn sie dann herausgeheiratet
1724 1342 2541 1383 ihre Armee von süßen Mädeln, jene tausend¬
899 1381 1710 1424 werden, dann wird immer etwas verloren.
1730 1383 2545 1429 gestaltige, wechselnde, schwankende Nasse, die
898 1422 1707 1468 Friedrich der Große hat manchmal ein leises
1731 1420 2546 1473 nur ein gemeinsames Merkmal hat, das der
897 1459 1718 1512 Bedauern gefühlt, daß er Herrscher und
1730 1457 2547 1513 moralischen Angestochenheit. Das gibt es
887 1497 1718 1549 nicht Flötenspieler geworden sei. Ich weiß
1735 1499 2556 1549 natürlich auch in Wien, obschon es unrecht
893 1536 1721 1577 nicht, ob so eine herausgeheiratete Wienerin
1727 1538 2548 1576 wäre, es nicht ausdrücklich hervorzuheben,
898 1576 1719 1619 nicht auch so ein ähnliches Bedauern fühlt,
1725 1575 2546 1628 daß das Hauptkontingent zu dieser ver¬
897 1613 1718 1656 aber ich weiß, daß sie herrscht, wenn sie ge¬
1726 1607 2554 1661 lorenen Armee nicht von den Wienerinnen,
892 1656 1714 1706 heiratet worden ist. Wenigstens dürfte nir¬
1730 1656 2552 1700 sondern von den Zugereisten gestellt wird.
890 1694 1719 1738 gends in der Welt das Geschlecht der Si¬
1718 1681 2529 1741 In diesem Sinne von dem „süßen Mädel“
891 1730 1721 1774 mandl — das ist der technische Lokulausdruck
1732 1738 2539 1782 als von einer Wiener Besonderheit zu
895 1770 1721 1811 für den Pantoffelhelden — so weit verbreitet
1734 1763 2548 1824 sprechen, wäre also durchaus unzulässig und
893 1808 1723 1859 sein wie in Wien. Nebenbei bemerkt, ich
1735 1813 2538 1861 würde auf eine schiefe, ja ungerechte Auf¬
896 1849 1721 1890 persönlich bin schon so weit, daß ich mit
1735 1848 2550 1899 fassung schließen lassen. Ich habe durchaus
1734 1893 2540 1939 nicht die Absicht, in die Arena hinabzusteigen
884 1872 1718 1946 kühner Stirn behaupte: jeder anständige
1724 1926 2539 1975 und mit eingelegter Lanze ein scharfes Tur¬
887 1918 1714 1969 Mensch muß ein Pantoffelheld sein. Man
1731 1960 2550 2020 nier zu bestehen für die Wiener Moral.
897 1967 1718 2009 mag mir nun beipflichten oder nicht, das
1654 1997 1694 2022 —
900 2001 1715 2047 eine läßt sich doch feststellen: die Wiener Si¬
1727 2004 2548 2052 Ich denke mir tiefsinnig: Moral ist Moral,
1732 2047 2548 2095 und Menschen sind Menschen. Denke mir
895 2044 1718 2105 mandl sind nicht zu bedauern; es geht ihnen
897 2082 1236 2137 gar nicht schlecht.
1724 2079 2551 2132 weiters und nicht leichthin, sondern auf
1718 2105 2541 2173 Grund der Beobachtungen eines Menschen¬
947 2098 1711 2167 In allen Berufen tun sich die Wienerinnen
1419 2160 1494 2189 1p 11
1727 2166 2551 2207 alters, daß Moral und Menschen in der
886 2166 1718 2216 hervor, sagte ich, und ich weiß wirklich nicht,
884 2193 1720 2247 welchen ich ausnehmen sollte. Sie rücken
1724 2202 2542 2248 ganzen Kulturwelt so ziemlich auf gleicher
894 2239 1722 2291 tapfer auf, selbst in den vornehmen Berufen
1734 2233 2545 2288 Stufe stehen und daß man zu besonderer
899 2279 1714 2318 des Schrifttums und der Kunst. Es hat eine
1724 2275 2543 2321 Überhebung nirgends besonderen Grund hat.
896 2316 1720 2360 Zeit gegeben, da man mit einiger Gering¬
1731 2317 2555 2362 Wien ist im Punkte der Moralität nicht
895 2358 1717 2404 schätzung auf die dichtende Weiblichkeit herab¬
1735 2354 2546 2396 schlechter und nicht besser als andere Groß¬
885 2385 1719 2447 blickte. Die Zeit ist längst vorbei. Jetzt müssen
1722 2392 2552 2448 städte auch, Einsprache darf aber erhoben
897 2429 1714 2488 wir, wir andern, froh sein, wenn sie nicht ge¬
1728 2431 2553 2482 werden gegen falsche Vorstellungen. Das
1730 2475 2552 2523 „süße Mädel“, das so oft zitiert wird, be¬
896 2475 1709 2519 ringschätzig auf uns herabblicken. Sie spielen
1732 2492 2550 2556 steht als Institution oder als Typus in
896 2510 1720 2554 nämlich auch schon führende Rollen, und im
895 2546 1716 2590 Troß halten sie Schritt und stehen jede Pace
1732 2540 2543 2604 Wahrheit nicht. Damit sei nicht für die
1724 2586 2545 2641 Tugend gekämpft, sondern eine Tatsache
889 2585 1706 2637 durch. Alle Kunstschulen werden von ihnen
2335 2628 2555 2678 aus ver¬
1731 2620 2280 2684 festgestellt. Ich würde mir
887 2629 1714 2671 eifrig besucht. Auf den Ausstellungen ist ein
2284 2632 2326 2682 —
1731 2666 2546 2718 schiedenen Gründen — die Haare nicht
897 2665 1716 2708 Unterschied zu ihren Ungunsten längst nicht
898 2703 1713 2759 mehr zu bemerken, und was nun die Sänge¬
1726 2715 2542 2756 ausraufen, auch wenn es zufällig an¬
900 2742 1713 2790 rinnen, die Heroinen, die Sentimentalen und
1719 2736 2546 2788 ders stünde, aber es steht wirklich nicht so,
898 2784 1711 2828 die Soubretten betrifft, so brauche ich wahr¬
1720 2780 2549 2833 wie vielfach angenommen wird. Es wäre
890 2823 1711 2876 haftig nicht erst lange Romane zu erzählen.
1729 2818 2546 2871 ja möglich. In Paris besteht die Institu¬
883 2864 1709 2917 Man weiß von ihnen ja, und nicht nur bei
1718 2859 2554 2916 tion; dort blüht der Typus des „süßen Mä¬
1715 2898 2548 2950 dels“ in den kleinen fanx menages, wo die
891 2897 1562 2946 uns, sondern in der ganzen Welt.
1722 2937 2547 2988 kleinen Grisetten den kleinen Studenten die
938 2930 1712 2981 Eher ließen sich Romane erzählen von
1727 2978 2549 3025 kleine Wirtschaft führen. Möglich wäre es,
886 2972 1710 3028 dem „süßen Mädel“. Auch so eine Sache!
891 3013 1712 3061 Das süße Mädel ist förmlich eine Wiener
1719 3020 2551 3069 es könnte auch in Wien so sein, aber es ist
889 3060 1711 3104 Spezialität geworden, wenigstens in der
1729 3052 1847 3105 nicht.
901 3092 1725 3139 Vorstellung der Leute und vornehmlch der
1766 3074 2542 3136 So, nun wäre ich eigentlich fertig mit der
892 3129 1709 3183 Leute im Ausland. Ein Wiener Dichter,
1714 3127 2537 3172 Wienerin. Auch ihr Name ist Weib. Das
2137 3174 2176 3207 11
897 3176 1710 3220 Arthur Schnitzler, ist schuld daran. Er hat
1727 3168 2540 3219 sagt vieles und erspart mir vieles zu sagen.
894 3207 1707 3263 sie erfunden, hat den Typus aufgestellt und
1721 3207 2538 3264 über das Allgemeingültige, also Selbstver¬
1725 3248 2553 3303 ständliche können wir schweigend hinweg¬
895 3255 1711 3298 er weiß so berückend und überzeugend zu er¬
1725 3282 2550 3343 gehen. Was ich auch noch zu sagen ver¬
895 3287 1708 3342 zählen, daß man ihm gerne jedes Wort
1727 3335 2541 3377 möchte, das Quellenstudium könnte es doch
899 3332 1712 3380 glaubt. Ich meine aber, daß er es erstens
898 3370 1707 3415 nicht so — Sie wissen schon wie? — gemeint
1727 3368 2554 3420 nicht ersetzen. Dieses möchte ich empfehlen
1724 3410 2556 3456 und mich zugleich dagegen verwahren, daß
895 3399 1712 3451 hat, und zweitens, daß er falsch verstanden
1726 3442 2562 3508 ich für die Wienerin Reklame machen wollte.
899 3449 1708 3495 worden ist. Die Bezeichnung trifft zu auf
886 3482 2183 3544 das Wiener Mädel überhaupt, trete es nun Das hat sie nicht nötig.
