3344 4320
1187 233 1653 335 box 41/2
732 244 1036 337 neous
192 238 887 357 1. Miscella
222 701 746 805 Redaktion: VIII. Stroizigasse 41.
294 785 683 866 Telephon: 18082.
224 838 743 926 Verwaltung: VIII. Strozig. 42.
308 911 688 973 Telephon: 13870.
231 957 747 1052 Druckereit VIII. Strozzigasse 41
310 1030 688 1108 Telephon: 22641.
3219 1023 3357 1128 vierten
237 1089 756 1156 Stadtexpedition I. Wollzeile 11
224 1144 760 1221 Zeitungsbureau H. Goldschmiedt.
3223 1149 3355 1219 Länd
872 1140 1888 1266 Arrd
2875 1149 3168 1264 F
1993 1153 2217 1258 —
3221 1202 3346 1265 duertel
242 1194 766 1264 Blattbestellungen übernimmt auch
257 1256 723 1323 J. Heindl, I., Stephansplatz 7
229 1296 751 1363 Das Blatt erscheint täglich ein¬
3225 1294 3356 1378 werden
232 1336 760 1399 mal (als Morgenausgabe).
1002 1293 1300 1407 C# 9
3220 1364 3346 1412 „Reich
231 1383 756 1448 Montag erfolgt die Ausgabe um
3226 1392 3347 1449 sowie
345 1407 650 1488 2 Uhr nachmittags.
1059 1400 2963 1467 Unabhängiges Tagblatt für das christliche Volk Oesterreich=Ungarns.
3232 1439 3346 1501 des In
783 1525 1193 1600 44
1596 1535 2771 1610 Wien, Freitag, den 3. Jänner 1908.
286 1526 1112 1666 XV. Jahrgang. A
231 1583 289 1655 1
628 1604 742 1668 B
1388 1684 2566 1783 Freunde, welche entsetzliche Zeit es für Deutschland sei, kein
2581 1672 3357 1768 waren die Herren Paul Lindau und
310 1676 1341 1822 In der Erniedrigung.
1410 1753 2577 1826 großer Feldherr sei in einer hohen Stellung und so mancher
2578 1754 3356 1827 die eigentlichen Begründer und Matado
840 1801 1378 1876 Wien, am 2. Jänner 1908.
1414 1808 2572 1883 Caesar ginge hinter dem Pflug her und könne sein Talent
2574 1804 3344 1885 folgte ihnen Herr Lubliner, es folgte ih
311 1843 1414 1925 Zur Jahreswende ist es eine altyergebrachte Sitte,
1406 1868 1954 1930 nicht zur Geltung bringen.
2575 1857 3336 1939 wallenden Bart, es folgte ihnen
218 1905 1414 1974 kulturelle Bilanzen zu ziehen, sich fragen, ob und auf welchen
2573 1911 3355 1986 Philippi, es folgte ihnen Schöntha
1489 1908 2572 1989 Aehnlich verhält es sich mit den deutschen Dramatikern.
225 1965 1406 2033 Gebieten neue Werte geschaffen wurden, die dauernd in das
2575 1974 3348 2038 Krantz und ungezählte andere. Um
1404 1961 2567 2054 So manches gute, ja treffliche dramatische Werk wird im
233 2013 995 2081 geistige Nationalvermögen übergehen.
2581 2014 3356 2102 diesen geschäftigen Herren nicht zu tun,
1414 2032 2568 2096 Schreibtisch für immer vergilben, weil es keinen Verleger
304 2055 1407 2130 Ueber ein Jahrhundert ist es her, daß Friedrich
2574 2079 3356 2150 das Verdienen. Welche Ware am Th
1409 2084 2575 2147 findet, noch weniger einen Bühnenleiter, der es aufführt.
233 2116 1406 2186 Schiller der Schaubühne, dem Theater, die hohe Aufgabe
2582 2131 3358 2195 wurde, lieferten und liefern sie prompt
1418 2138 2579 2193 Denn wer heute in das Haus Thaliens oder Melpomenens
239 2175 1411 2233 stellte, eine moralische Erziehungsanstalt des Volkes zu
2574 2184 3350 2259 an Direktoren. Die Agenten protegieren
1419 2192 2573 2253 einziehen will, muß zunächst einem Klüngel, der unter dem
229 2223 1413 2286 werden, und wie weit sind am Ende dieses Jahrhunderts
2575 2232 3357 2295 denn sie ziehen von ihnen die höchsten
1414 2246 2572 2313 Strich gewisser Blätter schlimmer wie Nero und Busiris
224 2277 1413 2341 die führenden Männer des Theaters von dem Weg, den
2583 2291 3345 2363 reißen sich um ihre „Werke“, ehe sie noch
1412 2297 2578 2355 herrscht, sich auf Tod und Leben, mit Haut und
231 2332 1412 2408 der große Dichter ihnen gezeigt, abgewichen? Nicht als
2575 2347 3357 2416 ja die Bühnen zahlten und zahlen in F
1408 2347 2575 2408 Haaren als Diener, ja Sklaven verschreiben und einem
222 2382 1411 2446 ob es unserer Zeit an Männern mangelte, die
2574 2395 3347 2462 summen“ einen großen Teil der T
1410 2404 2576 2465 Berliner=, Wiener= oder Münchner Literatenstammtisch als
219 2434 1409 2500 mit tiefem sittlichen Ernst und hoher Begabung, vom Genius
2578 2443 3356 2524 voraus. Blumenthal soll einmal geäuß
1411 2458 2577 2516 getreues Mitglied angehören. Hat er durch jahrelangen
231 2490 1406 2552 getrieben, in einsamer Schaffensstunde bedeutsame Werke
2583 2501 3336 2556 ersten Million schnapp' ich ab“. Die
1416 2508 2568 2575 Dienst sich einen Platz am Parnaß ersessen, so nimmt sich
223 2539 1412 2594 dramatischer Kunst formten. Auch die großen Gegner ziemt
1414 2559 2578 2643 ein Berliner, Wiener oder Münchener Theater seiner an
230 2595 1399 2656 es, gerecht zu beurteilen: Niemand wird einem Ibsen,
2575 2606 3336 2671 noch nicht, jedes Jahr beschert er uns
1412 2601 2579 2677 und je nach der größeren oder kleineren Beliebtheit bei
223 2652 1401 2713 Björnson, Rostand, Maeterlink, und in bescheidenerem Maße
2574 2662 3356 2738 die wir über uns ergehen lassen müssen
1404 2677 2576 2741 seinen literarischen Stammtischgöttern wird er der Welt und
230 2698 1408 2775 auch einem Hauptmann, Gorki, Hoffmannsthal und Schuitler.
2654 2706 3349 2790 Wenn der Deutsche komisch=lasziv
1403 2721 2587 2799 einem staunenden Publiko als Genie oder beachtenswertes
231 2767 1392 2825 einem d'Anunzio das starke Talent und das lautere Be¬
1406 2771 2579 2846 Talent vorgestellt. Ist gehörig genug für ihn Reklame ge¬
2573 2779 3354 2841 gemeinhin plump, nur in ernsten Stücke
225 2797 1400 2872 streben ihre Weltanschauung, lebenswahr und mächtig
1418 2834 2570 2893 macht und erscheinen seine Werke gar bei Langen oder
2575 2833 3357 2902 lasziv zu werden, dann heißt man es
218 2846 1398 2917 auf der Bühne zum Ausdruck zu bringen, absprechen.
1413 2881 2573 2946 Fischer, so ist ihm für die nächsten zehn Jahre „literarischer
2578 2874 3347 2952 und respektiert es im Publikum. Weil
230 2917 1405 2981 Aber beherrschen denn diese Männer die Bühnen und gibt
2573 2940 3329 2995 die Laszivität nun einmal neben der
1405 2935 2568 2999 Nachruhm“ gewiß, er gehört plötzlich „zur geistigen Elite“
232 2962 1407 3038 es nicht außer ihnen noch manche andere, die es verdienten,
1412 2979 2576 3057 der Nation.“ Schreibt er nicht gar zu öde, ist er auch nur
2585 2987 3352 3056 der Gartenlaubentragik die beste Kassen
222 3022 1408 3086 zu Worte zu kommen und denen man das Wort nicht ver¬
1422 3043 2580 3102 halbwegs ein Theatraliker oder redet er den Hörern ein, er
2583 3046 3356 3113 schwemmen Agenten und Direktoren
219 3071 1409 3133 gönnt? Um diese Frage zu beantworten, müssen wir etwas
1407 3092 2571 3154 habe tiefe Gedanken, so ist auch seine Bühnenlaufbahn ge¬
2581 3101 3346 3164 Deutschlands Schaubühnen — die mor
228 3123 1409 3183 tiefer gehen. So gewiß es ist, daß die Kunst und die
1416 3153 2577 3208 macht, die großen Agenturen von Bloch und Entsch
2568 3147 3355 3210 anstalten Schillers — mit den größten
223 3178 1412 3242 Wissenschaft international sind, das heißt, daß die ganz
1413 3195 2585 3255 oder Langen selbst empfehlen ihn so dringend jeder Bühne.
2577 3199 3336 3268 Cochonerien und verdrängen durch
233 3228 1411 3289 großen Werke ganz großer Meister zum Gemeingut aller
1421 3253 2579 3311 daß er überall an deutschen Theatern aufgeführt wird. Es
2577 3242 3353 3334 unsere ernsthaften Autoren immer meh
231 3287 1403 3348 Völker werden, ebenso gewiß ist es, daß in erster Linie
1413 3301 2574 3367 sei gar nicht geleugnet, daß so manches schöne Talent auf
2570 3307 3332 3379 Bühne oder verschließen sie ihnen
232 3332 1413 3403 jedes Volk seine nationale Wissenschaft, seine nationale
1410 3357 2574 3417 diesem Weg wirklich zutage gefördert wurde, aber wie viel
2581 3370 3357 3426 Berliner und Wiener Theaterzettel, so
223 3374 1409 3448 Kunst haben muß, die seinem Denken und Empfinden kon¬
1405 3409 2569 3487 Flittergold ward uns dafür als echtes angepriesen, welche
2572 3409 3343 3483 in Paris zu befinden, aber in einem #
223 3433 1407 3501 form sind: denn die Genies, die der gesamten Menschheit
1416 3464 2420 3541 poetischen Wasserlöpfe machten sich vor uns breit!
2571 3466 3347 3550 Vaudevilletheater gibt! Greti und Pl
228 3485 1409 3546 geboren werden, sind sehr einsame und seltene Erscheinungen.
2583 3512 3321 3584 an der gebotenen „pikanten Kost“
1477 3525 2571 3592 Bisher haben wir es noch mit den Poeten zu tun ge¬
226 3534 1419 3612 Und wenn weiter auf unseren Bühnen auch die
2584 3573 3354 3645 wie der Geschmack immer mehr und me
1411 3580 2572 3647 habt, die sich, so weit es ihre Kraft erlaubt, ernsthaft um
226 3587 1401 3651 Talente des Auslands gepflegt werden sollen, so in erster
2568 3619 3317 3701 das ethische Empfinden zerstört wird.
1408 3633 2578 3708 den imaginären Lorbeer bemühen. Nun haben wir von
223 3646 1401 3716 Linie die nationalen. Haben wir deren wirklich so wenige?
2663 3679 3351 3758 „Mit dem Ernst und der Anständig
305 3704 2577 3772 Zur Zeit der napoleonischen Zwingherrschaft klagte einer anderen, weit größeren Schar zu reden, der einige
2574 3741 3356 3805 die Poesie ihren gesundesten und feste
229 3735 2570 3828 einmal Scharnhorst in einem vertrauten Brief einem seiner! Inländer und viele Ausländer angehören. In Deutschland
