3344 4352
1158 243 1625 360 box 41/2
181 292 1003 403 1. Miscellaneons
1154 1753 3120 1863 sideler Brüder mit einem vierstimmig sein wollen=Musik, und wie die Ausläufer der Alpenberge bis
1166 1792 3121 1926 den, frischen Chor. Man merk, sie kommen vom jdicht an die Stadt herantreien, so zieht der gesunde,
1167 1845 3126 1976 Heurigen! Man merkts am Gang wie am Gesang. [fröhliche Ton des steirischen Ländlers und
348 1739 1183 1988 Feuilletonsei
1152 1897 3125 2023 [Den ersten Tenor reißt es ganz besonders erden= Schnaderhürflers als Grundton durch alle singen¬
443 1958 1026 2060 Wiener Musik.
401 1960 3116 2124 Von Dr. Richard Batka. “)¼wärts. Immer dünner wird der Ton, je höher er den und klingenden Lebensäußerungen des Wie¬
2142 1988 3118 2076 ners. Wenigstens des Vorstadtwieners. Da be¬
1157 2024 2148 2104 ihn in die oberen Regionen preßt. Jetzt schlägt er
2137 2029 3117 2123 gegnet man des Abends noch jeden Augenblick lust¬
320 2064 2147 2163 Sonntagabend. Schon sind die munter kläp= ollends um. Und da singt er nur noch in der
2133 2073 3136 2177 wandelnden Mädchen, die — immer zweistimmig
1177 2101 2150 2184 Fistel. Die zwei alten Drahrer, die in der Mitte
2136 2119 3129 2198 — ihre Gstanzeln singen, ja sogar das Singen auf
198 2135 1179 2223 pernden Fiaker und die drohend schnaubenden
821 2189 875 2222 1
209 2153 2153 2263 Automobile, welche die zahlungsfähigen Donau=lder Straße Arm in Arm dahersegeln, wollens
2141 2150 3143 2246 kärntnerische Art wobei die tiefere Stimme den
210 2193 2158 2296 phäaken aus Hüttel= und Purkersdorf den heimi- besser machen. Sie sind offenbar Alkoholyriker,
2141 2194 3121 2287 Ansinger der Melodie in der Oberterz mit Falset¬
215 2222 2155 2361 schen Penaten wiedergeben, an meinem Fenster sentimental, sie riskieren kein Stimmband, sondern
2148 2238 3131 2331 tönen begleitei, kann man an der Peripherie der
210 2285 2164 2401 vorübergerast und ich sehe den Fußgängern zu, die pfeisen selig, schwärmerisch, zweistimmig vor sich
2144 2294 3128 2374 Stadt noch alle Tage hören. In dem engen Zirkel¬
216 2320 2157 2433 nun teils scharen= teils paurweise den inneren chin: Tuliäh, duliäh! Nun ein Familienidyll.
2141 2338 3132 2418 tanz der mündlich überlieferten primitiven älpleri¬
1183 2377 2156 2461 Der Vater, höchst animiert, singt und tollt mit den
215 2395 1196 2487 Stadtbezirken zustreben. Da klingen kecke Fansaren.
1197 2385 3141 2476 nauchzenden Kindern um die Wette, die Mutter will schen Musikformen fühlt sich der Ur=Wiener noch
2159 2445 2583 2532 immer am wohlsten.“
218 2429 1209 2523 Da stiebt es heran. Ein Radfahrerklub der vom
217 2446 2158 2559 Ausflug heimkohrt. Bis nach Ober=St. Veit hinauf die Partei des Anstandes und der frommen Sitte
2251 2453 3134 2552 Daneben gibt es eine volkstümliche Wiener
1197 2493 2163 2574 ergreifen. Wird natürlich überstimmt. Allerhand
2163 2523 3140 2593 Musik, die nicht vom Volke selbst gesungen wird,
219 2522 1206 2595 sieht man die hellen, bunten Lampions, die jedem
1201 2543 2156 2616 Liebespaare passieren, süße Walzer summend, am
224 2560 1201 2646 Fahrer vorn am Rade baumeln, in langer Zeile
225 2563 3139 2683 leuchten. Wie ein Schwarm Johanniskäfer huschen Fenster vorbei. Allgemach wird die Menschenreihe die es aber gerne anhört, sich gern vorführen läßt,
1197 2611 3143 2708 dünner. Lücken treten ein. Lauter hallen die ein= die nichts improvisatorisches, nichts elementares
2158 2644 3138 2720 hat, die gedruckt zu haben, nuich für den Export be¬
223 2644 1207 2744 sie lautlos durch die graue Dämmerung. Kaum ist
225 2669 2169 2783 das Trompetengeschmetter in der Weite verhallt, gelnen Schritte. Ein einsamer Wanderer stapft da:
2151 2679 3142 2767 stimmt ist und bezeichnender Weise fast durchaus
228 2715 2151 2830 da humpelt eine schwere Karossade vorbei, acht lnoch des Weges. Er näselt: „Nur für Natur.“
2160 2742 3146 2808 von Juden herrührt. Ja von Juden, deren Wiege
1204 2744 2169 2847 Im Zeitalter Lehars und Leo Falls! Kommt jeden¬
220 2798 1214 2881 große, von einem Verein für diesen Tag gemietete,
222 2780 3151 2914 mit Lampions geschmückte, mit Frauen und Kindern falls aus dem Salon der Zurückgebliebenen. Er zumeist weit ienseits der Leopoldstadt, im fernen
2158 2813 2951 2917 Norden und Osten der Monarchie liegt.
225 2834 2173 2950 vollgepferchte Omnibusse. Inmitten des Zugs ein biegt um die Ecke. Mit einemmal Stille Plötzlich
2263 2841 3148 2931 Die Erscheinung ist merkwürdig genug, aber
237 2894 2173 2996 offener Leiterwagen, mit Reisig umwunden, drin weht aus dem entfernten Gasthaus der kühle Nacht¬
2169 2913 3149 2984 keineswegs vereinzelt. Das echte, alte Paris z. B.
240 2930 2166 3047 fünf wackere Musikanten wie besessen darauf los= wind irte Klavierklänge herüber. Aber man kann
2162 2951 3146 3033 vertritt in der Musik Auber. Sein Zusammenhang
230 2976 2173 3090 fiedeln und schrammeln. Die Gesellschaft in den nichts unterscheiden. Grob fährt ein Pfiff der
2164 2986 3158 3073 mit den Romanzen und Chansons Nordfrankreichs
242 3018 2172 3130 Omnibussen versucht dazu die Melodie zu singen. nahen Stadtbahn dazwischen. Gepolter. Bremsen¬
2159 3036 3150 3119 ist noch ganz ohrenscheinlich. Dann kommt der
237 3061 1928 3173 Nun lauteres Pferdegetrapp. Ein verspäteter Fiaker geknirsch. Ich schließe das Fenster.
1280 3077 3145 3166 Ja, sie sind ein Musilvölkchen par excellence, ldeutsche Kantorsohn Jakob Offenbach aus Köln an
2169 3122 3148 3200 die Seine und schafft als Jacques die Operette,
230 3138 1229 3205 fährt wie ein Blitz vorbei. Seine stark angefeuchte¬
240 3136 2177 3249 ten Insassen blasen auf Flügelhörnern begeistert ein die auten Wiener. Sie können nicht atmen ohne
2170 3153 3150 3247 schafft das, was wir heute in der Musik als
251 3232 2192 3300 weithin hallendes, infernalisches Quarteit. Im Nu Musik. Sie stellen noch die Prager tief in Schatten.
247 3204 3161 3347 verschlingt es die Ferne. Jetzt — eine Gruppe Sie haben ihre eigene, autochthone, volkstümliche I„pariserisch“ verstehen. In Wien wird die Phase
