3484 4192
1216 195 1273 265 M
272 208 1529 304 16.3. Die letzten
984 1824 1070 1929 Bar
1177 1823 1233 1931 ie
850 1963 1139 2081 21. 0Kr.
522 2076 1444 2169 Schnitzler=, Wildgaus=, Hofmanntsthal=Abend des
559 2153 943 2216 Raimund=Theate2.
557 2146 1419 2262 * Allerheiligen und Allerseelen wird das Rai¬
518 2212 1421 2312 mund=Theater mit einer Ehrung der österreichi¬
525 2288 1407 2351 schen Dichter Hofmannsthal, Schnitzler und Wild¬
525 2311 1421 2412 gans feiern. Es gelangen an diesen beiden Aben¬
534 2371 1417 2438 den die Einakter „Der Tor und der Tod“
523 2425 1434 2484 von Hugo v. Hofmannsthal, „Die letzten
531 2462 1430 2559 Masken“ von Arthur Schnitzler (beide unter
527 2518 1431 2592 der Regie von Stephan Hock) sowie „In Ewig¬
528 2564 1444 2647 keit Amen“ von Anton Wildgans (Regie Josef
536 2624 1102 2702 Glücksmann) zur Aufführung.
1676 190 2129 274 box 22/2
1985 723 2282 854 Das Eei
2019 857 2583 1006 Z6 GR1, 1534
1871 1003 2567 1120 Burgtheater fördert
1916 1105 2485 1205 Raimundtheater
1825 1176 2631 1252 Das Raimundtheater plant, wie be¬
1778 1224 2636 1306 reits gemeldet, am 1. November eine
1787 1281 2650 1345 Totengedenkfeier dreier großer
1782 1324 2632 1393 österreichischer Dichter: Hofmannsthal,
1781 1369 2639 1446 Schnitzler und Wildgans. Jeder der drei
1788 1416 2643 1487 Dichter wird mit einem repräsentativen
1800 1477 2297 1539 Einakter vertreten sein.
1869 1524 2610 1586 Diese Gedenkfeier ist nur durch das
1837 1579 2596 1634 Entgegenkommen des Burgtheaters
1837 1623 2602 1691 und insbesondere Direktor Röbbe¬
1827 1668 2604 1747 lings ermöglicht worden. Zwei der
1837 1721 2608 1779 Einakter nämlich, „Die letzten Mas¬
1833 1766 2603 1842 ken“ von Schnitler und „In Ewig¬
2138 1810 2609 1886 en Mildgans, befinden
1840 1823 2059 1899 leit
1840 1867 2603 1938 sich im Besitz des Burgtheaters, das
1838 1912 2609 1992 das alleinige Aufführungsrecht für
1840 1968 2606 2022 Wien hat. Direktor Röbbeling hat
1843 2010 2602 2090 jedoch in Anbetracht des würdigen
1836 2069 2607 2121 Zweckes das Aufführungsrecht dem
1837 2118 2618 2189 Raimundtheater für die Gedenkfeier
1838 2169 2100 2237 überlassen.
1852 2207 2669 2290 Die Aufführung verspricht aber auch
1798 2257 2654 2320 vom spauspielerischen Gesichtspunkt inter¬
1810 2301 2662 2377 essant zu werden. So tritt Direktor Paul
1801 2369 2656 2423 Barnay zum erstenmal nach
1810 2395 2666 2465 etwa eineinhalb Jahrzehnten
1809 2455 2668 2517 in Wien als Schauspieler auf;
1810 2497 2668 2561 er gibt den Untersuchungsrichter in „In
1809 2554 2666 2610 Ewigkeit, Amen“. Barnay begann seiner¬
1813 2602 2667 2659 zeit in Wien als Schauspieler an der
1811 2643 2671 2708 „Volksbühne“ unter Rundt. Er ging
1808 2700 2667 2755 dann nach Deutschland, wo er nicht nur
1813 2749 2672 2805 als Schauspieler, sondern vor allem auch
1810 2793 2666 2854 als Regisseur und Theaterdirektor
1812 2839 2385 2897 zu großer Bedeutung kam.
1861 2873 2672 2952 In den „Letzten Masken“ wird Egon
1828 2932 2666 2993 Friedell nach langer Zeit wieder auf
1819 2981 2662 3044 der Bühne auftreten, er spielt den Doktor
1820 3035 2674 3094 Halmschlöger, seine Partnerin ist Irene
1829 3088 2669 3138 Seidner. Die Dworzak in dem Wild¬
1829 3124 2663 3190 gans=Einakter spielt Lotte Lang. Im
1823 3179 2671 3234 Hofmannsthalschen „Der Tor und der
1832 3228 2677 3278 Tod“ wird Walter Firner, der den
1823 3280 2668 3336 Wienern als Leiter und Schauspieler der
1834 3310 2678 3373 Oesterreichischen Volksbühne bekannt ist,
1833 3370 2462 3423 die Rolle des Todes darstellen.
1865 3397 2675 3471 Das Raimundtheater will mit dieser
1816 3456 2676 3534 Gedenkfeier, die — von einer Miedes¬
1812 3536 2664 3615 holung abgesehen — durchaus als ein¬
1812 3595 2559 3656 malige Veranstaltung
1805 3621 2663 3710 werten ist, die drei größten österreichischen
1814 3697 2656 3760 Dichter einer knapp vergangenen Epoche
1814 3744 2659 3801 ehren und sie wieder einem breiteren
1813 3778 2651 3858 Publikum würdig in Erinnerung bringen.
