3484 4192
717 133 2476 171 ten die gleiche innere Linie der Lebenssehn= Leid, aber herrlich auch jetzt noch und unzer¬
1825 130 2477 214 der Kraft seiner Liebe zu den
712 151 1826 224 sucht und der Daseinsangst. Nur hat der Edel= störbar in
1593 188 1807 257 Menschen.
720 187 1594 252 mann Claudio, der da hinübergeht, keinen
1849 205 2447 294 Oskar Maurus Fontana.
710 228 1601 302 Lebensinhalt, er ist ein Tor darum auch ist
716 273 1609 351 sein Sterben nicht tragisch, sondern nur ele¬
707 315 1596 391 gisch. Erst da aus dem Tor Jedermann wird,
710 355 1607 437 gewinnt Hofmannsthal die große Erschütte¬
710 404 1601 464 rung, findet er aus seinem Ich heraus zum
710 442 1607 519 Volk. Man erinnert sich da an Rilke, der der
715 486 1609 553 unvergeßlichsten Augenblick seines Lebens der
705 542 1598 591 benennt, als ihn eine alte Bäuerin in Ruß
703 572 1598 641 land umarmt und zu ihm sagt: „Auch du bis
702 614 1600 688 wohl nur Volk.“ Es war auch das Erlebnis
713 646 1605 739 das Hofmannsthal bis zuletzt am inbrünstig
713 708 1599 771 sten gesucht hat. Für die Empfindungs
708 748 1607 810 schwelgerei der romantischen Verse Hofmanns
718 791 1595 843 thals haben die Schauspieler des Raimund
715 833 1606 905 Theaters kein Organ, in des Wortes wirk
704 877 1608 931 licher Bedeutung. Glanzlos bleibt alles, aus
704 919 1600 977 dem Gedicht wird kleingehackte Prosa. Dabe
711 957 1597 1038 grenzt die Regie Stephan Hocks die Schatter
717 998 1596 1064 von dem Leben nicht deutlich genug ab, si
717 1045 1606 1111 fließt alles stimmungslos ineinander über
703 1095 1599 1149 Hans Frank als Claudio wirkt wacker, abe:
720 1128 1600 1195 nicht mehr. Walter Firner als der Tod is
721 1173 1590 1235 nicht „aus des Dionysos der Venus Sippe“
718 1213 1611 1284 sondern der Seminardirektor einer Lehranstal
714 1259 1603 1329 für Sterben. Blanka Pechy als die Mutter ha
716 1301 1613 1388 einen guten Ton, aber nicht den Mut zu einer
721 1356 1037 1423 „alten“ Maske.
866 1380 1598 1461 „den letzten Masken“ triumphier
759 1408 865 1464 In
712 1432 1612 1508 Axthur Schnitzlers Meisterschaft, Leben ir
715 1485 1627 1543 seiner menschlichen Vielfalt und in seiner
713 1516 1612 1583 seelischen Transparenz auf einen kleinster
714 1555 1614 1628 Raum zusammenzudrängen, heute ebenso wie
708 1601 1609 1668 vor Jayren. Da ist kein Altern zu merken.
722 1638 1618 1728 Nur in den technischen Kleinigkeiten könnte
717 1709 1616 1755 Schnitzler von der heutigen Dramatiker¬
722 1735 1626 1803 generation etwas lernen, so läßt sie heute
714 1767 1629 1857 keinen Wagen mehr abschicken, um jemand zu
721 1829 1616 1884 holen, sondern sie läßt einfach telephonieren.
724 1866 1629 1936 Sonst aber haben die gegenwärtigen Drama¬
727 1905 1620 1966 tiker alles von Schnitzler zu lernen: seinen
725 1951 1616 2003 Griff ins Dasein, seine Sicherheit, rasch den
729 1992 1618 2059 Figuren Profil und Hintergrund zu geben,
729 2030 1631 2105 seine Kunst, hinter der gelebten Wirklichkeit
726 2078 1614 2152 immer wieder traumhafte, ungelebte Möglich¬
719 2121 1621 2190 keiten ahnen zu lassen. Es ist ein kleines
725 2157 1627 2233 großes Meisterwerk dieser Art von der Tragi¬
728 2209 1630 2268 komödie eines einsamen Sterbens das nicht
732 2236 1627 2315 mehr Rache am Leben nehmen will, sondern
729 2290 1624 2370 nur noch still auslöscht in den Frieden, in die
729 2337 1616 2401 Gnade hinüber. Die Regie Stephan Hocks mit
733 2380 1621 2444 ihren Willen zur flackrigen Gespenstigkeit
729 2418 1631 2493 findet hier durch die Schauspieler mehr Unter¬
734 2460 1636 2528 stützung als bei Hofmannsthal, sie fühlen
730 2505 1627 2570 festen Boden unter ihren Füßen, sie brauchen
722 2540 1635 2619 sich nicht mehr als Burgtheater in Gumpen¬
730 2593 1627 2665 dorf zu geben, sie können wieder Raimund¬
733 2648 1639 2698 Theater sein. So wirkt Manfred Inger als
729 2678 1629 2748 Sterbender schlicht und wienerisch, so ruft
730 2716 1619 2790 Theodor Danegger alle Geister des Volksstück¬
730 2758 1625 2829 Lachens auf, wobei er in seinem kleinen Kaba¬
729 2809 1626 2882 rett nur vergißt, daß sein Mime ein vom Tod
727 2848 1627 2917 Gezeichneter ist Er gibt Komik der Gesund¬
731 2885 1625 2954 heit, nicht den Humor der Gespenstigkeit. Hans
740 2926 1633 3002 Frank svielt den Dichter mit sicherem Ton.
729 2978 1638 3042 Wenn aber schon Friedell aufgeboten ist, der
736 3016 1632 3081 einen Arzt in seiner nonchalanten Art hin¬
739 3058 1630 3135 plaudert, warum svielt er nicht den berühm¬
738 3105 1633 3157 ten Dichter? Er ist mit so vielen berühmten
734 3151 1625 3210 Dichtern in seinem Leben beisammen gewesen,
731 3190 1628 3277 daß es ihm und uns sicher ein Spaß wäre,
743 3221 1645 3311 wenn er dieses Wissen um den Ruhm indiskret
738 3287 1238 3351 lustig darstellen könnte.
780 3331 1632 3385 Anton Wildgans hat sein Gerichtsstück „In
745 3373 1639 3452 Ewigkeit Amen“ in seinem Beginn gedichtet,
744 3416 1642 3479 als er das Leben noch mit „Servus“ begrüßte
741 3456 1641 3531 und nicht feierlich wie sväter mit „Ave“. Da
747 3491 1649 3564 hört Wildgans aus Dissonanzen die spröde
750 3539 1638 3601 Wortmusik der Wiener Vorstädte, da sieht er
745 3563 1656 3659 das Leid der armen gequälten Kreatur, da
736 3634 1648 3688 gewinnt die geliebte Stadt, der er zugehört in
756 3671 1651 3741 Not und Verhängnis wie in ihrem Süßen und
741 3708 1643 3788 ihren Rausch, menschliche Gestalten da wird
744 3760 1650 3817 er der Dichter der Armen: „Sie dürfen nur
751 3802 1643 3875 Zeichen tun, als lebten sie“, aber auch der
754 3835 1649 3910 Dichter der kleinen Dinge des Glücks. der Er¬
751 3885 1646 3949 sölung, der Menscherliebe: „Von diesen
739 3930 1642 3988 kleinen Dingen leben wir nicht von den
758 3962 1640 4037 großen die so selten kommen“ Das Raimund¬
747 4009 1655 4090 Theater gibt den theaterstarken und dichterisch
742 4063 1631 4152 schönen Akt unter der zeichnerisch eindring
2503 118 2633 175 ete anenner
