3484 4224
1467 250 1531 308 II
286 241 1537 347 16.3. Die letzten Nasken.
354 1229 727 1319 Mlle Fusier
827 1309 956 1397 *
412 1388 1387 1446 L'(Euvre a donné un tableau psychologique,
367 1435 1400 1510 sensiblement imité des réalistes français, par
378 1479 1395 1566 Arthur Schnitzler. Cette moralité a permis à
373 1534 1399 1608 M. Lugné-Poé de composer un admirable por¬
373 1581 1394 1655 trait dhomme de lettres viennois, arrivé, im¬
372 1616 1400 1704 portant, content et chauve comme un gros
371 1665 633 1735 bourgeois.
411 1723 1377 1796 On a joué ensuite un poème de M. Allou,
368 1762 1376 1839 Ariane biessée. Ce poème abonde en beaux vers,
361 1814 1368 1890 Tet qui sont vraiment vers de poête d’une ma¬
375 1870 1379 1932 tière fine, et animés d’une belle image. Qulils
367 1908 1373 1988 défendent la piece contre toute critique! II faut
365 1969 1384 2023 adorer les déesses méme dans les temples ou
374 2017 1384 2068 elles sont voilées. Regrettons seulement que
361 2069 1384 2121 l’invention de l’ouvre soit à la feis un peu
367 2097 1387 2175 naive et un peu saugrenue. Regrettons aussi
362 2166 1383 2228 que les interprêtes aient bizarrement boulé
368 2194 1384 2276 les premiers actes. Au troisième, Mlle Sergine,
361 2252 1382 2320 blonde, vétue d’une tunique et coiffée de bou¬
371 2291 1435 2370 clettes, a été, comme elle est toujours, admi-|!
351 2327 817 2408 rable de sentiment.
466 2443 881 2606 COht.
582 2573 1079 2711 Heun Pune
1649 226 2149 318 box 22/2
1450 1166 3190 1238 ine liberté relative. II était le maire du ##le théätre Antoine, une comédie d’Arthur
2291 1221 3194 1288 Schnitzler, Les Masques, qui est d’un tres
1454 1230 2287 1290 lais qui défend contre leurs ennemis
1474 1282 2285 1320 rois fainéants. Ainsi MM. Tristan Ber¬
2299 1271 2679 1329 puissant intérét.
1459 1309 2288 1361 rd et Jean Schlumberger nous appren¬
2294 1293 3185 1360 Un journaliste se meurt dans um höpital.
1457 1350 2279 1399 nt que, pour étre tranquilles, nous de¬
2292 1354 3188 1406 II ne veut point rendre le dermier soupi:
1444 1389 2284 1444 ms nous inchiner devant les puissances
2301 1400 3182 1446 sans avoir revu un de ses amis qui est un
1450 1432 2288 1483 ganisatrices. C’est une comédie qun
2292 1416 3193 1476 écrivain célèbre, qui est riche et célebre. 11
1447 1468 2281 1517 mte la dischpline sociale, la hiérarchie,
2306 1476 3190 1524 veut lui dire sa haine et le laisser dans
1463 1503 2292 1555 il ne serait pas difficile de prouver que
2291 1508 3189 1561 le désespoir en lui apprenant qu’il a été
1465 1539 2289 1587 titre n’est point aussi tromneur qulil
2293 1541 3200 1595 jadis l'amant de sa femme. Aime celi qui
1424 1585 2293 1626 emble. Je me change méme de démon¬
2306 1577 3202 1629 a été vaineu dans la vie se vengera du
1426 1623 2282 1670 rer que cette petite comédie exalte le
2293 1611 3200 1675 sort injuste. Mais le rival est venu. II.se
1427 1663 2287 1711 zouvernement fort qui défend la famälle,
2306 1669 3200 1707 plaint de ses déceptions, Ii n’est pas aussi
1412 1693 2293 1757 jui est favorable à l’épargne et tient en
2292 1695 3195 1747 heureux qu'on peut le croire. Les jeunes le
1382 1724 2291 1793 Prespect Tétranger. Champel ne joue-t-l
2297 1741 3197 1789 tiennent en mépris. II doute de sa valeur,
1387 1770 2287 1830 pbas ce röle chez M. et Mme Petit-Lubin?
2291 1766 3201 1837 de son auvre. II n’a qu'une comsclation:
1438 1804 2285 1857 1 prodigue ses soins à Ponche Burette.
2304 1807 3205 1859 sa fidele épouse. Le joumaliste qui va
1380 1811 2290 1903 H ui représente à la fois la famülle et
2296 1841 3194 1905 mourir n’a pas le courage d’accomplir
1382 1874 1439 1922 S
1433 1887 2291 1940 „Institut; il s’oppose aux tentatives des
2289 1883 3203 1934 Thorrible action qu’il a préparée. II ne
1440 1921 2284 1971 peurs; il ne laisse point entrer dans la
2301 1920 3197 1984 ressent plus la méme jalousie puisque son
2225 1942 2273 1982 425
1440 1955 2287 2006 alson les marchands de bibelots exota¬
2304 1971 3142 2020 confrère n’a pas le bonheur. II se tait.
1454 1993 2286 2054 es. Champel est conservateur et pro¬
2328 2002 3195 2054 Dans le mème höpital, il v a un acteur
1461 2034 2282 2098 Stionniste. Champel est grand comme
2299 2032 3199 2089 qui imite tout le mönde, qui grimace, qui
1475 2077 1707 2135 tradition.
2293 2074 3205 2124 se croit guéri et qui n’existera plus dans
2300 2116 3200 2175 huit jours. Ce personnage précise la pen¬
1468 2112 2281 2175 I. Joffre, qui le représente, est d’une ad¬
2296 2144 3198 2204 sée de l’auteur. Nous portons tous des
1473 2171 2295 2212 rable dignité. La pièce est d’ailleurs re¬
2307 2203 3192 2244 masques comme les anciens personnages
1476 2209 2298 2255 rquablement jouée. II est impossible de
2298 2239 3198 2279 du théätre, — masques joyenx, masques
1474 2249 2287 2290 onnaitre Jean Dax. Ilfait du cousin
2295 2267 3202 2326 mélancoliques. Ces masques ne tombent
1482 2286 2284 2324 déric ume caricature enorme et cepen¬
2307 2298 3199 2371 que rarement et nous demeurons étonnés
1480 2322 2296 2379 t le personnage n’est pas invraisembla¬
2305 2352 3206 2400 en apercevant les vrais visages. Nous ne#
1504 2358 2299 2406 M. Lérand, — Petit-Lubin. — est léger
2308 2381 3202 2442 commaissons méme plus nos propres figu¬
1469 2389 2296 2442 amusant; il n’insiste pas aur les effets.
2306 2418 3202 2470 res, — notre véritable nature, — et cette
1451 2431 2294 2490 ine Marguerite Caren, — Mane Petit-Lu¬
2312 2452 3220 2517 comédie est profonde et poignante. I con¬
1433 2471 2300 2532 m. — joue aussi aven vérité & Mme Ellen
2308 2493 3201 2554 vient de féliciter MMl. Valentin et Rémon
1408 2523 2201 2575 Andrée est une étonnante enlisinière.
2303 2543 3210 2589 qui Tont traduit, MM. Dhurial, Henri Rol¬
1455 2523 2304 2597 Et je crois bien que cette comédie doit
2301 2567 3203 2640 Jan et Lugné Poé qui T’ont supérieurement
1430 2593 2301 2644 attirer la foule; car eile plaira anx fem¬
2304 2618 2459 2682 jouée.
1425 2630 2289 2693 mes: elles adorent les histoires de domes¬
1423 2672 1599 2734 tiques.
2336 2649 3201 2717 L (Euvre a représenté ensuite un poème
1777 2700 1952 2759 Kiter
2310 2709 3195 2763 dramatique en trois actes de M. Mauriee
1400 2745 3208 2839 I L EEurre nous a donné, en matinée, sur ! Allou, — Ariane biessée. II ne s’agit point
1830 2915 3015 2985 K egtatete
