3484 4224
1627 234 2080 336 box 22/2
217 233 1467 335 16.3. Die letzten Nasken
1259 1131 1788 1209 REUUE DE LA OUINZAINE
2086 1127 2185 1208 849
898 1237 2179 1304 & C’est avec une certaine curiosité que j'allai voir la pièce de
851 1280 2175 1342 M. Schniler, les Derniers Masques: j’ai lu récemment en manus¬
852 1336 2185 1388 crit la traduction de sa dernière cuvre, le Pays Myslérteug, que
841 1384 2191 1432 deux de mes meilleurs amis viennent d’achever, et j’y avais trouvé
848 1448 2190 1499 assez de qualités pour m’intéresser à cet aufeur, dont la réputation
852 1483 2180 1540 est tres grande dans les pays germaniques. On ne peut évidemment
842 1531 2182 1579 porter un jugement certain sur le talent d’un écrivain de cette valeur
857 1576 2183 1646 quand il ne s’agit que d’une piéce en un acte. Mais peut-étre plus
848 1625 2171 1692 que le sujet en Jui-méme, ce qui m’a frappée, c’est l'habileté scéni¬
851 1682 2186 1725 que avec laquelle il est traité, aver laquelle est dosée la gradation de
854 1723 1064 1783 T’intérét.
893 1765 2183 1842 4 Dans un höpital, nous voyons deux mourants, — un jeune
845 1824 2191 1889 acteur qui se refuse à se croire au terme de la vie, qui jusqu’au
844 1875 2192 1941 bout portera son masque de gaieté et d’espoir; l’autre, au contraire,
853 1918 2186 1977 Rademacher, un journaliste ägé, un raté qui prévoit sa mort pro¬
855 1973 2173 2028 chaine, veut enfndécouvrir son vrai visage, et il oblient du docleur
848 2033 2176 2083 qu’on lui aille chercher un ancien ami de jeunesse, un romancier
856 2065 2174 2130 célebre. II ne veut pas mourir sans lui faire une révélation impor¬
846 2104 2176 2164 tante. Notre attention s’éveille; cet homme aigri ne nous est guère
849 2166 2181 2227 sympathique, mais l’annonce d’une révélation pique notre curiosité.
853 2211 2184 2284 Le jeune acteur est comme nous; il conseille, en souriant, une répé¬
847 2262 2182 2312 tition au mourant; que Rademacher crie ses griefs, pour n’étre pas
856 2311 2179 2361 intimidé Je moment venu; T’acteur #era ie röle de lami:ses mols
844 2360 2179 2414 de sympathie hypocrite, puis ses airs de défi amènent le mourant,
845 2407 2180 2449 dans un accès de rage, à hurler le secret. Ce romancier triomphant,
853 2458 2185 2510 orgueilleux, qui se croit supérieur à Rademacher, a une femme, et
853 2500 2188 2548 cette femme, jadis, écccurée par son égoisme et sa pelile vanité,
844 2557 2193 2623 appartient à Rademacher, a été deux ans sa maftresse, lui a écrit et
847 2599 1397 2657 crié son dégodt de Tautre.
898 2647 2175 2710 & Volci l’ami de jeunesse. Est-il tel que nous le faisait prévoir
841 2696 2179 2755 Rademacher? Cordial et méme assez bonasse, il nous semble bien“
838 2755 2165 2810 percer dans ses prévenances le secretorgueil d’étre celut qut oblige.
879 2793 2172 2859 g Egoiste, certes, et vaniteux, il ne peut se retenir de parler de par¬
836 2840 2181 2897 ler sans cesse de lui-mème; mais triomphant, non. Il raconte ses
835 2888 2173 2939 tristesses, ses déceptions: sa gloire diminue, les jeunes le renient,
896 2938 2169 3005 au fond,il ne serait pas plus heureux que Rademachers’il n’avait
840 2987 2180 3041 sa femme qui l’aime, l'admire, le réconforte.,. Comme la vengeance
839 3039 2185 3099 sera douce dans ces circonsiances! anxieusement nous attendons la
838 3085 2168 3138 grimace de l'autre se démasquant, l'affreuse grimace brate qui de¬
843 3130 1615 3199 truira le dernier bonheur de l’écrivain.
878 3182 2173 3243 g Rademacher se tait, l'ami s’en va; — pourquoi n’a-t-il pas
832 3231 2169 3297 parlé? est-ce remords devant les affres cordiales de l’ami, devant
840 3290 2183 3343 ses confidences si simplement faites? est-ce la pitié, remplaçant
845 3322 2172 3377 l’envie, qui lui clôt la bouche? — M. Schnäler aime, je crois, ccs
1985 3387 2076 3466 54
