3484 4128
1177 130 1280 191 Ma
1682 120 2142 217 box 22/2
270 131 1532 236 16.3. Die letztennasken
1268 1010 3332 1101 la meilleure société de Londres; ils consi-trop vaguement, laissent notre curiosité insa¬
281 1040 1294 1129 FEUILLETON DU Temps
1271 1089 3335 1139 dèrent comme une bonne fortune la pré- tisfaite. Une certaine gräce mélancolique flotte
568 1106 981 1172 Du 8 AvRP 1912
2288 1111 3328 1180 autour de ce drame, situé à mi-chemin de la
1268 1132 2300 1191 sence de cette sémillante Française; car
2286 1161 3329 1230 réalité et de la fiction dans la région indétermi¬
1272 1175 2304 1233 Mioche est aimable: le mal qu'elle endure
2296 1211 3325 1256 née du romanesque. Il est fort bien joué par
1273 1208 2305 1275 n’altère pas son enjouement; au contraire il
2288 1232 3332 1316 M. Becman, par M. Roger Vincent, par Mlle
1277 1258 2301 1322 surexcite sa gaieté, il exaspère son désir de
248 1261 1277 1358 OfkOAICOL AHEATKAHE
2302 1283 3334 1356 Ellen Andrée. Mlle Polaire verse dans le per¬
1280 1305 2304 1368 vivre. La connaissance est bientôt faite. On rit,
2290 1328 3334 1395 sonnage de Mioche tout ce qu'il y a en elle
1267 1345 2303 1403 on flirte un brin; on s’amuse. L’humeur ga¬
2300 1372 3340 1441 d’ardeur, de sincérité, et de soif de perfection.
1276 1383 2308 1449 mine de T’actrice se divertit aux dépens de la
249 1400 1274 1488 VAupEvILLE: Mioche, 3 äctes de M. Pierre Berton.
2295 1424 3335 1493 Mais elle ne possede pas ce don de l’émotion
1272 1435 2311 1494 vénérable et arrogante épouse du pasteur Cor¬
339 1453 1284 1534 — On nait esclave, 3 actes de MM. Tristan Ber¬
2292 1453 3336 1519 communicative qui fait que sans qu’il sache
1275 1467 2307 1543 bett. Une secrête sympathie la rapproche d’un
285 1493 877 1566 nard et Jean Schlumberger.
2295 1510 3331 1575 pourquoi, le spectateur sent son cceur près de
1281 1513 2298 1571 de ses nouveaux amis, le duc George Seagrave.
235 1537 1279 1621 L’(Euvar: Les Derniers masques, 1 acte de
2298 1554 3330 1615 fondre, ses larmes pres de couler. Mlle Polaire
1273 1561 2305 1620 Mioche est en train de devenir amoureuse.
280 1581 1282 1648 M.. Schnitzler. — Ariane blessée, 3 actes de
2297 1596 3337 1649 donne l’impression d’ètre plus intelligente et
1278 1604 2310 1661 Pour la dernière fois, son ccur va parler. Le
287 1627 712 1700 M. Maurice Allou.
2306 1644 3334 1693 originale que sensible. II semble qu’elle soit
1273 1653 2301 1712 duc ne se doute guère du sentiment qu'il ins¬
2298 1682 3334 1757 incapable d’exprimer des choses simples. Elle
1273 1695 2302 1745 pire. Prévenu par le médecin de l’état déses¬
285 1678 1283 1741 M. Pierre Berton appartient à une généra¬
2294 1716 2921 1803 n'a pas la  voix mouillée #.
1277 1736 2313 1803 péré de la. pauvre fille (elle n’existera plus de¬
251 1739 1291 1796 tion qui subissait l’empreinte encore proche et
1278 1786 2306 1841 main), il lui cede sa cabine, l’v installe, l’en¬
262 1782 1282 1840 vivante du romantisme. Acteur, il interpréta
2337 1800 3346 1872 Nous n'avons pas une seule grande pièce sur
1282 1820 2319 1889 toure de soins attentifs et délicats; elle se
247 1837 1290 1885 avec feu la Dame aug camélias et quelques-uns
2306 1855 3349 1923 les domestiques. Molière campe, il est vrai, au
1276 1861 2312 1917 méprend sur le caractère de cette sollici¬
254 1867 1282 1932 des drames les plus violents de Victorien Sar¬
2298 1899 3345 1957 premier plan, ses valets et ses suivantes. Mas¬
1277 1911 2309 1969 tude, ne s’aperçoit pas qu’elle est due à la
253 1915 1285 1974 dou; nous nous rappelons les vibrations de sa
2297 1937 3340 2004 carille, Scapin mènent tambour battant l’intri¬
1282 1939 2314 2025 pitié plutôt qu'à la tendresse. Seagrave veut
263 1953 1284 2015 diction véhémente et martelée, la tension de
2300 1986 3336 2043 gue de l’Etourdi et des Fourberies. Dorine unit
1278 1997 2310 2047 adoucir la fin de l’infortunée et aussi rame¬
260 2002 1284 2061 ses nerfs, la frénésie de son jeu. Auteur, il
2304 2021 3336 2094 Marianne et Valère; Toinette fait enrager le
1287 2024 2304 2105 ner à Dien l’äme de cette inconsciente etinoffen¬
260 2042 1292 2102 écrivit Zaza, pièce attachante et gaie, habile¬
2304 2074 3351 2131 bonhomme Argan.Le Dubois de Marivaux con¬
1287 2081 2312 2144 sive pécheresse. II requiert vainement l’assis¬
253 2084 1296 2164 ment composée, très scénique, empreinte de
2304 2112 3340 2170 duit par des moyens savants son jeune maitre
1280 2135 2316 2205 tance du vindicatif Corbett; sur son refus, il se
260 2122 1292 2191 cette vérité théátrale qui n’est pas la vérité hu¬
2303 2164 3335 2220 au mariage. Figaro prépare la Révolution fran¬
1294 2163 2319 2224 charge lui-méme du divin office; il ouvre la
256 2162 1296 2233 maine, mais en donne T’illusion au public su¬
2302 2205 3345 2256 çaise. De nos jours, il n’est pas un vaudeville
1289 2210 2317 2281 Bible. et tandis qu'il murmure une prière, la
255 2211 1294 2279 perficiel. M. Berton recherche les contrastes; il
2316 2244 3352 2312 ou ne défile le minois de l’élégante femme de
1286 2256 2314 2314 malade s’éteint. Elle meurt en beauté, les
265 2260 1293 2321 use del’antithèse; il se plait à peindre les mise¬
2309 2285 3356 2355 chambre — future cocotte — et de la petite
1291 2298 2315 2363 mains jointes, sans un hoquet, sans un räle,
256 2298 1299 2367 res que dissimule l’apparence du bonheur. Sa
2307 2343 3351 2402 bonne à tout faire. Mme de Girardin a peint
1287 2347 2327 2405 dans une nobie attitude. C’est une d mort de
268 2351 1304 2405 sensibilité tourne assez aisément à la sensible¬
2308 2377 3340 2438 sous les traits du vienx Noöl la fidélité.
1289 2392 2310 2446 théätre n idéalisée, un peu etruquée v, arran¬
264 2397 1296 2454 rie. L’agonie de la Mimi de Murger quittant ce
2309 2412 3356 2481 Sans ceux de M. Vatel, Augier et Sandeau
1292 2423 2313 2500 gée de façon à n’offrir qu'une édifiante et tou¬
261 2435 1293 2493 monde au moment ou, après de longues épreu¬
2320 2469 3340 2524 ont symbolysé la majesté de l'# artiste culi¬
1291 2472 2319 2527 chante image. Et tout cela, assurément, est
263 2466 1291 2530 ves, elle se croit aimée, lui paraft étre le comble
2312 2503 3352 2571 nairen, gonflé de son importance et fier
1288 2517 2324 2579 artificiel. Mioche aime comme on aime dans les
270 2516 1295 2585 du pathétique. Mioche est une autre Mimi.
2314 2540 3354 2617 de son nom. Assez souvent nos humoristes
1299 2564 2323 2627 romances, en avril quand éclosent les lilas, et
259 2552 1292 2623 Montmartróise d’origine, née du peuple, petite
2374 2583 3307 2656 et particulièrement M. Max Maurey —
1295 2607 2319 2660 en automne quand les feuilles tombent; une
260 2610 1303 2668 ouvrière fleuriste, douée d’une figure et d’une
2308 2626 3348 2692 ont raillé la friponnerie des chauffeurs qui
1296 2641 2321 2708 semaine detraversée suffit pour que commence
265 2652 1301 2718 taille agréables, elle a songé naturellement à
2312 2683 3356 2743 poussent à la dépense, l'avidité des cuisinières
1291 2693 2315 2750 et s’achève cette évolution sentimentale. Etjene
271 2689 1296 2753 se faire comédienne. Des amis l’ont poussée
2312 2722 3356 2794 expertes à faire danser l’anse dupanier. Maisce
1293 2734 2325 2798 dis pas qu'ellesoit inadmissible. Maisencoreeüt-
278 2740 1291 2795 vers les tréteaux d’un beuglant; jls T’ont bapti¬
2316 2769 3360 2817 ne'sontlà qu’épigrammes légères etquesfigures
1296 2777 2321 2837 ilfallu l'analyser avec un peu plus de finesse et
273 2778 1301 2846 sée d’un nom e distingué „, Rose d’Arcy, puis
2315 2806 3347 2868 épisodiques, vues d’un peu haut, du dehorstet
1295 2814 2327 2881 de précision, expliquer ce qu’éprouve l’héroine,
269 2837 1297 2902 d’un nom plus familier, plus gentil, Mioche.
2317 2853 3346 2916 non du dedans. Nul auteur n’arobsenvé attenti¬
1295 2846 2331 2919 Ice qu'elle espère, et pareillement mienx éclai¬
276 2876 1293 2930 & C’est comme qui dirait une gosse, un lardon,
2319 2903 3351 2955 vement les meurs de la domesticité et##’en a
1291 2901 2323 2966 rer la psychologie de Seagrave, élucider les
277 2899 1301 2975 quelque chose de rigolo qui ne tient pas en
2321 2941 3345 3006 tiré la matière d’une étude spéciale. Les Son¬
1294 2952 2337 3007 mouvements qui se succèdent en lui. Cette pas¬
273 2951 1301 3028 place, qui n’a pas d’importance. Pour un bout
2322 2963 3358 3036 nettes de Meilhac et Halévy, En visite de Henri
1309 2990 2323 3054 sion subite a lieu de le surprendre. Dans quelle
277 3002 1305 3060 de femme comme moi, c’était bien ce qu'il
2324 3024 3349 3080 Lavedan sont de spirituelles esquisses. Dans
1299 3031 2320 3096 mesure etde quelle manière en est-il remué? Età
284 3045 1305 3104 fallait, ne trouvez-vous pas?: Mioche a chanté
2322 3072 3354 3130 la heute, voilà presque quinze ans, M.Abel
1301 3075 2322 3135 quels scrupules obéit-il? Qui est-il en somme?
271 3088 1307 3143 la chansonnette en province, à l’étranger, dans
2325 3108 3353 3169 Hermant ayant reproduit au naturel sur lä
1300 3118 2329 3185 Un piétiste? Un puritain? Un apôtrc? Ou tout
284 3137 1297 3192 les colonies. Dévorée par la phtisie, à bout de
2314 3154 3353 3226 scène les propos des laquais et des cochers de
1301 3168 2326 3223 bonnement un gentleman esclave du cant, sou¬
275 3172 1307 3236 forces, impatiente de regagner Paris, de revoir
2318 3187 3362 3264 la chaute y, ce tableau déchaina un effroyable
1297 3207 2325 3272 cieux des convenances, respectueux des tradi¬
282 3209 1311 3291 la Butte natale, elle s’embarque en rade de Sin¬
2318 3234 3358 3295 tumulte, éveilla les susceptibilité du prince de
275 3249 2339 3318 gapour, à bord d’un paquebot anglais. Elleytions? Ainsi, beaucoup d’interrogations, aux¬
282 3322 3378 3387 rencontre de jeunes officiers, appartenant àquelles M. Berton ne repond pas, ou répond Sagan et donnalieu à unduelquipassionna toüt
