<?xml version="1.0" encoding="UTF-8" standalone="yes"?>
<PcGts xmlns="http://schema.primaresearch.org/PAGE/gts/pagecontent/2013-07-15" xmlns:xsi="http://www.w3.org/2001/XMLSchema-instance" xsi:schemaLocation="http://schema.primaresearch.org/PAGE/gts/pagecontent/2013-07-15 http://schema.primaresearch.org/PAGE/gts/pagecontent/2013-07-15/pagecontent.xsd">
    <Metadata>
        <Creator>prov=University of Rostock/Institute of Mathematics/CITlab/Gundram Leifert/gundram.leifert@uni-rostock.de:name=ONB_Newseye_GT_M1+(htr_id=10810)::::v=2.4.2
prov=University of Rostock/Institute of Mathematics/CITlab/Tobias Gruening/tobias.gruening@uni-rostock.de:name=de.uros.citlab.module.baseline2polygon.B2PSeamMultiOriented:v=2.4.2
prov=University of Rostock/Institute of Mathematics/CITlab/Tobias Gruening/tobias.gruening@uni-rostock.de:name=/mnt/transkribus/LA/DEA/URO/LA_news_onb_att.pb:de.uros.citlab.segmentation.CITlab_LA_ML:v=2.4.2
Transkribus</Creator>
        <Created>2019-10-07T11:34:54.708+02:00</Created>
        <LastChange>2019-10-08T12:44:19.075+02:00</LastChange>
        <TranskribusMetadata docId="223977" pageId="9499799" pageNr="5" tsid="16574820" status="IN_PROGRESS" userId="40391" imgUrl="https://files.transkribus.eu/Get?id=YCCCEMUEKKQLKBSBKTITFLGS&amp;fileType=view" xmlUrl="https://files.transkribus.eu/Get?id=SDSTBHUWYJWOYELSUJYKUYYV" imageId="6190021"/>
    </Metadata>
    <Page imageFilename="223977_0005.jpeg" imageWidth="3484" imageHeight="4192">
        <ReadingOrder>
            <OrderedGroup id="ro_1711449446435" caption="Regions reading order">
                <RegionRefIndexed index="0" regionRef="r1"/>
            </OrderedGroup>
        </ReadingOrder>
        <TextRegion orientation="0.0" id="r1" custom="readingOrder {index:0;}">
            <Coords points="303,296 303,3613 3082,3613 3082,296"/>
            <TextLine id="r1l1" custom="readingOrder {index:0;}">
                <Coords points="1216,329 1242,331 1248,324 1253,324 1258,329 1272,329 1276,324 1292,324 1292,273 1216,273"/>
                <Baseline points="1227,319 1254,316 1281,319"/>
                <TextEquiv>
                    <Unicode>M.</Unicode>
                </TextEquiv>
            </TextLine>
            <TextLine id="r1l2" custom="readingOrder {index:1;}">
                <Coords points="923,331 992,334 1001,329 1006,333 1043,330 1043,274 974,274 960,265 920,267"/>
                <Baseline points="933,323 958,325 983,324 1008,322 1033,321"/>
                <TextEquiv>
                    <Unicode>1.2</Unicode>
                </TextEquiv>
            </TextLine>
            <TextLine id="r1l3" custom="readingOrder {index:2;}">
                <Coords points="291,347 1505,363 2153,333 2167,289 1745,259 1576,316 1386,265 1271,327 1147,286 916,331 700,273 290,289"/>
                <Baseline points="303,332 395,337 488,341 580,343 673,345 766,347 858,347 951,347 1043,346 1136,345 1229,344 1321,342 1414,340 1506,337 1599,335 1692,332 1784,330 1877,327 1969,325 2062,323 2155,322"/>
                <TextEquiv>
                    <Unicode>16.3. Dieenasken box 22/2</Unicode>
                </TextEquiv>
            </TextLine>
            <TextLine id="r1l4" custom="readingOrder {index:3;}">
                <Coords points="494,1276 674,1285 770,1269 948,1285 987,1276 989,1218 936,1217 868,1241 731,1240 681,1218 641,1234 495,1239"/>
                <Baseline points="505,1261 531,1261 557,1262 583,1262 609,1262 635,1263 661,1263 687,1264 713,1264 740,1265 766,1266 792,1266 818,1267 844,1268 870,1268 896,1269 922,1270 948,1271 975,1272"/>
                <TextEquiv>
                    <Unicode>r e. Hensrabis ing.</Unicode>
                </TextEquiv>
            </TextLine>
            <TextLine id="r1l5" custom="readingOrder {index:4;}">
                <Coords points="833,1327 898,1329 905,1322 929,1320 930,1278 862,1277 858,1272 853,1276 835,1276"/>
                <Baseline points="846,1315 882,1313 918,1317"/>
                <TextEquiv>
                    <Unicode>**</Unicode>
                </TextEquiv>
            </TextLine>
            <TextLine id="r1l6" custom="readingOrder {index:5;}">
                <Coords points="507,1359 1007,1387 1104,1363 1308,1388 1308,1337 1221,1321 507,1312"/>
                <Baseline points="518,1353 559,1354 600,1355 641,1357 682,1358 723,1359 764,1360 805,1360 846,1362 887,1363 928,1363 969,1364 1010,1364 1051,1365 1092,1365 1133,1365 1174,1365 1215,1365 1256,1365 1297,1365"/>
                <TextEquiv>
                    <Unicode>In quite another geure is In the Hos¬</Unicode>
                </TextEquiv>
            </TextLine>
            <TextLine id="r1l7" custom="readingOrder {index:6;}">
                <Coords points="483,1409 1299,1417 1299,1387 1211,1374 484,1365"/>
                <Baseline points="496,1397 535,1398 575,1399 614,1400 654,1401 694,1402 733,1402 773,1403 812,1404 852,1404 892,1404 931,1405 971,1405 1010,1406 1050,1406 1090,1407 1129,1408 1169,1408 1208,1409 1248,1410 1288,1411"/>
                <TextEquiv>
                    <Unicode>pital,“ from the German of Arthur</Unicode>
                </TextEquiv>
            </TextLine>
            <TextLine id="r1l8" custom="readingOrder {index:7;}">
                <Coords points="473,1452 1298,1461 1298,1417 474,1394"/>
                <Baseline points="486,1436 528,1438 570,1440 612,1441 654,1442 696,1443 738,1443 780,1444 822,1445 864,1445 906,1445 948,1446 990,1447 1032,1447 1074,1448 1116,1449 1158,1450 1200,1452 1242,1453 1285,1456"/>
                <TextEquiv>
                    <Unicode>Schnitzler, aterrible but memorable piece</Unicode>
                </TextEquiv>
            </TextLine>
            <TextLine id="r1l9" custom="readingOrder {index:8;}">
                <Coords points="475,1495 842,1475 927,1498 1263,1501 1288,1497 1289,1460 476,1435"/>
                <Baseline points="486,1476 525,1478 565,1479 604,1480 644,1481 683,1482 723,1483 762,1484 802,1485 841,1485 881,1486 920,1487 960,1488 999,1488 1039,1489 1078,1490 1118,1491 1157,1491 1197,1493 1236,1494 1276,1495"/>
                <TextEquiv>
                    <Unicode>of dramatic art. Gruesome it may be,</Unicode>
                </TextEquiv>
            </TextLine>
            <TextLine id="r1l10" custom="readingOrder {index:9;}">
                <Coords points="1772,1507 2937,1505 2963,1389 2423,1404 2330,1374 2133,1412 2052,1382 1772,1435"/>
                <Baseline points="1784,1493 1842,1495 1900,1497 1959,1498 2017,1499 2076,1499 2134,1499 2192,1499 2251,1499 2309,1499 2368,1498 2426,1497 2484,1497 2543,1496 2601,1496 2660,1495 2718,1495 2776,1495 2835,1496 2893,1496 2952,1498"/>
                <TextEquiv>
                    <Unicode>PALL MALL GAZETTE,</Unicode>
                </TextEquiv>
            </TextLine>
            <TextLine id="r1l11" custom="readingOrder {index:10;}">
                <Coords points="466,1526 1295,1536 1296,1497 467,1468"/>
                <Baseline points="478,1515 518,1515 558,1515 599,1515 639,1516 679,1516 720,1518 760,1518 800,1519 841,1521 881,1522 921,1523 962,1523 1002,1525 1042,1525 1083,1526 1123,1526 1163,1526 1204,1526 1244,1526 1285,1525"/>
                <TextEquiv>
                    <Unicode>and its minute realism of detail mav les¬</Unicode>
                </TextEquiv>
            </TextLine>
            <TextLine id="r1l12" custom="readingOrder {index:11;}">
                <Coords points="468,1555 1249,1573 1295,1563 1296,1535 469,1511"/>
                <Baseline points="479,1549 519,1550 559,1550 599,1551 640,1552 680,1553 720,1554 760,1555 801,1556 841,1557 881,1558 921,1558 962,1559 1002,1561 1042,1561 1082,1562 1123,1562 1163,1563 1203,1564 1243,1564 1284,1564"/>
                <TextEquiv>
                    <Unicode>sen its artistic value, but the stabbing</Unicode>
                </TextEquiv>
            </TextLine>
            <TextLine id="r1l13" custom="readingOrder {index:12;}">
                <Coords points="468,1576 1302,1600 1303,1563 469,1556"/>
                <Baseline points="480,1585 520,1586 561,1587 601,1587 642,1588 682,1589 723,1589 763,1590 804,1591 844,1592 885,1593 925,1593 966,1594 1006,1595 1047,1596 1087,1596 1128,1597 1168,1597 1209,1598 1249,1598 1290,1598"/>
                <TextEquiv>
                    <Unicode>truth of its characterisation, the poignant</Unicode>
                </TextEquiv>
            </TextLine>
            <TextLine id="r1l14" custom="readingOrder {index:13;}">
                <Coords points="477,1635 1295,1636 1295,1606 1216,1598 478,1584"/>
                <Baseline points="489,1620 528,1621 568,1622 608,1622 647,1624 687,1624 727,1625 766,1626 806,1626 846,1627 886,1628 925,1628 965,1628 1005,1629 1044,1629 1084,1629 1124,1630 1163,1630 1203,1630 1243,1630 1283,1630"/>
                <TextEquiv>
                    <Unicode>misery of its theme, the clear-eyed vision</Unicode>
                </TextEquiv>
            </TextLine>
            <TextLine id="r1l15" custom="readingOrder {index:14;}">
                <Coords points="1878,1640 2881,1638 2881,1590 2819,1574 1878,1589"/>
                <Baseline points="1889,1631 1938,1632 1987,1633 2036,1633 2085,1634 2134,1634 2183,1635 2232,1635 2281,1635 2330,1634 2379,1634 2428,1634 2477,1634 2526,1633 2575,1633 2624,1633 2673,1632 2722,1632 2771,1632 2820,1632 2869,1632"/>
                <TextEquiv>
                    <Unicode>COURT THEATRE MATINEES.</Unicode>
                </TextEquiv>
            </TextLine>
            <TextLine id="r1l16" custom="readingOrder {index:15;}">
                <Coords points="473,1659 1302,1687 1303,1636 474,1633"/>
                <Baseline points="484,1654 524,1656 564,1657 605,1659 645,1660 685,1661 726,1661 766,1662 806,1662 847,1662 887,1663 927,1663 968,1663 1008,1663 1048,1664 1089,1664 1129,1665 1169,1666 1210,1668 1250,1669 1291,1671"/>
                <TextEquiv>
                    <Unicode>of human emotion it displays overridelits</Unicode>
                </TextEquiv>
            </TextLine>
            <TextLine id="r1l17" custom="readingOrder {index:16;}">
                <Coords points="466,1703 1300,1702 1300,1672 467,1659"/>
                <Baseline points="478,1691 518,1692 559,1693 599,1693 640,1694 680,1695 721,1696 761,1697 802,1697 842,1698 883,1699 924,1699 964,1699 1005,1700 1045,1700 1086,1700 1126,1700 1167,1700 1207,1699 1248,1699 1289,1698"/>
                <TextEquiv>
                    <Unicode>minor defeets, and render it unforget¬</Unicode>
                </TextEquiv>
            </TextLine>
            <TextLine id="r1l18" custom="readingOrder {index:17;}">
                <Coords points="1730,1721 3011,1721 3083,1697 3083,1648 2911,1682 2673,1645 2480,1681 1730,1665"/>
                <Baseline points="1742,1709 1808,1709 1875,1708 1941,1708 2008,1708 2074,1708 2141,1708 2207,1708 2274,1708 2340,1708 2407,1708 2473,1708 2540,1708 2606,1708 2673,1708 2739,1707 2806,1706 2872,1705 2939,1704 3005,1702 3072,1700"/>
                <TextEquiv>
                    <Unicode>Treland for the Irish and Irish players for Mr. Yeats’s plays, was the im¬</Unicode>
                </TextEquiv>
            </TextLine>
            <TextLine id="r1l19" custom="readingOrder {index:18;}">
                <Coords points="474,1732 1301,1731 1301,1710 1083,1695 474,1702"/>
                <Baseline points="485,1726 525,1727 565,1728 605,1728 645,1729 686,1730 726,1731 766,1732 806,1732 846,1733 887,1733 927,1734 967,1734 1007,1735 1047,1735 1088,1735 1128,1735 1168,1736 1208,1736 1248,1736 1289,1736"/>
                <TextEquiv>
                    <Unicode>able. One of" God’s failures“ is dying</Unicode>
                </TextEquiv>
            </TextLine>
            <TextLine id="r1l20" custom="readingOrder {index:19;}">
                <Coords points="1675,1769 3032,1767 3081,1753 3081,1698 1675,1709"/>
                <Baseline points="1687,1757 1756,1756 1825,1755 1894,1755 1963,1754 2032,1754 2101,1754 2170,1754 2239,1754 2308,1754 2378,1755 2447,1755 2516,1755 2585,1755 2654,1755 2723,1755 2792,1754 2861,1754 2930,1753 2999,1752 3069,1751"/>
                <TextEquiv>
                    <Unicode>pression left at the fall of the curtain on“ The Pot of Broth,?’ which many</Unicode>
                </TextEquiv>
            </TextLine>
            <TextLine id="r1l21" custom="readingOrder {index:20;}">
                <Coords points="466,1761 1297,1790 1298,1739 1268,1736 467,1731"/>
                <Baseline points="478,1762 518,1762 558,1762 599,1763 639,1763 679,1763 720,1764 760,1765 800,1766 841,1767 881,1767 921,1768 962,1769 1002,1769 1042,1770 1083,1771 1123,1771 1163,1772 1204,1772 1244,1772 1285,1773"/>
                <TextEquiv>
                    <Unicode>in a Vienna hospital. His last thought:</Unicode>
                </TextEquiv>
            </TextLine>
            <TextLine id="r1l22" custom="readingOrder {index:21;}">
                <Coords points="1681,1813 2985,1813 3080,1803 3080,1762 1681,1771"/>
                <Baseline points="1693,1801 1761,1801 1830,1800 1899,1800 1967,1800 2036,1800 2105,1800 2173,1800 2242,1800 2311,1801 2380,1801 2448,1800 2517,1800 2586,1800 2654,1800 2723,1799 2792,1798 2860,1798 2929,1796 2998,1795 3067,1794"/>
                <TextEquiv>
                    <Unicode>people liked when it was played some time ago in London. Itis disappointing</Unicode>
                </TextEquiv>
            </TextLine>
            <TextLine id="r1l23" custom="readingOrder {index:22;}">
                <Coords points="479,1804 1283,1811 1283,1774 480,1760"/>
                <Baseline points="491,1796 530,1797 569,1797 608,1797 647,1798 686,1799 725,1799 764,1800 803,1801 842,1802 881,1803 920,1803 959,1804 998,1805 1037,1805 1076,1805 1115,1806 1154,1806 1193,1806 1232,1805 1271,1805"/>
                <TextEquiv>
                    <Unicode>ure of rezenge—a mean and horrible re¬</Unicode>
                </TextEquiv>
            </TextLine>
            <TextLine id="r1l24" custom="readingOrder {index:23;}">
                <Coords points="479,1834 1292,1849 1292,1812 1204,1804 479,1797"/>
                <Baseline points="491,1830 530,1831 569,1832 609,1833 648,1833 688,1834 727,1835 767,1836 806,1836 846,1837 885,1837 924,1837 964,1838 1003,1838 1043,1839 1082,1839 1122,1839 1161,1840 1201,1840 1240,1841 1280,1841"/>
                <TextEquiv>
                    <Unicode>venge—on the man who has passed him</Unicode>
                </TextEquiv>
            </TextLine>
            <TextLine id="r1l25" custom="readingOrder {index:24;}">
                <Coords points="1675,1835 2874,1861 3048,1847 3076,1805 1675,1812"/>
                <Baseline points="1687,1843 1755,1843 1824,1843 1893,1844 1962,1844 2031,1844 2100,1845 2169,1845 2238,1846 2307,1846 2376,1846 2444,1847 2513,1847 2582,1846 2651,1846 2720,1845 2789,1844 2858,1843 2927,1842 2996,1840 3065,1837"/>
                <TextEquiv>
                    <Unicode>as rendered by Mr. Robert Pateman, Miss Lamborn, and Mr. Tully at thei</Unicode>
                </TextEquiv>
            </TextLine>
            <TextLine id="r1l26" custom="readingOrder {index:25;}">
                <Coords points="480,1871 1249,1886 1295,1870 1296,1833 1069,1856 958,1833 481,1834"/>
                <Baseline points="491,1865 530,1866 570,1867 609,1868 649,1869 689,1870 728,1871 768,1871 807,1872 847,1872 887,1873 926,1873 966,1874 1005,1874 1045,1874 1085,1875 1124,1875 1164,1875 1203,1876 1243,1876 1283,1876"/>
                <TextEquiv>
                    <Unicode>in the race and treated him with con¬</Unicode>
                </TextEquiv>
            </TextLine>
            <TextLine id="r1l27" custom="readingOrder {index:26;}">
                <Coords points="1677,1886 2946,1900 3087,1879 3087,1830 1677,1851"/>
                <Baseline points="1688,1886 1757,1886 1826,1887 1896,1887 1965,1888 2034,1889 2104,1890 2173,1890 2242,1891 2312,1891 2381,1891 2450,1892 2520,1892 2589,1891 2658,1891 2728,1890 2797,1889 2866,1888 2936,1887 3005,1885 3075,1883"/>
                <TextEquiv>
                    <Unicode>Court. Somehow one felt that the players thought it was nonsense. Irish#</Unicode>
                </TextEquiv>
            </TextLine>
            <TextLine id="r1l28" custom="readingOrder {index:27;}">
                <Coords points="465,1908 1273,1922 1296,1920 1297,1879 466,1864"/>
                <Baseline points="477,1900 517,1900 557,1902 598,1903 638,1904 679,1904 719,1905 759,1906 800,1906 840,1907 881,1907 921,1908 961,1908 1002,1909 1042,1909 1083,1909 1123,1909 1163,1910 1204,1910 1244,1910 1285,1910"/>
                <TextEquiv>
                    <Unicode>temptuous good-humor ever since. How</Unicode>
                </TextEquiv>
            </TextLine>
            <TextLine id="r1l29" custom="readingOrder {index:28;}">
                <Coords points="1677,1947 2879,1957 3046,1943 3086,1888 1677,1896"/>
                <Baseline points="1689,1931 1758,1931 1827,1931 1896,1932 1965,1932 2035,1933 2104,1934 2173,1934 2242,1935 2311,1936 2381,1936 2450,1937 2519,1937 2588,1937 2657,1937 2727,1936 2796,1936 2865,1935 2934,1933 3003,1932 3073,1929"/>
                <TextEquiv>
                    <Unicode>people are more childlike, better at make-believe, possibly lighter of touch,</Unicode>
                </TextEquiv>
            </TextLine>
            <TextLine id="r1l30" custom="readingOrder {index:29;}">
                <Coords points="461,1936 1300,1951 1300,1921 1235,1913 462,1905"/>
                <Baseline points="472,1937 512,1937 553,1938 594,1939 635,1939 676,1940 716,1940 757,1941 798,1942 839,1942 880,1943 920,1943 961,1944 1002,1944 1043,1945 1084,1945 1124,1946 1165,1946 1206,1946 1247,1947 1288,1947"/>
                <TextEquiv>
                    <Unicode>he will humble Weihgast, thé shallow,</Unicode>
                </TextEquiv>
            </TextLine>
            <TextLine id="r1l31" custom="readingOrder {index:30;}">
                <Coords points="479,1980 757,1979 775,1988 828,1971 828,1944 664,1947 645,1935 603,1945 562,1936 478,1943"/>
                <Baseline points="489,1972 514,1974 539,1975 564,1976 589,1976 615,1976 640,1976 665,1976 690,1975 716,1974 741,1974 766,1973 791,1973 817,1973"/>
                <TextEquiv>
                    <Unicode>smug Weihgast!</Unicode>
                </TextEquiv>
            </TextLine>
            <TextLine id="r1l32" custom="readingOrder {index:31;}">
                <Coords points="1681,1977 3080,1987 3036,1936 1681,1944"/>
                <Baseline points="1693,1975 1761,1976 1830,1976 1899,1976 1967,1977 2036,1978 2105,1978 2173,1979 2242,1979 2311,1980 2380,1980 2448,1980 2517,1980 2586,1980 2654,1980 2723,1979 2792,1979 2860,1978 2929,1976 2998,1975 3067,1973"/>
                <TextEquiv>
                    <Unicode>which would make all the difference to a play of this sort: a little, one-part,</Unicode>
                </TextEquiv>
            </TextLine>
            <TextLine id="r1l33" custom="readingOrder {index:32;}">
                <Coords points="833,1980 1297,1987 1297,1950 834,1943"/>
                <Baseline points="845,1976 870,1977 896,1977 922,1978 948,1978 974,1979 1000,1979 1026,1979 1052,1980 1077,1980 1103,1980 1129,1980 1155,1980 1181,1980 1207,1981 1233,1981 1259,1981 1285,1982"/>
                <TextEquiv>
                    <Unicode>And so he rehearses</Unicode>
                </TextEquiv>
            </TextLine>
            <TextLine id="r1l34" custom="readingOrder {index:33;}">
                <Coords points="469,2009 1243,2024 1291,2018 1292,1988 470,1979"/>
                <Baseline points="481,2008 521,2008 561,2009 601,2009 641,2010 681,2010 721,2011 761,2011 801,2012 841,2012 881,2013 921,2013 961,2014 1001,2014 1041,2014 1081,2015 1121,2015 1161,2015 1201,2016 1241,2016 1281,2016"/>
                <TextEquiv>
                    <Unicode>the imaginary scene with his ward-com¬</Unicode>
                </TextEquiv>
            </TextLine>
            <TextLine id="r1l35" custom="readingOrder {index:34;}">
                <Coords points="1678,2026 2940,2034 3077,2024 3077,1976 1678,1982"/>
                <Baseline points="1689,2019 1757,2020 1826,2021 1895,2022 1964,2023 2033,2024 2102,2025 2170,2025 2239,2026 2308,2026 2377,2026 2446,2026 2515,2026 2584,2026 2652,2025 2721,2024 2790,2023 2859,2021 2928,2019 2997,2017 3066,2014"/>
                <TextEquiv>
                    <Unicode>rogue’s comedy. It seemed to us a pity that a poet should follow thei</Unicode>
                </TextEquiv>
            </TextLine>
            <TextLine id="r1l36" custom="readingOrder {index:35;}">
                <Coords points="479,2053 1296,2052 1280,2017 479,2016"/>
                <Baseline points="491,2044 530,2045 570,2045 609,2046 649,2047 689,2048 728,2048 768,2048 808,2049 847,2049 887,2049 927,2049 966,2049 1006,2049 1046,2049 1085,2050 1125,2050 1165,2050 1204,2050 1244,2051 1284,2051"/>
                <TextEquiv>
                    <Unicode>panion, a facile, flabby histrion, full of</Unicode>
                </TextEquiv>
            </TextLine>
            <TextLine id="r1l37" custom="readingOrder {index:36;}">
                <Coords points="1683,2070 3087,2070 3070,2017 1683,2035"/>
                <Baseline points="1694,2064 1763,2065 1832,2066 1901,2066 1970,2067 2039,2068 2108,2069 2177,2069 2246,2070 2315,2070 2384,2070 2453,2070 2522,2070 2591,2069 2660,2069 2729,2068 2798,2066 2867,2065 2936,2064 3005,2062 3075,2059"/>
                <TextEquiv>
                    <Unicode>fashion for realism so far as to have the cries of a hen being killed outside</Unicode>
                </TextEquiv>
            </TextLine>
            <TextLine id="r1l38" custom="readingOrder {index:37;}">
                <Coords points="472,2083 1294,2105 1294,2054 472,2046"/>
                <Baseline points="484,2080 526,2081 568,2081 610,2081 652,2082 694,2082 736,2082 778,2082 820,2082 862,2083 904,2083 946,2083 988,2083 1030,2084 1072,2084 1114,2085 1156,2085 1198,2085 1240,2086 1283,2087"/>
                <TextEquiv>
                    <Unicode>that ’spes consumptiva“ which marks</Unicode>
                </TextEquiv>
            </TextLine>
            <TextLine id="r1l39" custom="readingOrder {index:38;}">
                <Coords points="1678,2116 3073,2124 3087,2071 1678,2079"/>
                <Baseline points="1691,2108 1760,2110 1829,2111 1898,2112 1968,2113 2037,2114 2106,2115 2175,2115 2245,2116 2314,2116 2383,2116 2452,2116 2522,2116 2591,2115 2660,2115 2729,2114 2799,2113 2868,2112 2937,2110 3006,2108 3076,2107"/>
                <TextEquiv>
                    <Unicode>the cottage just before it appeared on the stage being plucked. It is not##</Unicode>
                </TextEquiv>
            </TextLine>
            <TextLine id="r1l40" custom="readingOrder {index:39;}">
                <Coords points="470,2119 1286,2125 1286,2090 471,2075"/>
                <Baseline points="482,2112 521,2114 561,2115 600,2116 640,2116 680,2117 719,2117 759,2118 799,2118 838,2118 878,2118 918,2118 957,2118 997,2119 1037,2119 1076,2119 1116,2120 1156,2121 1195,2121 1235,2122 1275,2124"/>
                <TextEquiv>
                    <Unicode>his disease. The dying man hurls his</Unicode>
                </TextEquiv>
            </TextLine>
            <TextLine id="r1l41" custom="readingOrder {index:40;}">
                <Coords points="475,2149 920,2169 1286,2149 1286,2126 1059,2116 475,2121"/>
                <Baseline points="486,2148 525,2149 564,2150 604,2151 643,2151 682,2151 722,2152 761,2152 800,2152 840,2152 879,2152 918,2151 958,2151 997,2151 1036,2151 1076,2151 1115,2152 1154,2152 1194,2152 1233,2153 1273,2154"/>
                <TextEquiv>
                    <Unicode>thunderbolt. For two years, Frau Weih¬</Unicode>
                </TextEquiv>
            </TextLine>
            <TextLine id="r1l42" custom="readingOrder {index:41;}">
                <Coords points="1682,2159 3090,2159 3058,2110 1682,2119"/>
                <Baseline points="1694,2154 1763,2156 1832,2157 1901,2158 1970,2159 2040,2160 2109,2161 2178,2161 2247,2162 2316,2162 2386,2162 2455,2162 2524,2161 2593,2161 2662,2160 2732,2160 2801,2159 2870,2158 2939,2157 3008,2156 3078,2155"/>
                <TextEquiv>
                    <Unicode>necessary to the playlet, and is disagreable; but perhaps this is another in¬</Unicode>
                </TextEquiv>
            </TextLine>
            <TextLine id="r1l43" custom="readingOrder {index:42;}">
                <Coords points="935,2177 947,2175 951,2170 956,2173 972,2171 968,2143 931,2149"/>
                <Baseline points="946,2168 960,2166"/>
                <TextEquiv>
                    <Unicode>m</Unicode>
                </TextEquiv>
            </TextLine>
            <TextLine id="r1l44" custom="readingOrder {index:43;}">
                <Coords points="468,2193 1290,2206 1291,2148 468,2161"/>
                <Baseline points="479,2184 521,2185 563,2185 605,2186 647,2186 689,2187 731,2187 773,2188 815,2188 857,2188 899,2189 941,2189 983,2189 1025,2189 1067,2189 1109,2189 1151,2188 1193,2188 1235,2187 1278,2186"/>
                <TextEquiv>
                    <Unicode>gast was his mistress! Then comes poet</Unicode>
                </TextEquiv>
            </TextLine>
            <TextLine id="r1l45" custom="readingOrder {index:44;}">
                <Coords points="1683,2217 3084,2220 3084,2160 1683,2159"/>
                <Baseline points="1695,2202 1763,2202 1832,2202 1901,2202 1970,2202 2039,2203 2108,2203 2177,2204 2246,2204 2315,2205 2384,2205 2452,2205 2521,2205 2590,2205 2659,2205 2728,2205 2797,2204 2866,2203 2935,2202 3004,2201 3073,2199"/>
                <TextEquiv>
                    <Unicode>justice to Ireland. Very different is real realism such as one gets in #n</Unicode>
                </TextEquiv>
            </TextLine>
            <TextLine id="r1l46" custom="readingOrder {index:45;}">
                <Coords points="475,2221 1295,2229 1295,2199 1219,2191 475,2186"/>
                <Baseline points="487,2220 526,2221 566,2222 606,2223 646,2223 686,2223 725,2224 765,2224 805,2224 845,2224 885,2224 924,2224 964,2224 1004,2224 1044,2224 1084,2224 1123,2224 1163,2224 1203,2225 1243,2225 1283,2226"/>
                <TextEquiv>
                    <Unicode>Weihgast, and in face of death, Rada¬</Unicode>
                </TextEquiv>
            </TextLine>
            <TextLine id="r1l47" custom="readingOrder {index:46;}">
                <Coords points="1676,2242 3084,2250 3056,2209 2924,2204 1676,2207"/>
                <Baseline points="1687,2245 1756,2245 1825,2246 1894,2246 1964,2247 2033,2248 2102,2249 2172,2250 2241,2250 2310,2251 2380,2252 2449,2252 2518,2252 2587,2252 2657,2252 2726,2252 2795,2251 2865,2250 2934,2248 3003,2247 3073,2244"/>
                <TextEquiv>
                    <Unicode>the Hospital.“ This is a play which we would call powerful, if that word</Unicode>
                </TextEquiv>
            </TextLine>
            <TextLine id="r1l48" custom="readingOrder {index:47;}">
                <Coords points="468,2258 1267,2266 1268,2229 469,2220"/>
                <Baseline points="481,2255 519,2255 558,2255 597,2256 636,2256 675,2256 713,2257 752,2258 791,2258 830,2259 869,2260 907,2260 946,2261 985,2261 1024,2261 1063,2261 1101,2261 1140,2261 1179,2260 1218,2259 1257,2257"/>
                <TextEquiv>
                    <Unicode>macher holds his peace. The poet de¬</Unicode>
                </TextEquiv>
            </TextLine>
            <TextLine id="r1l49" custom="readingOrder {index:48;}">
                <Coords points="462,2293 1254,2302 1278,2265 462,2242"/>
                <Baseline points="474,2291 513,2292 553,2292 592,2292 632,2292 671,2292 711,2292 750,2293 790,2293 829,2293 869,2293 909,2293 948,2294 988,2294 1027,2294 1067,2294 1106,2295 1146,2295 1185,2295 1225,2296 1265,2296"/>
                <TextEquiv>
                    <Unicode>parts, oleaginous as ever. Why did von</Unicode>
                </TextEquiv>
            </TextLine>
            <TextLine id="r1l50" custom="readingOrder {index:49;}">
                <Coords points="1680,2311 3077,2300 3059,2249 1680,2237"/>
                <Baseline points="1691,2290 1759,2290 1828,2291 1897,2291 1965,2292 2034,2293 2103,2293 2171,2294 2240,2295 2309,2295 2378,2296 2446,2296 2515,2297 2584,2297 2652,2297 2721,2296 2790,2296 2858,2295 2927,2295 2996,2293 3065,2292"/>
                <TextEquiv>
                    <Unicode>had not been too often used of late. It shows the sure technique of the</Unicode>
                </TextEquiv>
            </TextLine>
            <TextLine id="r1l51" custom="readingOrder {index:50;}">
                <Coords points="465,2349 555,2322 1287,2331 1287,2297 1188,2287 465,2294"/>
                <Baseline points="476,2324 518,2325 560,2325 602,2326 644,2326 686,2326 728,2327 770,2327 812,2327 854,2328 896,2328 938,2328 980,2328 1022,2329 1064,2329 1106,2329 1148,2329 1190,2329 1232,2329 1275,2330"/>
                <TextEquiv>
                    <Unicode>not tell him?“ asks the actor. Wiat</Unicode>
                </TextEquiv>
            </TextLine>
            <TextLine id="r1l52" custom="readingOrder {index:51;}">
                <Coords points="1681,2336 3076,2348 3092,2290 1681,2313"/>
                <Baseline points="1693,2334 1762,2334 1831,2335 1901,2335 1970,2336 2039,2336 2109,2337 2178,2338 2247,2338 2317,2339 2386,2339 2455,2340 2525,2340 2594,2340 2663,2341 2733,2341 2802,2341 2871,2340 2941,2340 3010,2340 3080,2339"/>
                <TextEquiv>
                    <Unicode>man who is master of his materials, has known what effect he meant to#</Unicode>
                </TextEquiv>
            </TextLine>
            <TextLine id="r1l53" custom="readingOrder {index:52;}">
                <Coords points="475,2369 1282,2362 1282,2332 1152,2324 476,2330"/>
                <Baseline points="487,2358 526,2359 565,2360 604,2360 643,2361 683,2361 722,2362 761,2362 800,2362 839,2363 879,2363 918,2363 957,2363 996,2363 1035,2364 1075,2364 1114,2364 1153,2365 1192,2365 1231,2366 1271,2366"/>
                <TextEquiv>
                    <Unicode>#ve von and I to do with those wha</Unicode>
                </TextEquiv>
            </TextLine>
            <TextLine id="r1l54" custom="readingOrder {index:53;}">
                <Coords points="969,2390 994,2386 996,2388 1008,2387 1004,2355 992,2356 985,2352 977,2363 965,2364"/>
                <Baseline points="978,2380 994,2378"/>
                <TextEquiv>
                    <Unicode>95</Unicode>
                </TextEquiv>
            </TextLine>
            <TextLine id="r1l55" custom="readingOrder {index:54;}">
                <Coords points="1683,2393 3087,2409 3087,2347 3022,2340 1684,2335"/>
                <Baseline points="1694,2383 1763,2381 1832,2381 1901,2380 1970,2380 2039,2380 2108,2380 2177,2381 2246,2381 2315,2382 2385,2382 2454,2383 2523,2383 2592,2384 2661,2384 2730,2384 2799,2385 2868,2384 2937,2384 3006,2383 3076,2382"/>
                <TextEquiv>
                    <Unicode>produce, and has observed and worked, however unconsciously, until hei</Unicode>
                </TextEquiv>
            </TextLine>
            <TextLine id="r1l56" custom="readingOrder {index:55;}">
                <Coords points="468,2400 1251,2396 1316,2422 1316,2376 1274,2362 468,2363"/>
                <Baseline points="480,2395 521,2396 562,2396 603,2396 644,2396 686,2396 727,2396 768,2396 809,2396 850,2396 892,2396 933,2396 974,2397 1015,2397 1056,2397 1098,2397 1139,2398 1180,2398 1221,2399 1262,2400 1304,2401"/>
                <TextEquiv>
                    <Unicode>#ill be alive to-morrow?“ cries Rada¬</Unicode>
                </TextEquiv>
            </TextLine>
            <TextLine id="r1l57" custom="readingOrder {index:56;}">
                <Coords points="1682,2432 3086,2430 3086,2379 1683,2393"/>
                <Baseline points="1693,2427 1762,2427 1831,2427 1900,2427 1969,2427 2038,2427 2107,2428 2176,2428 2245,2428 2314,2428 2384,2429 2453,2429 2522,2429 2591,2429 2660,2429 2729,2429 2798,2429 2867,2429 2936,2429 3005,2428 3075,2427"/>
                <TextEquiv>
                    <Unicode>produced it.“ Inthe Hospital' is like life itself; it sets one pondering and</Unicode>
                </TextEquiv>
            </TextLine>
            <TextLine id="r1l58" custom="readingOrder {index:57;}">
                <Coords points="451,2440 1190,2433 1352,2462 1353,2383 1295,2415 1167,2415 526,2406 452,2382"/>
                <Baseline points="464,2432 507,2432 551,2432 595,2432 639,2432 683,2432 727,2432 771,2432 815,2432 859,2432 903,2432 946,2432 990,2433 1034,2433 1078,2434 1122,2434 1166,2435 1210,2436 1254,2437 1298,2438 1342,2439"/>
                <TextEquiv>
                    <Unicode>macher, slipping to death, while thA N</Unicode>
                </TextEquiv>
            </TextLine>
            <TextLine id="r1l59" custom="readingOrder {index:58;}">
                <Coords points="463,2465 1281,2484 1281,2440 1189,2433 464,2433"/>
                <Baseline points="475,2466 514,2466 554,2466 594,2467 634,2467 673,2467 713,2467 753,2467 793,2468 832,2468 872,2468 912,2469 952,2469 991,2469 1031,2469 1071,2470 1111,2470 1150,2470 1190,2470 1230,2471 1270,2471"/>
                <TextEquiv>
                    <Unicode>player shrinks against the wall in silent</Unicode>
                </TextEquiv>
            </TextLine>
            <TextLine id="r1l60" custom="readingOrder {index:59;}">
                <Coords points="1683,2465 3073,2495 3073,2446 2934,2432 1683,2433"/>
                <Baseline points="1694,2470 1762,2470 1830,2471 1899,2471 1967,2471 2035,2472 2104,2472 2172,2472 2240,2472 2309,2473 2377,2473 2445,2473 2514,2473 2582,2474 2650,2474 2719,2474 2787,2474 2855,2474 2924,2474 2992,2474 3061,2474"/>
                <TextEquiv>
                    <Unicode>speculating. Leaves one wondering and interested, if sad and puzzled, for</Unicode>
                </TextEquiv>
            </TextLine>
            <TextLine id="r1l61" custom="readingOrder {index:60;}">
                <Coords points="470,2501 1239,2523 1280,2521 1281,2486 470,2462"/>
                <Baseline points="482,2500 521,2500 560,2501 599,2501 639,2501 678,2502 717,2502 757,2502 796,2502 835,2503 875,2503 914,2503 953,2504 992,2504 1032,2504 1071,2505 1110,2505 1150,2506 1189,2507 1228,2507 1268,2509"/>
                <TextEquiv>
                    <Unicode>horror and fear. Gruesome, terrible;</Unicode>
                </TextEquiv>
            </TextLine>
            <TextLine id="r1l62" custom="readingOrder {index:61;}">
                <Coords points="1682,2517 1707,2529 1726,2513 1835,2528 1883,2515 1906,2529 1930,2515 1962,2530 1976,2516 1997,2530 2071,2522 2071,2480 2041,2487 2025,2473 1993,2484 1940,2472 1921,2485 1770,2472 1752,2486 1682,2473"/>
                <Baseline points="1694,2507 1720,2509 1746,2509 1772,2510 1798,2511 1824,2511 1850,2511 1877,2511 1903,2511 1929,2511 1955,2511 1981,2512 2007,2512 2033,2513 2060,2514"/>
                <TextEquiv>
                    <Unicode>a solution to it all.</Unicode>
                </TextEquiv>
            </TextLine>
            <TextLine id="r1l63" custom="readingOrder {index:62;}">
                <Coords points="461,2555 976,2543 976,2510 962,2508 462,2504"/>
                <Baseline points="472,2536 497,2536 523,2536 549,2536 575,2536 601,2536 627,2536 653,2536 679,2536 705,2536 730,2536 756,2536 782,2537 808,2537 834,2537 860,2537 886,2537 912,2538 938,2538 964,2538"/>
                <TextEquiv>
                    <Unicode>but so vivid, and so true.</Unicode>
                </TextEquiv>
            </TextLine>
            <TextLine id="r1l64" custom="readingOrder {index:63;}">
                <Coords points="1732,2566 3082,2578 3066,2508 1732,2520"/>
                <Baseline points="1743,2552 1809,2556 1875,2559 1942,2561 2008,2563 2075,2565 2141,2567 2207,2568 2274,2569 2340,2569 2407,2570 2473,2570 2539,2570 2606,2569 2672,2569 2739,2568 2805,2568 2871,2567 2938,2566 3004,2565 3071,2564"/>
                <TextEquiv>
                    <Unicode>The part of the poor, unsuccessful journalist, who resents so bitterly#</Unicode>
                </TextEquiv>
            </TextLine>
            <TextLine id="r1l65" custom="readingOrder {index:64;}">
                <Coords points="1680,2597 3081,2608 3012,2566 1680,2556"/>
                <Baseline points="1692,2601 1760,2602 1829,2603 1898,2604 1967,2605 2036,2606 2105,2607 2173,2607 2242,2608 2311,2608 2380,2609 2449,2609 2518,2609 2587,2609 2655,2609 2724,2609 2793,2610 2862,2610 2931,2610 3000,2610 3069,2610"/>
                <TextEquiv>
                    <Unicode>the fact that he has had to use his brain to further schemes whichche</Unicode>
                </TextEquiv>
            </TextLine>
            <TextLine id="r1l66" custom="readingOrder {index:65;}">
                <Coords points="511,2640 1278,2647 1279,2603 512,2589"/>
                <Baseline points="524,2625 561,2626 598,2627 635,2627 672,2628 709,2629 746,2630 784,2630 821,2631 858,2632 895,2632 932,2633 969,2633 1006,2634 1044,2634 1081,2635 1118,2635 1155,2636 1192,2636 1229,2637 1267,2637"/>
                <TextEquiv>
                    <Unicode> In the Hospital“ is admirably acted</Unicode>
                </TextEquiv>
            </TextLine>
            <TextLine id="r1l67" custom="readingOrder {index:66;}">
                <Coords points="1681,2653 3082,2653 3082,2609 1681,2597"/>
                <Baseline points="1692,2643 1764,2645 1837,2646 1909,2648 1982,2649 2054,2651 2127,2652 2200,2653 2272,2655 2345,2656 2417,2657 2490,2658 2562,2658 2635,2658 2708,2659 2780,2658 2853,2658 2925,2657 2998,2656 3071,2654"/>
                <TextEquiv>
                    <Unicode>hated for scoundrels whom he despised, was magnificently played by Mr.</Unicode>
                </TextEquiv>
            </TextLine>
            <TextLine id="r1l68" custom="readingOrder {index:67;}">
                <Coords points="444,2691 595,2673 787,2692 906,2668 1250,2692 1271,2690 1272,2646 445,2647"/>
                <Baseline points="456,2669 496,2670 536,2670 576,2671 616,2672 656,2672 696,2672 737,2673 777,2673 817,2674 857,2674 897,2675 937,2676 977,2676 1018,2677 1058,2677 1098,2678 1138,2679 1178,2680 1218,2681 1259,2682"/>
                <TextEquiv>
                    <Unicode>by Mr. Beveridge, M. Trollope, and Mr.</Unicode>
                </TextEquiv>
            </TextLine>
            <TextLine id="r1l69" custom="readingOrder {index:68;}">
                <Coords points="1689,2706 3086,2698 3086,2649 1690,2650"/>
                <Baseline points="1700,2691 1768,2693 1837,2695 1906,2696 1975,2697 2043,2699 2112,2700 2181,2701 2250,2702 2318,2702 2387,2703 2456,2703 2525,2703 2593,2703 2662,2703 2731,2703 2800,2702 2868,2702 2937,2701 3006,2700 3075,2699"/>
                <TextEquiv>
                    <Unicode>J. D. Beveridge, and it is not a part which is easy to handle. Many are</Unicode>
                </TextEquiv>
            </TextLine>
            <TextLine id="r1l70" custom="readingOrder {index:69;}">
                <Coords points="461,2726 1278,2728 1279,2682 461,2676"/>
                <Baseline points="473,2712 512,2713 552,2714 592,2714 631,2715 671,2715 711,2716 750,2716 790,2716 830,2717 870,2717 909,2717 949,2718 989,2718 1028,2719 1068,2719 1108,2719 1147,2720 1187,2720 1227,2721 1267,2721"/>
                <TextEquiv>
                    <Unicode>Rudge Harding, as the journalist, the</Unicode>
                </TextEquiv>
            </TextLine>
            <TextLine id="r1l71" custom="readingOrder {index:70;}">
                <Coords points="1681,2742 3090,2745 3074,2696 1682,2701"/>
                <Baseline points="1693,2736 1762,2737 1831,2739 1900,2740 1969,2741 2039,2742 2108,2744 2177,2744 2246,2745 2315,2746 2385,2747 2454,2747 2523,2748 2592,2748 2661,2748 2731,2748 2800,2747 2869,2747 2938,2746 3007,2745 3077,2744"/>
                <TextEquiv>
                    <Unicode>the emnotions the actor is called upon to show, most of them intense, and</Unicode>
                </TextEquiv>
            </TextLine>
            <TextLine id="r1l72" custom="readingOrder {index:71;}">
                <Coords points="465,2749 1271,2756 1271,2728 1186,2713 465,2721"/>
                <Baseline points="477,2751 516,2750 555,2750 594,2750 633,2750 672,2750 711,2750 751,2751 790,2751 829,2752 868,2753 907,2753 946,2754 985,2754 1025,2754 1064,2755 1103,2755 1142,2755 1181,2755 1220,2755 1260,2755"/>
                <TextEquiv>
                    <Unicode>actor, and the poet respectivelv. Mr.</Unicode>
                </TextEquiv>
            </TextLine>
            <TextLine id="r1l73" custom="readingOrder {index:72;}">
                <Coords points="462,2792 1278,2786 1278,2756 1114,2748 463,2748"/>
                <Baseline points="474,2782 513,2783 553,2784 592,2784 632,2785 671,2785 711,2785 750,2786 790,2786 829,2787 869,2787 909,2787 948,2787 988,2787 1027,2788 1067,2788 1106,2788 1146,2788 1185,2788 1225,2788 1265,2788"/>
                <TextEquiv>
                    <Unicode>Beveridge’s work is quite a tour de force</Unicode>
                </TextEquiv>
            </TextLine>
            <TextLine id="r1l74" custom="readingOrder {index:73;}">
                <Coords points="1687,2788 2940,2812 3088,2790 3089,2746 1687,2746"/>
                <Baseline points="1698,2785 1770,2785 1843,2786 1915,2787 1988,2788 2060,2789 2133,2790 2206,2791 2278,2792 2351,2793 2423,2793 2496,2794 2568,2794 2641,2794 2714,2794 2786,2794 2859,2794 2931,2793 3004,2792 3077,2791"/>
                <TextEquiv>
                    <Unicode>all subject to the great fact that he is a dying man lying back almost</Unicode>
                </TextEquiv>
            </TextLine>
            <TextLine id="r1l75" custom="readingOrder {index:74;}">
                <Coords points="473,2823 1261,2822 1261,2792 1224,2789 474,2793"/>
                <Baseline points="486,2820 524,2820 562,2820 600,2820 638,2820 677,2820 715,2820 753,2820 791,2820 829,2820 868,2820 906,2820 944,2820 982,2821 1020,2821 1059,2822 1097,2823 1135,2824 1173,2825 1211,2826 1250,2829"/>
                <TextEquiv>
                    <Unicode>—grim yet never repellent, and br mang</Unicode>
                </TextEquiv>
            </TextLine>
            <TextLine id="r1l76" custom="readingOrder {index:75;}">
                <Coords points="1680,2834 3077,2847 3059,2794 1681,2781"/>
                <Baseline points="1691,2826 1759,2828 1828,2830 1897,2831 1965,2833 2034,2834 2103,2835 2171,2836 2240,2837 2309,2837 2378,2837 2446,2838 2515,2838 2584,2838 2652,2838 2721,2838 2790,2837 2858,2837 2927,2837 2996,2836 3065,2836"/>
                <TextEquiv>
                    <Unicode>helpless in a big chair. Comparatively few are the words he has to speak,</Unicode>
                </TextEquiv>
            </TextLine>
            <TextLine id="r1l77" custom="readingOrder {index:76;}">
                <Coords points="466,2859 1284,2866 1284,2829 466,2815"/>
                <Baseline points="477,2854 516,2854 556,2854 596,2854 636,2855 675,2855 715,2855 755,2856 795,2856 834,2856 874,2857 914,2857 954,2857 993,2857 1033,2858 1073,2858 1113,2858 1152,2858 1192,2858 1232,2858 1272,2858"/>
                <TextEquiv>
                    <Unicode>silent touches exhorting sympathy fora¬</Unicode>
                </TextEquiv>
            </TextLine>
            <TextLine id="r1l78" custom="readingOrder {index:77;}">
                <Coords points="1677,2873 2970,2891 3083,2871 3083,2832 1677,2840"/>
                <Baseline points="1689,2865 1758,2866 1827,2867 1896,2869 1965,2871 2034,2872 2103,2873 2172,2874 2241,2875 2310,2876 2380,2877 2449,2878 2518,2878 2587,2878 2656,2878 2725,2878 2794,2877 2863,2877 2932,2875 3001,2874 3071,2872"/>
                <TextEquiv>
                    <Unicode>he never utters one to explain that he is the father of the son and daughter</Unicode>
                </TextEquiv>
            </TextLine>
            <TextLine id="r1l79" custom="readingOrder {index:78;}">
                <Coords points="461,2888 1254,2895 1254,2865 1201,2856 462,2860"/>
                <Baseline points="474,2891 512,2891 550,2891 589,2891 627,2891 666,2891 704,2891 743,2891 781,2891 820,2892 858,2892 896,2892 935,2892 973,2892 1012,2892 1050,2892 1089,2893 1127,2893 1166,2893 1204,2894 1243,2894"/>
                <TextEquiv>
                    <Unicode>erooked soul. In Mr. Shaw’s play Mr.</Unicode>
                </TextEquiv>
            </TextLine>
            <TextLine id="r1l80" custom="readingOrder {index:79;}">
                <Coords points="1680,2909 3082,2914 3082,2875 1681,2879"/>
                <Baseline points="1691,2904 1760,2906 1829,2907 1898,2908 1967,2909 2036,2911 2105,2912 2174,2913 2243,2914 2312,2915 2381,2916 2450,2916 2519,2917 2588,2917 2657,2917 2726,2917 2795,2916 2864,2915 2933,2914 3002,2913 3071,2911"/>
                <TextEquiv>
                    <Unicode>his successful friend speaks of; yet author and actor between them¬¬</Unicode>
                </TextEquiv>
            </TextLine>
            <TextLine id="r1l81" custom="readingOrder {index:80;}">
                <Coords points="455,2920 728,2941 1265,2924 1265,2896 1175,2889 455,2888"/>
                <Baseline points="467,2924 506,2925 545,2926 585,2926 624,2926 664,2926 703,2926 742,2926 782,2926 821,2926 861,2926 900,2926 939,2926 979,2925 1018,2925 1058,2925 1097,2925 1136,2925 1176,2925 1215,2925 1255,2925"/>
                <TextEquiv>
                    <Unicode>Granville Barker and Mr. Poulton reflect</Unicode>
                </TextEquiv>
            </TextLine>
            <TextLine id="r1l82" custom="readingOrder {index:81;}">
                <Coords points="1681,2954 3071,2957 3041,2918 1681,2908"/>
                <Baseline points="1693,2944 1761,2946 1829,2947 1898,2948 1966,2949 2034,2950 2103,2951 2171,2952 2239,2953 2308,2954 2376,2955 2444,2955 2513,2956 2581,2956 2649,2956 2718,2956 2786,2956 2854,2955 2923,2955 2991,2954 3060,2952"/>
                <TextEquiv>
                    <Unicode>the author by a third person's apparently irrelevant talk, the actor by</Unicode>
                </TextEquiv>
            </TextLine>
            <TextLine id="r1l83" custom="readingOrder {index:82;}">
                <Coords points="461,2962 1262,2969 1262,2931 1225,2929 461,2930"/>
                <Baseline points="473,2960 511,2961 550,2961 589,2961 628,2961 667,2961 706,2961 744,2961 783,2961 822,2961 861,2960 900,2960 939,2960 978,2960 1016,2960 1055,2960 1094,2960 1133,2960 1172,2961 1211,2961 1250,2962"/>
                <TextEquiv>
                    <Unicode>the author’s spirit of reckless responsi¬</Unicode>
                </TextEquiv>
            </TextLine>
            <TextLine id="r1l84" custom="readingOrder {index:83;}">
                <Coords points="1678,2989 3093,3009 3054,2960 1678,2940"/>
                <Baseline points="1689,2983 1758,2984 1828,2985 1897,2986 1967,2987 2037,2988 2106,2989 2176,2990 2246,2991 2315,2992 2385,2993 2455,2994 2524,2994 2594,2994 2664,2995 2733,2995 2803,2994 2873,2994 2942,2993 3012,2992 3082,2990"/>
                <TextEquiv>
                    <Unicode>his actions —let the audience k.sw this just as they would have known #t</Unicode>
                </TextEquiv>
            </TextLine>
            <TextLine id="r1l85" custom="readingOrder {index:84;}">
                <Coords points="461,3005 1274,3000 1274,2963 1251,2961 461,2961"/>
                <Baseline points="473,2997 512,2997 551,2997 591,2997 630,2997 670,2997 709,2997 749,2997 788,2997 828,2998 867,2998 906,2998 946,2998 985,2997 1025,2997 1064,2997 1104,2996 1143,2995 1183,2995 1222,2994 1262,2992"/>
                <TextEquiv>
                    <Unicode>bility with a subdued gaiety that is very</Unicode>
                </TextEquiv>
            </TextLine>
            <TextLine id="r1l86" custom="readingOrder {index:85;}">
                <Coords points="1681,3028 2976,3046 3090,3001 1681,2991"/>
                <Baseline points="1693,3023 1762,3024 1831,3025 1900,3026 1969,3026 2039,3027 2108,3028 2177,3029 2246,3030 2315,3031 2385,3031 2454,3032 2523,3032 2592,3033 2661,3033 2731,3033 2800,3033 2869,3033 2938,3032 3007,3032 3077,3031"/>
                <TextEquiv>
                    <Unicode>if they had been present at the actual death in an actual höspital. This is</Unicode>
                </TextEquiv>
            </TextLine>
            <TextLine id="r1l87" custom="readingOrder {index:86;}">
                <Coords points="450,3033 1263,3036 1263,2999 1219,2992 450,2989"/>
                <Baseline points="461,3034 500,3034 540,3033 579,3033 619,3033 658,3033 698,3032 737,3032 777,3032 816,3032 856,3032 895,3032 935,3031 974,3031 1014,3031 1053,3031 1093,3032 1132,3032 1172,3032 1211,3032 1251,3032"/>
                <TextEquiv>
                    <Unicode>effective. Mise Gertrude Kingston as</Unicode>
                </TextEquiv>
            </TextLine>
            <TextLine id="r1l88" custom="readingOrder {index:87;}">
                <Coords points="451,3063 1269,3072 1269,3033 1190,3026 451,3033"/>
                <Baseline points="462,3068 501,3068 541,3068 581,3068 621,3067 661,3067 700,3067 740,3067 780,3067 820,3067 860,3067 899,3067 939,3066 979,3066 1019,3066 1059,3066 1098,3066 1138,3066 1178,3066 1218,3066 1258,3066"/>
                <TextEquiv>
                    <Unicode>Aurora misses it. She is either too silly</Unicode>
                </TextEquiv>
            </TextLine>
            <TextLine id="r1l89" custom="readingOrder {index:88;}">
                <Coords points="1677,3062 3092,3081 3092,3030 1677,3032"/>
                <Baseline points="1689,3064 1758,3063 1828,3063 1897,3064 1967,3064 2037,3065 2106,3066 2176,3066 2245,3067 2315,3068 2385,3069 2454,3070 2524,3070 2593,3071 2663,3071 2733,3072 2802,3072 2872,3071 2941,3071 3011,3070 3081,3068"/>
                <TextEquiv>
                    <Unicode>art, great on both author’s and actors' parts. Mr. George Trollope, assthe</Unicode>
                </TextEquiv>
            </TextLine>
            <TextLine id="r1l90" custom="readingOrder {index:89;}">
                <Coords points="451,3093 1271,3121 1271,3073 1217,3061 451,3063"/>
                <Baseline points="462,3101 501,3101 541,3101 581,3101 621,3101 661,3101 700,3101 740,3101 780,3101 820,3101 860,3101 899,3101 939,3101 979,3101 1019,3101 1059,3101 1098,3101 1138,3102 1178,3102 1218,3102 1258,3102"/>
                <TextEquiv>
                    <Unicode>or too clever. And Aurora was neither</Unicode>
                </TextEquiv>
            </TextLine>
            <TextLine id="r1l91" custom="readingOrder {index:90;}">
                <Coords points="1692,3106 3082,3124 3082,3086 3003,3072 1692,3069"/>
                <Baseline points="1704,3099 1772,3101 1840,3102 1909,3103 1977,3104 2045,3105 2114,3106 2182,3107 2250,3108 2319,3108 2387,3109 2455,3109 2524,3110 2592,3110 2660,3110 2729,3110 2797,3111 2865,3111 2934,3111 3002,3110 3071,3110"/>
                <TextEquiv>
                    <Unicode>consumptive player, studying still even amongst the surroundings of a</Unicode>
                </TextEquiv>
            </TextLine>
            <TextLine id="r1l92" custom="readingOrder {index:91;}">
                <Coords points="459,3136 1268,3137 1268,3109 1177,3104 459,3109"/>
                <Baseline points="470,3135 509,3135 548,3136 588,3136 627,3136 666,3136 706,3136 745,3136 784,3136 824,3136 863,3136 902,3136 942,3136 981,3136 1020,3136 1060,3136 1099,3136 1138,3136 1178,3136 1217,3136 1257,3136"/>
                <TextEquiv>
                    <Unicode>very silly nor very clever. She was iust</Unicode>
                </TextEquiv>
            </TextLine>
            <TextLine id="r1l93" custom="readingOrder {index:92;}">
                <Coords points="1676,3144 3089,3160 3029,3106 1676,3106"/>
                <Baseline points="1688,3138 1757,3139 1826,3140 1896,3141 1965,3142 2035,3143 2104,3144 2174,3145 2243,3146 2313,3147 2382,3148 2451,3149 2521,3150 2590,3150 2660,3150 2729,3150 2799,3150 2868,3150 2938,3149 3007,3148 3077,3147"/>
                <TextEquiv>
                    <Unicode>hospital ward, and in spite of the fact that he has been given up byethe</Unicode>
                </TextEquiv>
            </TextLine>
            <TextLine id="r1l94" custom="readingOrder {index:93;}">
                <Coords points="464,3175 1272,3180 1272,3136 464,3138"/>
                <Baseline points="475,3166 514,3169 553,3170 592,3172 632,3173 671,3173 710,3174 749,3174 789,3174 828,3173 867,3173 906,3172 946,3172 985,3171 1024,3170 1063,3170 1103,3170 1142,3170 1181,3170 1220,3170 1260,3171"/>
                <TextEquiv>
                    <Unicode>Sthe smartest woman in the smartest set</Unicode>
                </TextEquiv>
            </TextLine>
            <TextLine id="r1l95" custom="readingOrder {index:94;}">
                <Coords points="1682,3182 3081,3195 3061,3151 1683,3145"/>
                <Baseline points="1693,3176 1761,3177 1830,3178 1899,3179 1968,3181 2037,3182 2105,3183 2174,3184 2243,3185 2312,3186 2381,3187 2449,3188 2518,3188 2587,3189 2656,3189 2725,3189 2793,3189 2862,3189 2931,3188 3000,3188 3069,3186"/>
                <TextEquiv>
                    <Unicode>doctors himself, piaged very tolerabir He would have been miuch better</Unicode>
                </TextEquiv>
            </TextLine>
            <TextLine id="r1l96" custom="readingOrder {index:95;}">
                <Coords points="436,3209 1263,3203 1263,3175 1180,3166 436,3168"/>
                <Baseline points="449,3205 489,3205 529,3206 569,3206 609,3207 649,3207 689,3208 729,3208 769,3208 809,3208 850,3208 890,3208 930,3208 970,3208 1010,3207 1050,3207 1090,3206 1130,3205 1170,3204 1210,3203 1251,3202"/>
                <TextEquiv>
                    <Unicode>in South Kensington.“ Mr. Teats's“ Pot</Unicode>
                </TextEquiv>
            </TextLine>
            <TextLine id="r1l97" custom="readingOrder {index:96;}">
                <Coords points="1682,3227 3095,3232 3060,3188 1682,3181"/>
                <Baseline points="1694,3215 1763,3216 1832,3217 1902,3219 1971,3220 2041,3221 2110,3222 2179,3223 2249,3224 2318,3225 2388,3225 2457,3226 2526,3226 2596,3227 2665,3227 2735,3227 2804,3227 2873,3227 2943,3227 3012,3227 3082,3226"/>
                <TextEquiv>
                    <Unicode>if he had not felt he had to get all it was worth out of an effective part.</Unicode>
                </TextEquiv>
            </TextLine>
            <TextLine id="r1l98" custom="readingOrder {index:97;}">
                <Coords points="442,3254 1272,3255 1271,3211 1167,3202 442,3210"/>
                <Baseline points="455,3241 495,3242 535,3242 575,3243 615,3243 656,3244 696,3244 736,3244 776,3245 816,3245 857,3244 897,3244 937,3244 977,3243 1017,3242 1058,3242 1098,3240 1138,3239 1178,3238 1218,3236 1259,3234"/>
                <TextEquiv>
                    <Unicode>of Broth“ is the first item in this eplen¬</Unicode>
                </TextEquiv>
            </TextLine>
            <TextLine id="r1l99" custom="readingOrder {index:98;}">
                <Coords points="1689,3259 3077,3278 3077,3231 1690,3224"/>
                <Baseline points="1702,3255 1770,3256 1838,3258 1906,3259 1974,3260 2042,3261 2110,3262 2179,3263 2247,3263 2315,3264 2383,3265 2451,3265 2519,3265 2587,3266 2656,3266 2724,3266 2792,3266 2860,3267 2928,3267 2996,3267 3065,3267"/>
                <TextEquiv>
                    <Unicode>He was just a trifle of the theatre, theatrical. Mr. Rudge Harding, as</Unicode>
                </TextEquiv>
            </TextLine>
            <TextLine id="r1l100" custom="readingOrder {index:99;}">
                <Coords points="433,3305 649,3305 688,3284 804,3283 803,3239 690,3249 634,3240 592,3255 432,3240"/>
                <Baseline points="445,3280 471,3282 498,3283 524,3284 551,3284 578,3284 604,3283 631,3282 657,3281 684,3280 711,3280 737,3279 764,3280 791,3281"/>
                <TextEquiv>
                    <Unicode>did“ triple bill.“</Unicode>
                </TextEquiv>
            </TextLine>
            <TextLine id="r1l101" custom="readingOrder {index:100;}">
                <Coords points="1685,3303 3084,3305 3013,3265 1686,3259"/>
                <Baseline points="1696,3294 1764,3296 1833,3297 1902,3298 1971,3299 2040,3300 2109,3301 2177,3302 2246,3303 2315,3303 2384,3304 2453,3304 2522,3304 2591,3304 2659,3305 2728,3305 2797,3305 2866,3304 2935,3304 3004,3304 3073,3304"/>
                <TextEquiv>
                    <Unicode>the successful fool friend, gave a capable character performance, which</Unicode>
                </TextEquiv>
            </TextLine>
            <TextLine id="r1l102" custom="readingOrder {index:101;}">
                <Coords points="1691,3351 3088,3345 3088,3301 1691,3295"/>
                <Baseline points="1703,3332 1771,3334 1840,3336 1909,3338 1977,3339 2046,3340 2115,3341 2183,3342 2252,3342 2321,3343 2390,3343 2458,3344 2527,3344 2596,3344 2664,3344 2733,3344 2802,3344 2870,3344 2939,3345 3008,3345 3077,3345"/>
                <TextEquiv>
                    <Unicode>didn't harm the play in any way, but fell short of perfection in that it was</Unicode>
                </TextEquiv>
            </TextLine>
            <TextLine id="r1l103" custom="readingOrder {index:102;}">
                <Coords points="1680,3369 3085,3402 3086,3344 1680,3330"/>
                <Baseline points="1692,3369 1761,3371 1830,3373 1899,3375 1968,3376 2037,3377 2106,3378 2176,3379 2245,3380 2314,3381 2383,3381 2452,3382 2521,3382 2590,3382 2660,3382 2729,3382 2798,3383 2867,3383 2936,3383 3005,3383 3075,3383"/>
                <TextEquiv>
                    <Unicode>a performance, not the presentment of the man. He never gave us one</Unicode>
                </TextEquiv>
            </TextLine>
            <TextLine id="r1l104" custom="readingOrder {index:103;}">
                <Coords points="1683,3411 3057,3438 3090,3391 1684,3371"/>
                <Baseline points="1695,3407 1764,3410 1833,3412 1902,3414 1971,3416 2040,3417 2109,3418 2178,3419 2247,3419 2316,3420 2386,3420 2455,3420 2524,3420 2593,3420 2662,3420 2731,3420 2800,3421 2869,3421 2938,3421 3007,3421 3077,3422"/>
                <TextEquiv>
                    <Unicode>word or one idea that he didn't speak. The nurse’s part, thougs small,</Unicode>
                </TextEquiv>
            </TextLine>
            <TextLine id="r1l105" custom="readingOrder {index:104;}">
                <Coords points="1682,3449 3090,3477 3091,3433 2947,3418 1683,3410"/>
                <Baseline points="1693,3448 1762,3449 1831,3450 1900,3451 1970,3452 2039,3453 2108,3454 2177,3455 2247,3456 2316,3457 2385,3458 2454,3458 2524,3459 2593,3459 2662,3460 2731,3460 2801,3461 2870,3461 2939,3461 3008,3461 3078,3460"/>
                <TextEquiv>
                    <Unicode>was quite excellently played by Miss Isabel Grev. Indeed, it was largely</Unicode>
                </TextEquiv>
            </TextLine>
            <TextLine id="r1l106" custom="readingOrder {index:105;}">
                <Coords points="1679,3497 2902,3527 3051,3519 3086,3468 1680,3451"/>
                <Baseline points="1690,3488 1759,3489 1828,3489 1897,3490 1967,3490 2036,3491 2105,3492 2174,3493 2244,3494 2313,3495 2382,3495 2451,3496 2521,3497 2590,3498 2659,3498 2728,3499 2798,3499 2867,3499 2936,3499 3005,3499 3075,3499"/>
                <TextEquiv>
                    <Unicode>owing to her acting that the atmosphere of the hospital came out so</Unicode>
                </TextEquiv>
            </TextLine>
            <TextLine id="r1l107" custom="readingOrder {index:106;}">
                <Coords points="1684,3543 2717,3544 2699,3504 2560,3493 1684,3495"/>
                <Baseline points="1696,3524 1746,3526 1797,3529 1847,3531 1898,3532 1948,3533 1999,3534 2049,3534 2100,3535 2150,3535 2201,3535 2251,3536 2302,3536 2352,3536 2403,3536 2453,3536 2504,3537 2554,3538 2605,3539 2655,3540 2706,3541"/>
                <TextEquiv>
                    <Unicode>clearlv. Both plav and players are well worth seeing.</Unicode>
                </TextEquiv>
            </TextLine>
            <TextLine id="r1l108" custom="readingOrder {index:107;}">
                <Coords points="1734,3568 2985,3577 3077,3613 3078,3521 1734,3534"/>
                <Baseline points="1745,3557 1811,3561 1877,3565 1943,3568 2009,3571 2075,3573 2141,3575 2207,3576 2273,3577 2339,3577 2405,3578 2471,3578 2537,3578 2603,3578 2669,3578 2735,3578 2801,3578 2867,3578 2933,3579 2999,3580 3065,3581"/>
                <TextEquiv>
                    <Unicode>" Hew He Lied to Her Husband?' showed chiefly how much Mr.</Unicode>
                </TextEquiv>
            </TextLine>
            <TextLine id="r1l109" custom="readingOrder {index:108;}">
                <Coords points="1683,3623 1956,3619 1954,3575 1913,3576 1892,3567 1748,3577 1724,3559 1681,3567"/>
                <Baseline points="1693,3603 1718,3602 1743,3601 1768,3600 1793,3599 1818,3598 1843,3597 1868,3596 1893,3596 1918,3596 1943,3595"/>
                <TextEquiv>
                    <Unicode>Berone Ci.-</Unicode>
                </TextEquiv>
            </TextLine>
            <TextEquiv>
                <Unicode>M.
1.2
16.3. Dieenasken box 22/2
r e. Hensrabis ing.
**
In quite another geure is In the Hos¬
pital,“ from the German of Arthur
Schnitzler, aterrible but memorable piece
of dramatic art. Gruesome it may be,
PALL MALL GAZETTE,
and its minute realism of detail mav les¬
sen its artistic value, but the stabbing
truth of its characterisation, the poignant
misery of its theme, the clear-eyed vision
COURT THEATRE MATINEES.
of human emotion it displays overridelits
minor defeets, and render it unforget¬
Treland for the Irish and Irish players for Mr. Yeats’s plays, was the im¬
able. One of" God’s failures“ is dying
pression left at the fall of the curtain on“ The Pot of Broth,?’ which many
in a Vienna hospital. His last thought:
people liked when it was played some time ago in London. Itis disappointing
ure of rezenge—a mean and horrible re¬
venge—on the man who has passed him
as rendered by Mr. Robert Pateman, Miss Lamborn, and Mr. Tully at thei
in the race and treated him with con¬
Court. Somehow one felt that the players thought it was nonsense. Irish#
temptuous good-humor ever since. How
people are more childlike, better at make-believe, possibly lighter of touch,
he will humble Weihgast, thé shallow,
smug Weihgast!
which would make all the difference to a play of this sort: a little, one-part,
And so he rehearses
the imaginary scene with his ward-com¬
rogue’s comedy. It seemed to us a pity that a poet should follow thei
panion, a facile, flabby histrion, full of
fashion for realism so far as to have the cries of a hen being killed outside
that ’spes consumptiva“ which marks
the cottage just before it appeared on the stage being plucked. It is not##
his disease. The dying man hurls his
thunderbolt. For two years, Frau Weih¬
necessary to the playlet, and is disagreable; but perhaps this is another in¬
m
gast was his mistress! Then comes poet
justice to Ireland. Very different is real realism such as one gets in #n
Weihgast, and in face of death, Rada¬
the Hospital.“ This is a play which we would call powerful, if that word
macher holds his peace. The poet de¬
parts, oleaginous as ever. Why did von
had not been too often used of late. It shows the sure technique of the
not tell him?“ asks the actor. Wiat
man who is master of his materials, has known what effect he meant to#
#ve von and I to do with those wha
95
produce, and has observed and worked, however unconsciously, until hei
#ill be alive to-morrow?“ cries Rada¬
produced it.“ Inthe Hospital' is like life itself; it sets one pondering and
macher, slipping to death, while thA N
player shrinks against the wall in silent
speculating. Leaves one wondering and interested, if sad and puzzled, for
horror and fear. Gruesome, terrible;
a solution to it all.
but so vivid, and so true.
The part of the poor, unsuccessful journalist, who resents so bitterly#
the fact that he has had to use his brain to further schemes whichche
 In the Hospital“ is admirably acted
hated for scoundrels whom he despised, was magnificently played by Mr.
by Mr. Beveridge, M. Trollope, and Mr.
J. D. Beveridge, and it is not a part which is easy to handle. Many are
Rudge Harding, as the journalist, the
the emnotions the actor is called upon to show, most of them intense, and
actor, and the poet respectivelv. Mr.
Beveridge’s work is quite a tour de force
all subject to the great fact that he is a dying man lying back almost
—grim yet never repellent, and br mang
helpless in a big chair. Comparatively few are the words he has to speak,
silent touches exhorting sympathy fora¬
he never utters one to explain that he is the father of the son and daughter
erooked soul. In Mr. Shaw’s play Mr.
his successful friend speaks of; yet author and actor between them¬¬
Granville Barker and Mr. Poulton reflect
the author by a third person's apparently irrelevant talk, the actor by
the author’s spirit of reckless responsi¬
his actions —let the audience k.sw this just as they would have known #t
bility with a subdued gaiety that is very
if they had been present at the actual death in an actual höspital. This is
effective. Mise Gertrude Kingston as
Aurora misses it. She is either too silly
art, great on both author’s and actors' parts. Mr. George Trollope, assthe
or too clever. And Aurora was neither
consumptive player, studying still even amongst the surroundings of a
very silly nor very clever. She was iust
hospital ward, and in spite of the fact that he has been given up byethe
Sthe smartest woman in the smartest set
doctors himself, piaged very tolerabir He would have been miuch better
in South Kensington.“ Mr. Teats's“ Pot
if he had not felt he had to get all it was worth out of an effective part.
of Broth“ is the first item in this eplen¬
He was just a trifle of the theatre, theatrical. Mr. Rudge Harding, as
did“ triple bill.“
the successful fool friend, gave a capable character performance, which
didn't harm the play in any way, but fell short of perfection in that it was
a performance, not the presentment of the man. He never gave us one
word or one idea that he didn't speak. The nurse’s part, thougs small,
was quite excellently played by Miss Isabel Grev. Indeed, it was largely
owing to her acting that the atmosphere of the hospital came out so
clearlv. Both plav and players are well worth seeing.
" Hew He Lied to Her Husband?' showed chiefly how much Mr.
Berone Ci.-</Unicode>
            </TextEquiv>
        </TextRegion>
    </Page>
</PcGts>
