3484 4224
416 456 1232 597 Anticerr ds
356 551 1032 702 IARCH 1, 1905.
597 714 1134 810 COURT THEATRE.
485 834 1216 930 VEDRENNE-BARKER MATINEES.
529 942 1166 1039 1 THE POT OF BROTH.“
668 1015 1042 1081 By W. B. Trars.
391 1043 1245 1098 John Coneelv Mr. GEoRGe F. TuLIv.
399 1096 1212 1148 Sibby Coneely Miss AuF LAMBORN.
393 1127 1241 1188 A Tramp Mr. Roszar PArEMAN.
572 1166 1115 1231 *IN THE HOSPITAL.“
376 1192 1331 1286 By Anrnon Schyirzuen, translated by Canis¬
690 1257 1026 1314 TOPHIER HORNE.
394 1284 1229 1355 Karl Rademacher Mr. J. D. BEvERIDGE.
387 1328 1254 1379 Florian Schubart Mr. GEORGE TROLLOPE.
388 1364 1264 1407 Alexander Weibgart... Mr. Runcr HakblNd.
394 1394 1239 1449 Dr. Tantner. Mr. HowARD STURGE.—
400 1424 1257 1469 Dr. Tann Mr. EnnuNb GWENN,
396 1456 1201 1506 Juliana Paschanda Miss Isanzi. Gnur.
408 1491 1317 1552 Scene: An Extra Ward in the Vienna General Hospital.
401 1540 1298 1611 · HOW HE LIED TO HER HUSBAND.“
629 1580 1061 1646 By BERNARD SHAw.
382 1614 1284 1687 Her Lover Mr. GRasvILLE BARKER.
403 1669 1179 1720 Her HusbandMr. A. G. Pounros.
399 1694 1304 1750 Herself Miss Ganraune Kisosros.
554 1734 1150 1789 Scene: Her Flat in Cromwell-road.
427 1768 1300 1849 Of the three one-act plays produced vesterday
384 1810 1292 1867 afternoon at the abovetheatre“ In the Hospital,
394 1857 1309 1897 translated by Christopher Horne from the German
395 1894 1309 1939 of Arthur Schnitzler, proved far the most interest¬
387 1939 1306 1979 ring. Nor was it anything but a reliefto find it
389 1962 1309 2014 travel beyond the obvious scope suggested by its
378 2004 1315 2050 title, that of some wearisome study of disease and
382 2045 1303 2101 death in the old but, let us hope, by now dis¬
381 2074 1307 2139 pcredited manner of the thédtre lihre. There was
379 2118 1311 2161 pdeath in it, to be sure, but only in its most humane
389 2163 1301 2214 Faspect, coming to Rademacher, the broken-down
383 2194 1308 2258 journalist, as relief and rest after a lifeof much
382 2238 1302 2278 Ftoil and disappointment. And, best of all, there
384 2274 1307 2330 was evidence in it of that higher intelligence,
390 2310 1309 2362 Ethat of the heart, in which as a rule this descrip¬
1053 2348 1302 2402 The olc
389 2346 1010 2403 tion of play is so wofully de
388 2388 1294 2442 theatrical sentimentality, with# passion for:
376 2421 1306 2485 Happy ending at whatever cost, was sufficientl,
372 2468 1300 2521 tireseme; gettit was sehreelg more ropugnant t#
388 2505 1289 2546 common sense thau the raideur which for som
380 2540 1301 2591 time past has marked the development of moderi
383 2576 1280 2628 dramatic themes. To that“ In the Hospital
388 2611 1290 2661 forms a welcome exception, and, admirably actet
392 2654 1301 2710 as it was by all concerned, thoroughly deserved
392 2691 1000 2744 the hearty reception it enjoyed.
426 2710 1306 2764 The chief honours of therepresentation restwitl
378 2767 1294 2818 Mr. J. D. Beveridge, whose performance of the
380 2809 1313 2861 dying Rademacher was worthy of the highest
387 2835 1308 2894 praise. The man has been a failure, mainly, one
387 2888 1310 2928 feels, through his own fault, and nowon his death¬
386 2914 1308 2975 bed has only theonedesireleft, the desirewhich all
375 2965 1314 3013 his journalistie life hehas been probably indulging,
392 2995 1308 3054 that of gratifying, and for the last time, his spite
386 3027 1303 3087 and revenge. Töthat end he begs the doctor to
391 3072 1301 3121 bring him his old friend Weihgart, an eminent
388 3111 1300 3156 and successful poet. Years ago they quarrelled
389 3146 1308 3196 and parted, and now Rademacher’s one wish is to
389 3182 1300 3232 humiliate him by telling him to his face that he
380 3222 1307 3274 has been his wife’s lover, that heandshe have often
386 3253 1313 3311 discussed him disparagingly together, and that
385 3299 1311 3349 Weihgart's wife is as fully convinced of bis
388 3322 1296 3390 complete nullity as his old friend Rademacher.
392 3374 1298 3417 The scene is acted before us in a sort of dress
384 3397 1314 3466 rehearsal of it with Schubart, a young actor dying
396 3450 1307 3501 also in the hospital of consumption; yet when
397 3480 1307 3536 Weihgart comes something touches Rademacher,
385 3511 1308 3584 and he feels he can no longer do it. What that
386 3559 1304 3623 something is is conveyed to us with extreme
382 3600 1312 3661 delicacy and subtlety by Mr. Beveridge. It is
381 3648 1306 3695 not exactly pity for Weihgart andthe confessionhe
391 3675 1302 3732 makes of the insecurity of his position owing to the
382 3715 1303 3765 persistency with which the new generation are
385 3749 1310 3805 knockingathis door. Ibis, one feels, a combination of
380 3786 1301 3837 elements, and chief among them the recollection
384 3828 1306 3875 of the day when they were friends, and the desire
377 3864 1297 3920 of dying with some purer feeling in his heart than
390 3897 1306 3954 that of gratified revenge. So Weihgart goes, with
378 3941 1296 3986 his belief in his wife intact, and Rademacher dies,
387 3986 1310 4030 a better man than probably he ever lived. Acted
384 4024 1301 4062 asit was, by Mr. George Trollope as Schubart and
384 4062 1303 4100 by Mr. Rudge Harding as Weihgart, “ In the
382 4100 1302 4145 Hospital! created a considerable impression and
375 4132 876 4183 is very well worth seeing.
414 4157 1290 4227 Ins“ How He Lied ta ### ## ar
1563 196 2954 261 in the case of bounty-fed sugar, and he considers the
1578 249 2947 309 results tobe admirable. We may conclude that, if he got
1582 295 2953 361 the mandate he desires at the coming election, he would
1583 332 2951 421 proceed next to practisc on steel-billets which are sup¬
1585 393 2951 470 posed to be sold below cost price here because they
1593 459 2968 518 are tariff-protected abroad. The Providence which watches
1593 509 2956 580 over Free Trade has happily, in the interval, enabled us to
1584 566 2853 636 gauge the probable results from practical experience.
1669 614 2954 669 We are not the least surprised that in these circum¬
1588 643 2955 716 stances Mr. Bazrouk’s party should be very restive about
1580 705 2956 773 the Fiscal question or that Mr. Bauroun himself should be
1585 779 2958 823 endeavouring by all possible means to change the issue.
1586 792 2959 893 Nevertheless, the letter in which he tells the Unionist
1593 845 2964 902 candidate for Buteshire that the issue at the next election
1606 890 2957 965 will be—not Fiscal Reform, but—Home Rule is really
1596 954 2953 1019 atrifle too audacious. The MacDonnell incident is not
1594 987 2960 1080 yet a weck old, and the public do not forget that
1608 1041 2960 1096 the suspected Home Ruler is still Permanent Under¬
1605 1078 2961 1155 Secretary for lreland, and that the Ministers who have
1607 1149 2977 1193 flirted with “projects of Home Rule,' as Mr. Batrouk
1601 1175 2962 1244 himself called them, are still members of the Govern¬
1607 1220 2973 1294 ment. It is not for us to say whether Mr. Bazrouk is
1597 1283 2972 1331 wise or otherwise in thus condoning this incident, but, if
1606 1310 2980 1376 he decides to do so, his efforts to beat up prejudice against
1605 1367 2985 1426 his opponents on the Irish question will simply exeife
1595 1401 2971 1470 laughter. But this, like everything else, is perfectly well
1595 1462 2968 1531 understood by his own partv as another piece of his
1603 1491 2991 1578 peculiar strategy against the Chamberlainites. Vesterday
1597 1546 2996 1624 brought the letter from the Chief Conservative Whip.
1598 1606 2980 1665 oronouncing the Fiscal question to be no test of Unionist
1608 1670 2967 1718 oyalty; to-day brings a letter from Mr. Bauroun declar¬
1616 1682 2978 1753 ng that the Irish question and no other is to beithe test
1607 1732 2982 1814 it the next election. This concerns Mr. CHAMBERLAIN
1608 1793 2968 1853 nuch more than it concerns the Liberal Party, and we
1599 1849 2972 1907 are not surprised to learn that these final proceedings
1600 1881 2973 1945 have angered the Chamberlainites without allaying the
1597 1939 2978 1998 suspicions ofthe Free Traders. Mr. Baxroun will probably
1609 1974 2969 2045 make a bolt back into the Chamberlain camp next week,
1604 2016 2980 2090 but surely it is time for the Unionist Party to take the.
1612 2069 2992 2147 matter into its own hands and to save its dignity by.
1607 2140 2693 2201 accepting the inevitable appeal to the country.
1625 2252 2965 2336 A TRIPLE BILL AT THE COURT THEATRE.
1662 2323 2990 2390 It is one of the mysteries of Theatre-land that the great success
1608 2369 2988 2438 of the original“ triple bill'' of modern times produced a very
1613 2415 2991 2497 small crop of imitations. Speaking as a person of experience in
1604 2454 2996 2532 theatrical matters, 1 shouid say that no entertainment would have
1614 2509 2985 2576 so great a chance of success in the present troubled times as a
1615 2542 2992 2619 triple bill. The new programme of the Scart Theatre consists
1609 2606 2986 2674 of three interesting pieces, nonc, I tear, quite of sufficient import¬
1607 2653 2982 2711 ance to produce any very great success. Certainly we spent a
1611 2688 2987 2757 very agreeable afternoon —agreeable with mixed pleasures. The
1617 2729 2985 2796 affair began with Mr. Veats’s play“ A Pot of Broth,“’ given not
1620 2784 2986 2846 long agb at the Royalty Theatre. It is entirely anecdotal, and
1615 2825 2973 2893 very diverting on a first hearing; by way of reminder, one may
1625 2867 2982 2937 mention that it tells of a trick played by a hungry tramp upon
1611 2920 2975 2983 the uncharitable wite of a small farmer. Mr. Robert Pateman,
1628 2984 2982 3031 a versatile actor of great ability, too rarely seen of late in London,
1626 3006 2989 3089 gave an admirable humorous performance as the tramp, and if it
1623 3064 3001 3117 must be hinted that he acted a little too much to the audience tliere
1631 3100 3001 3163 is a fair excuse in the fact that he had to begin with a long
1628 3139 2983 3207 soliloquy.“ In a Hospital, by Arthur Schnitzler, translated by
1639 3191 3010 3264 Christopher Horne—item No. 2—is a curious, rather audacious
1637 3232 2998 3299 experiment in play-making. It is difficult exactly to point out in
1632 3298 3000 3350 what it is novel; perhaps, indecd, its only novelty lies in the fact
1630 3338 2992 3390 that the author has attempted to give subtleties and fine shades
1632 3373 2996 3432 beyond the range of drama. As the title suggests, the play passes
1624 3415 2992 3475 in the ward of a hospital. The central figure is Rademacher, an
1622 3453 2997 3515 elderly journalist, dying of something with an unmentioned Latin
1633 3518 2999 3568 name, ### bad luck and failure, Asort of friendship exists
1624 3538 2988 3621 betwcen him and Florian Schubart, a consumptive actor, wio,
1626 3592 2996 3656 though within eight days of death, has the typical optimism of
1621 3638 3000 3709 the consumptive and is making eager plans for the future.
1634 3687 3003 3744 Rademacher is sitting in a chair facing the audience throughout
1631 3740 2990 3808 the play, and to me perhaps the chief interest in the matter lay
1631 3770 2995 3846 in the cxtraordinary play of light and shadow upon the rugged
1631 3838 2992 3903 face of Mr. Beveridge, the actor, who presented some superh
1634 3881 2989 3938 studies. The dying journalist has an intense longing to see
1653 3911 2994 3979 Weihgart, a successful rival of whom he is hideously jealons.
1643 3958 2995 4025 His repulsive dying wish is to humiliate tlie man who has done
1642 4015 3002 4081 him no wrong by telling him that his wife has been faithless;
2854 4073 2894 4127 mn
1620 4056 1788 4132 ran
2062 4133 2136 4185 S
1920 4132 2000 4197 10
