3484 4192
1112 131 1237 201 Ma
1619 112 2075 222 box 22/2
213 151 1476 238 16.3. Die letztenuusken
2557 854 3027 930 rgs proktartten den
2099 914 3024 976 Kampf gegen die rückschrittliche Strömung, wie
689 918 2094 991 C ##  Lel. 2e m.—, densgesahr die in den Straßen gelegten Bomben.
2089 953 3039 1012 sie in der Interessenpolitik auf der einen, in der
107 974 2090 1057 Kur.“ bereitet haben; ich bin gern Ihrer Einladung ge= Mehrere von ihnen seien getötet worden; andere,
2104 1003 3025 1065 Verquickung von Religion und Politik auf der
240 1018 2100 1095 folgt. Es ist mir nicht unbekannt, daß die Be= die schwerverwundet in die Krankenhäuser gebracht
117 1036 246 1099 ardi¬
2096 1044 3017 1112 anderen Seite zutage trete, mit besonderer Schärfe
246 1070 2094 1131 wohner des Bilscherlandes nicht reich an irdischen worden waren, wollten in die Straßen zurück¬
114 1088 254 1148 luti,
105 1093 3038 1192 Mom. Gütern sind. Aber dieser Umstand regt sie an kehren, um das Platzen der Bomben und die durch] aber den Kampf gegen die Sozialdemokratie. Der
2775 1159 2859 1221 Sen
2273 1157 2383 1240 S
1357 1176 1421 1251 1
602 1174 796 1261 en
2091 1222 3033 1299 offenbar Figuren aus dem Leben auf die Bühne ge¬
1175 1242 2102 1314 maßen verwischt. Die schon durch verschiedene
251 1259 1187 1321 den im Laufe der Jahre angesammelten Haß ins
122 1259 247 1331 Fisch
2105 1273 3040 1341 stellt (die Geschichte mit dem Schlüsselroman hat
1172 1295 2097 1343 Hände gegangene geschiedene Fabrikantenfrau und
246 1309 1177 1358 Gesicht zu schleudern und sein eheliches Glück zu
113 1313 251 1371 fir die
2099 1332 3031 1391 sich zum Vergnügen des Publikums wirklich ereig¬
1187 1328 2108 1395 nachmalige Dichterin, die mit der Goetheschen
246 1349 1174 1398 vernichten durch die Mitteilung, daß Frau Weihgast
107 1363 255 1429 Watte
2101 1360 3032 1422 net) und die beißende Satyre auf die Wiener
1174 1369 2105 1433 Idealfigur Margarethe nichts als den Namen ge¬
258 1382 1175 1442 die Geliebte, des Totkranken gewesen ist. Der
2095 1395 3041 1468 Cafeehaus=Literatur ist auch für die Leute erkenn¬
1176 1408 2104 1465 mein hat, verstand es, einen naiven Aristokraten,
255 1421 1186 1479 Schauspieler kann den Komödianten auch im Ange¬
2093 1437 3032 1509 bar, welche die Wiener Verhältnisse nicht aus
117 1435 253 1513 fahrt
1168 1449 2103 1510 I von dem man nur den Vornamen Clemens erfährt,
245 1453 1187 1522 sichte des Todes seines Leidensgenossen nicht ver¬
2097 1487 3040 1549 eigener Anschauung kennen. — Mehr auf der Ober¬
122 1503 256 1561 war,
1177 1501 2097 1562 so sehr für sich einzunehmen, daß er sie heiraten
250 1504 1174 1572 leugnen und beredet diesen, sich zur besseren Wirk¬
2109 1516 3037 1594 fläche schwimmen die beiden französischen Bühnen¬
1173 1540 2093 1604 will. Margarethe schreibt zum Entsetzen ihres
115 1547 261 1610 io de
262 1553 1182 1613 ung einer Probe zu unterziehen. Daher auch der
2104 1567 3039 1632 dichter, die ebenfalls am Samstag zum Worte
1173 1577 2101 1635 adeligen Verehrers einen Roman, der angeblich
1057 1586 1184 1646 Der
131 1592 255 1651 von
250 1587 1043 1650 Name des Stückes „Die letzten Masken“.
2098 1610 3041 1673 kamen. Die Komödie „Der Dieb“ von Octave
1182 1621 2102 1680 ihrer Phantasie entsprang, in Wirklichkeit aber nur
257 1616 1178 1685 Schauspieler, der nur noch acht Tage zu leben hat,
140 1638 265 1699 von
2099 1653 3042 1707 Mirbeau, von Max Schönau geschickt ins
1193 1667 2103 1718 Selbsterlebtes enthält. Ihr früherer Geliebter
255 1675 1187 1733 spielt die Rolle des Schriftstellers. Als Weihgast
128 1686 256 1759 , von
2100 1690 3046 1742 Deutsche übertragen, ist nicht mehr als ein theatra¬
1182 1707 2103 1762 Gilbert ist ihr jedoch zuvorgekommen und legt das
267 1717 1185 1775 selbst kommt, ist Rademacher so ermattet, daß er
2096 1732 3035 1782 lisch illustriertes Essay eines geistreichen Franzosen.
1175 1722 2103 1802 bereits erschienene Exemplar seines Romans auf
272 1754 1181 1818 seinen Vorsatz nicht mehr ausführen kann. Weih¬
2097 1777 3033 1839 Der im Frack und Pelzrock durchs Fenster ein¬
1186 1791 2107 1840 den Tisch des Hauses der noch wilden aristokrati¬
266 1791 1169 1859 gast jammert dem Totkranken von seinen „Sorgen“
2106 1812 3034 1871 dringende Einbrecher wird vom Besitzer der mit
1182 1817 2114 1887 schen Ehe nieder. Die scharf paprizierte Aussprache
262 1838 1179 1889 vor, er schildert seine Ehe als das einzige Glück,
2106 1854 3041 1912 künstlerischem Sachverständnis ausgesuchten Kost¬
1184 1866 2116 1923 Margarethes mit Gilbert bringt die Lacher auf die
260 1882 1188 1948 das er in Wirklichkeit habe und halb Mitleid rlb
2107 1882 3050 1961 barkeiten auf frischer Tat ertappt und erzählt dem
1186 1901 2106 1976 Seite des Autors. Als Clemens von dem Verleger
125 1851 265 1979 hatt
273 1917 1190 1973 Ekel über die Jämmerlichkeit des vom Erfolge so
2105 1935 3044 1990 Bestohlenen unter scharfen Seitenhieben auf die
1179 1941 2103 2021 zurückkehrt und Gilbert bei seinem „Weibchen“
273 1957 1187 2020 sehr Begünstigten verschließen Rademacher vollends
109 1969 263 2029 mstag
2102 1972 3055 2034 Pariser Gesellschaft, wie er auf die Verbrecher¬
1187 1978 2104 2040 trifft, entspinnt sich eine köstliche Verlegenheits¬
256 1995 1191 2060 den Mund. Der Schauspieler kommt doppelt um den
2115 2017 3047 2074 Laufbahn geriet. Der Bestohlene nuscht besonders
1188 2031 2108 2097 szene, die ihren Höhepunkt erreicht, als Clemens
268 2029 1189 2100 Erfolg seinerProbe, einesteils darf er nicht Publikum
117 2052 271 2108 rthur
2110 2064 3049 2109 der Schilderung eines galanten Abenteuers des Ein¬
1188 2063 2116 2129 erklärt, die beiden Romane lesen zu wollen, denn
274 2093 1191 2147 sein und andernteils erfährt er auch später nichts
111 2091 276 2158 turas
2116 2096 3051 2163 brechers mit gespannter Aufmerksamkeit und läßt
1180 2109 2115 2169 Margarethe sowohl wie Gilbert haben ihre Liebes¬
260 2116 1192 2180 über den Inhalt der Unterredung, da Rademacher
116 2140 279 2201 ge, ob
2119 2146 3043 2200 den herbeigeholten Polizei=Kommissär unter der
1182 2157 2117 2211 briefe in ihren Romanen veröffentlicht, die dadurch
258 2165 1201 2223 bald darauf in Fieberdelirien verfällt und dann
127 2175 266 2235 Leben
2113 2160 3048 2235 Ausflucht, daß nichts passiert sei, unverrichteter
1194 2194 2118 2254 zu Schlüsselromanen geworden sind, die Jedermann
274 2183 1188 2269 seine nicht sehr reine Seele aushaucht. Wenn der
119 2202 269 2275 ster¬
2108 2213 3044 2282 Dinge wieder abtreten. Herr Godeck brachte die
1192 2236 2116 2301 verständlich sind. Die drohende Gefahr wird jedoch
266 2250 1195 2310 Geschmack des heutigen Publikums nicht schon ver¬
116 2244 264 2329 en ist.
2109 2263 3040 2323 Talmi=Eleganz des Diebes mit gutem Humor zur
1189 2265 2110 2332 dadurch beseitigt, daß Margarethe einen der Zwil¬
261 2292 1189 2353 dorben wäre, dann hätte Schnitzler sein ehrlich
2123 2308 3054 2363 Geltung. Der Bestohlene wurde von Herrn
1187 2321 2115 2377 linge der gemeinschaftlichen Muse dem Feuertode
270 2322 1199 2391 Schärflein beigetragen; denn noch ekelhafter und
129 2307 282 2399 Gute
2107 2349 3046 2421 Tietsch gut dargestellt. Sehr gut war Herr
1193 2355 2121 2421 weiht und damit dem von der Liebe stockblind ge¬
267 2365 1187 2427 widerlicher als die Verpflanzung der Krankenhaus¬
128 2375 271 2440 auf¬
2114 2390 3053 2447 Kallenberger als Kammerdiener des Ein¬
1190 2399 2114 2461 machten Aristokraten scheinbar durch die Tat beweist,
278 2409 1192 2472 szene wirkt die Verdorbenheit und Niedrigkeit der
130 2421 270 2477 Leben
2110 2414 3052 2489 brechers. Seine Mimik erregte viel Heiterkeit. —
1198 2425 2122 2499 daß sie der Schriftstellerei endgiltig entsagt. In
280 2454 1204 2516 Charaktere der Hauptpersonen des Stückes. Herr
116 2460 277 2523 hicksal
2120 2466 3048 2525 Eine beißende Satyre auf die PariserPolizei brachte
1194 2469 2119 2545 den Armen liegen sich beide und jubeln vor Lust und
273 2481 1205 2559 Eckelmann spielte den Journalisten Rademacher
117 2512 275 2565 Fer der
2120 2504 3055 2575 Georges Courteline mit seiner Komödie „Der
1203 2523 2127 2586 Freude. Die verschiedenartigen Motive dieser
269 2526 1200 2594 mit grauenerregender Natürlichkeit. Herr Kal¬
128 2539 274 2601 nossen
2132 2563 3052 2617 gemütliche Kommissär“ auf die Bretter,
1201 2562 2118 2634 Freude sind zwerchfellerschütternd. Frl. Lißl gab
271 2577 1203 2638 lenberger verlieh dem mit Entsetzen Scherz
129 2586 275 2641 bringt
2111 2580 3065 2652 welche die Schattenseiten der Welt bedeuten. Der
1193 2606 2117 2667 die wechselnden Empfindungen der vielseitigen
271 2608 1199 2674 treibenden Komiker lebenswahre Züge. Den durch
110 2629 274 2699 kranke
2114 2628 3064 2685 Kommissär ist ein Beamter, der sich das Anschnauz¬
1194 2644 2122 2711 Margarethe köstlich wieder. Ausgezeichnet war auch
269 2648 1200 2711 seine Eitelkeit und Selbstsucht doppelt gefühlsrohen
116 2658 281 2725 zt Dr.
2114 2677 3057 2739 ungsprinzip in mustergiltiger Weise zu eigen ge¬
1195 2672 2119 2739 der echte Bohemien Gilbert des Herrn Kökert.
275 2700 1203 2755 Schriftsteller Weihgast stattete Herr Jacobi mit
114 2706 283 2766 Schrift¬
2126 2698 3076 2789 macht hat. Er tut alles, nur nicht seine Pflicht.
1190 2730 2133 2793 Herr Godeck verlieh dem Aristokratin Clemens
277 2731 1202 2793 einer Maske aus, die eher auf einen reichgewor¬
131 2743 276 2812 rufen.
2126 2757 3061 2818 Erst dann als er von einem Irrsinnnigen in die
1194 2767 2133 2820 eine Noblesse, die auf wenige Ahnen schließen ließ.
275 2779 1211 2841 denen Gewerbetreibenden als auf den erfolgreichen
122 2787 277 2842 n Kol¬
2115 2797 3061 2859 Kohlenkammer eingesperrt wird, nachdem der
1206 2812 2123 2864 — Es war sehr interessant, zwei Schnitzler'sche Ein¬
282 2804 1199 2875 Schriftsteller schließen ließ und die Auffassung der
127 2833 276 2891 pottet.
2127 2841 3047 2897 Wahnsinnige den Kommissär mit drastischeren Mit¬
1193 2854 2117 2910 akter entgegengesetzter Art zu sehen. Wenn man
275 2867 1196 2927 Rolle entsprach der Maske. Frau de Lank lieferte
127 2879 274 2933 ich auf
2118 2879 3056 2939 teln chikaniert hat, wie der Kommissär vorher das
1194 2881 2115 2948 auch mit der Verpflanzung des Krankenhauses auf
276 2895 1211 2961 als Wärterin Paschanda ein Kabinetstück. Die
118 2918 287 2979 er er¬
2120 2928 3055 2982 bei ihm Hilfe suchende Publikum, entschließt er sich
1193 2935 2121 2984 die Bühne nicht einverstanden sein kann, so muß
273 2940 1208 3013 Rollen der beiden Sekundärärzte lagen bei den
136 2958 279 3023 sieht,
2117 2964 3059 3044 zu dem der Frau des Irren vorher verweigerten
1196 2980 2127 3039 doch die Meisterschaft Schnitzler's in der Zeichnung
282 2990 1214 3046 Herren Möller und Weger in guten Händen.
146 2994 280 3056 nver¬
2128 2997 3060 3058 Einschreiten. Herr Hecht spielte den cholerischen
1196 3015 2128 3072 der Charaktere bedingungslos anerkannt werden.
281 3029 1206 3088 Der gräßliche Eindruck des ersten Einakters wurde
2233 3049 2350 3090 Wige
123 3034 285 3097 Im an¬
2120 3035 3071 3103 Kommissär mit einer Naturtreue, daß man glauben
1199 3054 2131 3124 Auch in dem Lustspiele ist die meisterhafte Port¬
286 3062 1218 3140 durch das Lustspiel „Literatur“ des bühnen¬
124 3081 284 3138 stigten
121 3081 3068 3189 m ihm gewandten Arthur Schnitzler wieder einiger= rätierungskunst Schnitzlers hervorzuheben. Er hat konnte, der deutsche Uebersetzer Siegfried Tre¬
