3484 4224
1159 224 1274 289 Ma
1654 208 2109 315 box 22/2
253 220 1502 308 16.3. Die letztensken
1374 951 2035 1032 MERCVRE DE FRANGE -6-w-1912
1035 956 1160 1041 850
1044 1039 2376 1135 incerlitudes imposées au public, qui obligent a chercher, à réfléchir,
1044 1094 2388 1178 approfondir les caractères; dans ses piéces, comme dans la vie, on se.
1033 1142 2387 1223 heurte souvent aux reviremenis soudains et inattendus des person¬
1054 1226 1216 1294 nages.
1134 1248 2390 1319 Devant le bonheur médiocre de l'ami lant envié, honheur qu'un
1057 1293 2387 1375 mot peut faire écrouler, Rademacher a, je crois, senti plus proton¬
1054 1334 2387 1411 dement la puissance de la mort, de cette mort si proche de lui, et il
1053 1387 2384 1465 asenli soudain que tout ce qut est da uie ne compte plus que pour
1055 1439 2388 1523 ceux qui vont mourir. Etil s’est tu, il a gardé le masque. Etil
1054 1516 1244 1579 meurt.
1101 1524 2393 1616 M. Dhurtal traduisit fort bien ie rôle pénible de Rademacher. IIs.
1059 1597 2405 1665 ent de plus unräle perpétuel des plus impressionnants.Déjà je l’avai¬
1056 1631 2395 1715 vu dans le dernier spectacle de lceuvre, et j'avais admiré son talent.
1064 1680 2391 1753 M. Rolland,— T’acteur poitrinaire. — joua non moins bien; il tousse
1061 1727 2396 1825 dans la perfection. Et Lugné-Poé (l’écrivain) fut Lugné-Poe, c’est¬
1057 1799 1427 1863 à-dire excellent.
1102 1799 2398 1914 Ariane blessée, trois actes en vers de M. Allou,terminait le¬
1062 1888 2403 1969 spectacle. Puisque Racine, sous les costumes grecs, a donné á ses.
1057 1916 2404 2007 personnages les sentimenls etles attiludes des gens de son.-époque,
1064 1968 2394 2048 M Allou a pensé qu'il pauvait agir de méme, et n’est pas moi qui
1062 2016 2399 2090 le lui reprocherai: je n aurais pas éié assez forte en histoire pour
1072 2077 1931 2167 apprécier Texactitude d’une rcconstitution.
1143 2106 2398 2197 L'affabulation pourrait aussi bien étre moderne: une jeune flle
1062 2164 2411 2241 que l’émotion sensuelle d’un homme trouble plus que lamour-véri¬
1072 2211 2410 2312 table d’un autre, épouse avec joie ie premiier; un an après elle s'a¬
1076 2264 2422 2357 perçoit qu'elle n’est pas almée commerelle l’aurait voulu et que son
1077 2306 2421 2392 äme n'apprechera jamais celle de son mari. La cour brutale des.
1074 2372 2400 2436 autres hommes loffense, et aussi-Tindifférente fatuilé de son époux
1215 2428 2069 2523 Rien ne saurait Troubler son orgueil de mari.
1123 2492 2416 2578 Elle redoute pour lurd’influence manvaise de la ville el voudrait
1078 2552 2415 2643 revivre au loin, mais lui (ai-je dit que c’était un homme de lettres?).
1073 2624 2421 2687 refuse énergiquement. II a d’ailleurs apergu une de ses anciennes.
1082 2646 2430 2722 maitresses et voudrait la revoir. Mais le Destin veille, sous les traits
1087 2695 2431 2779 d’un amoureux barbu et farouche. Cet #moureux, le prétendant du.¬
1077 2757 1965 2844 #ter acte, à qui la jeune femme vient de dire
1238 2816 2196 2916 C’est ton cceur que j'admire et c’est Lysis que j’aime.
1081 2875 2425 2979 prévoit T’infidélité du mari, et pour consoler la jeuhe femme, le poi¬
1084 2939 2414 3038 guarde. Me préserve le ciel d’étre ainsi consolée! Voilà les deux
1082 2993 2430 3076 pre“ miers actes, d’une psychologie assez rudimentaire; je note
1088 3037 2426 3121 cependant ce sentiment juste: Ariane, qui est vertueuse, mais non
1096 3083 2442 3179 froidle, redoute d’étre émue par ces désirs qui rödent autour d’elle,
1085 3137 2443 3258 et l’avoue très joliment. Dans le dernier acte, il ne se passe rien, au
