3484 4224
1134 207 1223 267 Ma
844 207 923 270 12
219 202 1462 314 16.3. Die
497 675 1054 838 Mnt Proerrete Hige
732 802 982 927 390
397 988 1384 1090 Dichterabend im Raimund¬
724 1073 1079 1167 Theater.
336 1142 1464 1217 Gedenkfeier für Hofmannsthal, Schnitzler und
760 1204 1056 1271 Wildgans.
394 1249 1479 1306 Die Direktion beehrt sich, am ersten Novemberabend bei echtem
321 1307 1478 1363 Nebelreißen auf der Straße, nassem Pflaster und verschleierten
317 1359 1470 1415 Laternen pietätvoll darzubieten: erlauchte Gedanken aus Hugo
329 1392 1482 1455 v. Hofmannsthals „Tor und Tod“. Man kann die heute nach¬
318 1459 1484 1499 drücklichste Empfehlung durch Aktualität nicht mit größerem
319 1485 1482 1556 Zartsinn wahrnehmen, als indem man das Publikum angesichts
321 1548 1474 1593 brennender Grablichter zum Trost zu diesem wundervollen,
323 1581 1472 1638 sordinierten Saitenspiel über das Dunkle, das unwiderruflich
321 1629 1481 1685 Verlorene einlädt. Hier sehen Sie, zur Andacht gestimmt, keinen
328 1673 1484 1739 Knochenmann von Gevatter Tod mit Hippe und Vernichtungs¬
329 1739 1480 1790 fratze, an seiner Statt lächelt ein Jüngling griechisch aus Erhaben¬
327 1771 1484 1823 heiten der Ewigkeit herunter. Hofmannsthal lächelt, noch jung
336 1814 1488 1868 und auf der Schönheitssuche aus diesem herrlichen dichterischen
335 1868 1483 1913 Requiem für alle, von denen wir glauben, daß sie unvollendet ge¬
337 1915 1485 1969 storben sind. Merkwürdig übrigens, daß der Oesterreicher mit der
332 1957 1480 2012 hellenischen Seele gerade in diesen Szenen sein Vollendetes gab.
338 1993 1491 2052 Und auch zwei andere Oesterreicher, die auf dem Allerseelen¬
337 2052 1485 2101 programm stehen, verkünden an diesem Abend Versöhnung:
332 2090 1494 2151 Arthur Schnitzler mit seinem Einakter „Die letzten
327 2149 1492 2192 Mashen“,Gespräche aus dem Vorhofe des Todes, und Anton
326 2174 1498 2240 Wildgans mit „In Ewigkeit Amen“. Da wird zum
340 2224 1485 2287 Schluß doch wieder vom Leben gesprochen. Man hört den Dichter
332 2275 1485 2339 Wildgans von seinem Menschenglauben sprechen, indem er die
341 2327 1483 2382 kleine dramatische Anekdote erzählt, mit der er die Herzen packt.
328 2366 1492 2436 Die Wahl war gut, riß Theater und Publikum für zwei Stunden
333 2412 1495 2485 aus dem trüben und trivialen Alltag hoch. Warum so selten?
423 2473 1491 2518 Die Aufführung hatte manche voll geglückte Einzelheiten,
336 2503 1488 2566 die angesichts der verdienstlichen Veranstaltung in den Vorder¬
345 2552 1495 2619 grund gestellt werden sollen. In den „Letzten Masken“ chargierte
333 2612 1487 2662 Hans Frank die Hohlheit eines hochgekommenen, un¬
333 2633 1502 2712 beveutenden Schriftstellers auf preziöse Art ausezeichnet und
342 2699 1488 2757 Theodor Danegger mit seinem ungewöhnlichen Kopier¬
352 2741 1492 2796 talent gab dem sterbenskranken Schauspieler sehr ergötzliche Züge.
351 2792 1505 2854 Warum aber diese Figur alt und der Journalist Rademacher
349 2839 1491 2920 verhältnismäßig jung gespielt wurde? Dem Tragischen in der
347 2898 1500 2968 Komödie kam so ein gutes Stück abhanden. Das Gespenstige an
347 2943 1500 3007 der Gestalt des durch Tuberkulose ausgemergelten jungen Mimen,
359 2991 1495 3065 der aus einem dämonischen Darstellungstrieb heraus die ihn um¬
353 3040 1511 3117 gebenden Menschen kopiert, fiel weg. Danegger war doch mehr:
350 3091 1497 3152 ein jovialer, behaglicher Todeskandidat, der wirksame Späße
360 3118 1499 3198 machte. Und auch der begabte Manfred Inger erschien viel zu
350 3171 1501 3240 lebfrisch, erinnerte sich spät an seine vorgeschriebene Gebrechlich¬
352 3220 1496 3285 keit. Man wollte bis zum Schluß nicht an die bösen Diagnosen
356 3270 1500 3346 glauben. Ganz echt der Assistenzarzt von Egon Friedell. Er
348 3326 1496 3396 war ernst und verhaltenen Gemütes voll. Das Publikum freut
349 3362 1496 3426 sich gleich, wenn er auf der Bühne erscheint. Im Gerichts¬
358 3406 1496 3482 stück „In Ewigkeit Amen“ bewies Direktor Barnay, daß er
351 3456 1496 3526 nötigenfalls an sich selbst einen sehr brauchbaren Charakterspieler
358 3504 1496 3583 hat. Walter Firner, der in letzter Zeit wiederholt als Dar¬
356 3548 1512 3629 steller und Regisseur durch interessante Leistungen auffiel, gab im
365 3607 1499 3662 Einakter Hofmannsthals den Tod. Er bot milde Rhetorik,
352 3642 1503 3715 sprachlich sauber, die sich aber vom Predigerton nicht freihielt,
352 3682 1515 3750 irdisch im viel zu hellen Raum. Auch dieser Tod braucht das
352 3733 1515 3805 Mystische. Hans Frank als Claudio sprach und spielte sich erst
348 3790 1511 3866 allmählich frei. Es gäbe noch künstlerische Einwände, die dem
353 3828 1529 3893 Anlaß und der Gesamtleistung zuliebe fortbleiben sollen, für die
1326 3873 1482 3940 e. kl.
351 3884 1033 3969 das Publikum herzlich dankbar war.
1620 190 2070 281 box 22/2
1756 1172 2579 1277 „OBSERVER'
1855 1272 2535 1317 I. österr. behördl. konzessioniertes
1813 1319 2569 1370 Unternehmen für Zeitungs-Ausschnitte
1875 1365 2486 1442 WIEN, I., WOLLZEILE 11
1939 1418 2415 1484 TELEPHON R-23-0-43
1769 1555 2130 1620 Ausschnitt aus:
2081 1631 2152 1713 777
2095 1645 2569 1756 uener Pechlat, Wien
1898 1664 2041 1756 „Neuf
1749 1784 1906 1846 vom:
2000 1771 2470 1896 „. HOV. 1939
1756 1880 2902 1946 Raimundtheater. Am Allerheiligenabend wurde eine
1686 1926 2905 1995 würdige Gedenkfeier veranstaltet für die drei österreichischen
1693 1982 2902 2053 Dichter Hofmannsthal, Schnitzler und Wildgans.
1686 2048 2901 2096 Drei wohlbekannte einaktige Stücke gingen, mit aller schuldigen
1685 2074 2893 2156 Sorgfalt neu eingeübt, über die Bretter. „Der Tor und
1690 2120 2900 2201 der Tod“ von Hofmannsthal war das den Trauer¬
1694 2188 2913 2240 reigen eröffnende. Des Dichters edle Wortmusik erklang in
1687 2220 2909 2300 allen weichen Mollklängen der deutschen Sprache, und seine an
1690 2267 2914 2344 Goethe gebildete, hohe Verskultur entzückte Ohr und Sinn.
1696 2312 2912 2387 Der Tor Claudio wurde von Hans Frank mit gutem Anstand
1700 2364 2905 2430 veranschaulicht und aus dem Abstrakten und Begrifflichen ins
1700 2416 2918 2489 leidvoll Menschliche transponiert. Der übrigen Darstellung
1697 2464 2902 2538 fehlte das vergeistigt Visionäre, das Uebersinnliche und Jen¬
1706 2501 2916 2583 seitige völlig, doch brachte sie im Realen und Positiven manches
1700 2559 2915 2629 Anzuerkennende wohl zustande. Schnitzlers „Die letzten
1697 2595 2914 2666 Masken“, diese geistreiche Spitalsgroteske, ist noch erstaunlich
1699 2662 2920 2730 frisch und ungealtert. Man kann über das bißchen Sterben nicht
1696 2706 2923 2772 leichter und freier hinwegspotten, als es hier geschieht. Man¬
1698 2752 2920 2820 fred Inger war ein ergreifender Rabemacher, Hans Frank
1699 2817 2919 2883 ein die Charakterlosigkeit zutreffend charakterisierender Weih¬
1705 2859 2913 2917 gast. Den Hospitalsbajazzo Jackwerth mimte Theodor
1709 2886 2923 2966 Danegger höchst ergötzlich, und seine drei eingelegten,
1706 2948 2923 3014 virtuos gebrachten Stimmporträte (Bassermann, Moissi,
1702 2989 2930 3065 Friedell) fanden verständnisvollen Beifall. Egon Friedell
1711 3042 2931 3114 selbst zeigte als Arzt Dr. Hahnschläger, daß er sich zu einem
1703 3094 2916 3150 wirklich gestaltenden Darsteller entwickelt hat. In der Gerichts¬
1705 3150 2923 3198 saalepisode „In Ewigkeit Amen“ wirkte Ludwig
1713 3189 2928 3253 Stössel durch die schlichte Wahrheit und Einfachheit seiner
1719 3235 2929 3308 so kunstlos erscheinenden, ganz großen Kunst ungemein tief und
1717 3285 2928 3359 stark. Paul Barnay, der Direktor, ist einer seiner besten Dar¬
1714 3333 2929 3401 steller. Lotte Lang und Manfred Inger waren schau¬
1707 3383 2932 3465 spielerisch sehr hohe Klasse. Starker Beifall lohnte die künst¬
2717 3429 2906 3493 A. Fr.
1715 3437 2115 3512 lerische Bemühung.
