3484 4256
1155 205 1271 274 Ma
1642 199 2090 286 box 22/2
249 211 1488 308 16.3. Die letztensken
629 517 1482 736 Klose & Seidel
661 737 1455 824 Bureau für Zeitungsausschnitte
643 799 1455 879 Berlin IO. 45, Georgenkirchplatz 21!
1253 802 1486 990 27
718 945 1439 1058 Nödasta Machrichten
610 1014 859 1109 Zeitung: —
1007 1098 1268 1180 Kiel
606 1132 784 1210 Ort: —
1053 1154 1452 1286 UNUVI92!
613 1232 1071 1320 Datun
1454 1302 1928 1399 e r
1567 1379 2564 1434 Sprache, Mienenspiel, Gestalt bildeten eine künstle¬
642 1407 2576 1480 Pihenschaft, Kunst und Literalur. rische Einheit. Von leidender Teilnahmslosigteit bis
1635 1466 2584 1508 leidenschaftlicher Erregung und Ueberreiztheit
816 1470 1382 1561 Kieler Schauspielhaus.
1588 1500 2566 1544 wurden alle Seelenregungen dieses Menschen offen¬
1579 1540 2589 1601 bar, der ein ganzes Leben in wenigen Minuten
680 1535 1496 1618 # Erster Kammerspielabend.
1585 1580 2573 1628 wieder durchlebt, der nichts beschönigt vor sich selbst
619 1603 2579 1651 Erstaufführungen: „Die letzten Masken“, „Die Nacht“ und als Sieger über seinen Haß ausgesöhnt aus der
658 1661 2575 1709 „Der Tod als Erlöser“ das war der Gedanke,] Welt geht. Seine Gegenspieler: die Herren Kienzl
634 1699 2573 1751 er den ersten Kammerspielabend beseelte. Totentanz= als junger, trotz Schwindsucht hoffnungsreicher, teil¬
633 1739 2567 1796 ilder. Seit urdenklichen Zeiten beschäftgen sie den nahmsvoller Schauspieler, Herr Gründgens als
632 1769 2569 1827 Renschengeist. Der Tod in seiner Macht erscheint, der vom Glücke äußerlich begünftigte ehemalige Ju¬
628 1825 2571 1863 ald mehr gefühlsmäßig, bald mehr verstandes= gendfreund des Sterbenden., Herr Haag als men¬
623 1861 2581 1911 fnäßig aufgefaßt, als Rächer, als Erlöser, als Spöt= schenfreundlicher, Herr Busch als gefühlskalter Arzt
613 1899 2566 1955 er, als Freund, als Mitleidender, als Unbarm= und Frau Waßmann als biedere Wirtin ergänz¬
1586 1920 2578 2002 ten das Lebensbild der letzten Masken in sorgsam
616 1933 1592 1992 ferziger in diesen Bildern in der Malerei wie in
1597 1967 2420 2033 abaetönter Kleinmalerei zum Kammerspiel.
607 1961 1604 2029 er Musik und der Dichtung. Intendant Dr. Albert#
613 2020 1601 2073 satte für den ersten Kammerspielabend zwei aller¬
621 2047 1589 2111 ings nicht gleichwertige Werke dieser Art gewählt,
602 2088 1599 2159 die jedoch eins gemeinsam hatten: die eindringlich¬
615 2132 1601 2194 künstlerische Darstellung erwirkte einen geistig=an¬
613 2173 1613 2218 regenden Abend. Wohl niemand hat das Theater
602 2222 1599 2280 verlassen, ohne hernach zu beiden Werken innerlich
609 2248 1222 2324 persönlich Stellung zu nehmen.
671 2270 1613 2334 „Die letzten Masken“ nennt Artbur
1915 2260 2766 2385 „OBSERVER
599 2314 1608 2384 Schnitzler den Lebensrückblick eines Menschen,
2019 2357 2731 2436 I. österr. behördl. konzessioniertes
603 2372 1615 2427 der dell Tob vor Augen sieht. Wie vielen sind im
605 2410 1607 2466 Kriege in Augenblicken, da sie sich verloren glauben
1980 2394 2753 2479 Unternehmen für Zeitungs-Ausschnitte
610 2447 1610 2511 mußten, wohl blitzartig im Geiste diese
2051 2459 2681 2541 WIEN, I., WOLLZELLE 11
1384 2483 1510 2534 sind
1250 2481 1384 2536 Wie
987 2487 1212 2537 erschienen.
599 2484 965 2552 letzten Masken
599 2521 1603 2580 Sekunden Entschlüsse und Urteile über Vergangen¬
2127 2534 2609 2588 TELEPHON R-23-0-43
597 2540 1609 2610 heit, Gegenwart und Zukunft der eigenen Um¬
605 2602 1614 2667 gebung gefaßt, erwogen und vielleicht wieder ver¬
601 2636 1599 2694 worfen worden, die sonst erst in Jahren sich heraus¬
1946 2662 2321 2734 Ausschnitt aus:
610 2665 1607 2734 bilden. Des Menschen innerstes Wesen tritt da aus
607 2721 1604 2777 Licht und Schnitzler hat mit Meisterschaft einen
612 2758 1600 2814 solchen Menschen gezeichnet. Er ist ein armer Schrift¬
611 2800 1611 2851 steller, der im Spital sein letztes Stündlein nahen
2072 2737 2827 2904 Thelien Vort-Times Nwfort
601 2829 1601 2899 fühlt und darum Abrechnung hält im Innern mit
610 2866 1615 2934 allem, was war in seinem Leben: mit vergeblichen
1932 2874 2102 2952 vom:
620 2929 1610 2976 Plänen und Hoffnungen, mit Jugendfreundschaft
2214 2908 2715 3027 25 0KT. 1935
612 2954 1612 3005 und Jugendliebe, mit Enttäuschung und eigener
616 2979 1606 3055 Schuld; der, als er sich all sein Seelenleid von der
613 3030 1610 3081 Seele heruntergebeichtet hat, kein Gefühl der Rache
611 3065 1611 3110 oder des Neides mehr besitzt gegenüber glücklicheren
619 3110 1614 3160 Menschen und den Tod als Erlöser grüßt. Bei allem
2112 3115 2751 3237 Hunter Group to Stage Piay.
609 3154 1613 3202 großen Theatergeschick, mit dem Schnitzler eine Büh¬
2133 3135 2789 3254 .Die Letsten Maskenz“ a play vo
603 3175 1607 3234 nenhandlung für diese innere Offenbarung gesucht
2100 3197 2792 3290 Schnitzler, will be presented by the
603 3230 1600 3288 und gefunden hat, ist der Kern menschlicher Wahr¬
2106 3242 2778 3326 German Club of Hunter College to¬
603 3250 1605 3311 heit nicht verletzt und varin liegt der Wert dieses
2108 3269 2779 3366 and an a tenture os te Oetober So¬
607 3297 1602 3348 Schauspiels, das unter der Spielleitung von Herrn
2101 3303 2787 3399 cial. The play was selected by Pro¬
619 3332 1609 3393 Tchubert eine feinsinnige Wiedergabe sand. Den
2106 3342 2794 3426 fessor Matthew C. Bach of the Ger¬
612 3375 1617 3452 Arbenden Schriftsteller verkörperte Herr Karstens.
2118 3372 2800 3473 iman Department. The cast lneludes
2118 3408 2794 3501 Emmy Schlosshauer, Rosabelle
2115 3443 2795 3534 Teitler, Judith Lieban, Helen Meyer,
2119 3473 2805 3580 neien Kapian and Seima Kuris
2125 3557 2265 3620 burg.
