3484 4256
444 2901 508 2963 a
460 2960 514 3002 6
458 2993 512 3030 n
1341 148 1464 196 Arthur
414 163 1276 222 Florian Schubart Mr. GroRGE TROLLOPE.
1327 170 1490 235 the act-
429 203 1269 272 Alexander Weihga-t Mr. Rrpek HAnbisd.
1337 222 1481 276 of Hi
419 243 1264 296 Dr. Lantner Mr. HoWARD STURGk.
1343 257 1464 309 other
418 275 1253 317 Dr. Tann  Mr. Ebnrsb Gwes.
1343 299 1479 348 The l:
426 306 1217 363 Juliaon Paschanda Miss ISABEL GREY.
1340 335 1473 387 pleasi
435 324 1328 398 Scene: An Extra Ward in the Vienna General Hospital.
1337 373 1486 428 humo:
437 370 1323 448 * HOW HE LIED 70 HER HUSBAND.“
1341 411 1471 468 imita
674 428 1105 512 Bz Brnxann Susw.
1337 452 1464 509 whor
412 459 1321 544 Her Lovor Mr. GkANVILLE BARKER.
1342 486 1472 539 Sout
410 512 1229 575 Her Husband Mr. A. G. Poczros.
1358 529 1466 577 by a
420 545 1344 620 Hierself Miss Gakraupe KINGSTOs.
1344 568 1470 615 than
598 580 1203 646 Scene: Her Flat in Cromweli-road.
1350 597 1458 654 acter
469 607 1335 692 Of the three one-act plays produced vesterday
1350 640 1474 695 pleas
436 643 1328 720 afternoo at the abovetheatre“ Inthe Hospital,
1357 671 1480 736 spiri
438 694 1348 759 transiated by Christopher Horne from the German
1357 722 1471 774 Dagn
447 729 1335 792 of Arthur Schnitzler, proved farthe most interest¬
1352 763 1486 809 the 1
439 759 1352 829 ing. Nor was it auything but a reliefto find it
1354 791 1478 853 was 1
440 806 1349 883 travel beyond the obvious scope suggested by its
1352 837 1482 892 of he
451 842 1357 918 titie, that of some wearisome study of disease and
1385 877 1445 919 Ne
447 881 1357 952 death in the old but, let us hope, by now dis¬
447 912 1354 993 credited manner of the th#t#re lihre. There was
1359 951 1480 1003 hears
450 957 1352 1026 death in it, to be sure, but onlg in its mest, humane
445 1001 1347 1057 aspect, coming to Rademacher, the broken-down
457 1037 1348 1102 journalist, as relief and rest alter a liseof much
1356 1058 1488 1115 her c
453 1070 1364 1143 toil and disappointment. And, best of all, there
1362 1104 1491 1152 choo:
455 1109 1363 1187 was evidence in it ofthat higher intelligence,
449 1144 1493 1211 that of the heart, in which as a rule this descrip- home
1372 1181 1495 1230 accor
455 1181 1362 1261 tion of plry is so wofully deseient. The old
1367 1218 1503 1267 not r.
453 1221 1360 1293 theatrical sentimentality, with its passion for a
1369 1258 1496 1310 old f.
451 1257 1360 1322 happy ending at whatever cost, was suhliciently
1368 1298 1500 1348 afit,
460 1301 1359 1372 tiresome; vet it was scarcelv more repugnant to
1382 1335 1499 1383 seldo
467 1340 1365 1403 common sense than the raideur Which for some
1373 1376 1505 1428 this
465 1372 1369 1451 time past has marked the development of modern
1376 1411 1502 1461 andt
466 1412 1362 1484 dramatie themes. To that “ In the Hospital“
1375 1452 1497 1498 rathe
466 1448 1370 1517 forms a welcome exception, and, admirably acted
1383 1483 1515 1541 any o
461 1488 1370 1567 as it was by all concerned. thoroughly deserved
1368 1525 1493 1578 recei:
466 1539 1084 1603 the hearty reception it enjoyed.
1382 1557 1501 1616 by M
505 1548 1372 1625 The chief honours of therepresentation rest with
1378 1601 1504 1654 and I.
459 1609 1374 1680 Mr. J. D. Beveridge, wbese performance of the
1383 1646 1499 1703 as in
453 1645 1379 1722 dying Rademacher was worthy of the highest
1384 1682 1503 1740 date,
469 1683 1372 1744 praise. Tie man has been a failure, mainly, one
1392 1721 1508 1776 stage
473 1719 1373 1773 feels, tnrough his own fault, and nowon his death¬
1379 1760 1479 1814 for
460 1752 1369 1821 bed has only theonedesireleft, the desirewhich all
1394 1801 1508 1850 suppe
472 1791 1369 1853 his journalistie life he has been probably indulging,
1395 1838 1507 1888 Here
469 1831 1384 1905 that of gratilying, and for the last time, his spite
1396 1863 1511 1922 made
471 1870 1373 1936 and revenge. Tothat end he begs the doctor to
479 1906 1385 1971 bring him his old friend Weibgart, an eminent
1396 1947 1515 2007 made
472 1943 1373 1999 Tand successful poet. Years ago they quarrelled
1399 1992 1508 2040 once
481 1989 1389 2052 and parted, and now Rademacher’s one wish is to
1400 2030 1510 2077 livel
481 2023 1392 2090 humiliate him by telling him to his face that he
1396 2070 1507 2114 t#
477 2065 1390 2136 has been his wife’s lover, thatheandsbehave often
1394 2103 1506 2157 form
494 2098 1390 2159 discussed him disparagingly together, and that
492 2136 1388 2199 Weihgart's wife is as fully convinced of his
1400 2147 1524 2199 piece
1423 2188 1522 2230 Th
493 2171 1384 2237 complete nullity as his old friend Rademacher.
1408 2224 1521 2274 selec
493 2211 1398 2277 The scene is acted before us in a sort of dress
487 2254 1384 2311 rehearsal of it with Schubart, a young actor dying
1401 2262 1513 2308 (Mis
497 2293 1383 2344 also in the hospital of consumption; yet when
496 2324 1390 2391 Weihgart comes something touches Rademacher,
1401 2341 1516 2385 than
491 2368 1394 2430 and he feels he can no longer do it. What that
1410 2375 1512 2429 agal
1410 2403 1530 2462 the t
509 2402 1399 2468 something is is conveyed to us with extreme
497 2437 1392 2517 delicacy and subtlety by Mr. Beveridge. Itis
1405 2451 1510 2501 habi
499 2478 1399 2546 not exactly pity for Weihgart andtheconfessionhe
1409 2493 1510 2543 play
505 2519 1399 2580 makes of the insecurity of his position owing to the
1416 2530 1522 2586 aver
493 2557 1401 2640 persisteney with which the new generation are
499 2595 1396 2669 knockingathis door. Itis, one feels, acombination ot
1408 2603 1515 2661 Mis
511 2628 1408 2694 elements, and chief among them the recollection
1423 2645 1523 2693 rem
507 2669 1407 2737 of the day when they were friends, and the desire
512 2706 1403 2770 of dying with some purer feeling in his heart than
1416 2726 1506 2770 cou
503 2742 1414 2806 that of gratified revenge. So Weihgart goes, with
1421 2759 1518 2809 bru
494 2779 1403 2840 his belief in his wise intact, and Rademacher dies,
1419 2801 1514 2854 whi
503 2821 1404 2884 a better man than probably he ever lived. Acted
512 2857 1407 2919 as it was, by Mr. George Trollope as Schubart and
1421 2880 1518 2934 abl.
522 2899 1412 2959 by Mr. Rudge Harding as Weihgart,“ In the
1423 2910 1514 2963 giv
512 2934 1419 2998 Hospital'' created a considerable impression and
1413 2955 1524 3006 We
524 2984 1012 3041 is very well worth seeing.
1420 2992 1516 3043 tha
533 2994 1420 3064 In“ How He Lied to Her Husband'' Mr.
1432 3033 1514 3084 hot
521 3046 1415 3114 Beruard Shaw provides a fairly amusing half
514 3092 1430 3152 hour'’s entertainment for those at any rate who
1427 3108 1518 3160 dan
525 3133 1416 3189 know his“ Candida.' For an authorto eritieise
520 3163 1424 3230 his own play is not new; it has been done, for
513 3178 1520 3264 instance, by Molière in bis“ Critique de 1’Ecole rec
1426 3222 1506 3274 of
814 3223 1435 3290 In Mr. Shaw’s hands the criti¬
517 3254 809 3322 des Femmes.
1429 3252 1525 3310 SWC
529 3277 1417 3350 eism partakes rather of the nature of ridicuie; an
1427 3291 1537 3354 gav
510 3319 1420 3370 Tattitude towards his own performance no one, we
1439 3342 1522 3392 con
526 3357 1418 3410 take it, has the right to cavil at, seeing who it is
1434 3380 1533 3432 hur
527 3394 1432 3464 assumes it. It served to amuse an audience,
1435 3422 1526 3463 val
521 3437 1433 3508 most of whom were probably familiar with the
1440 3459 1518 3506 pa¬
519 3470 1425 3550 work ridieuled, and it was well acted by Mr.
1438 3498 1533 3551 Mr.
530 3506 1431 3570 Granville Barker as the lover, Mr. A. G. Poulton
1445 3532 1522 3594 wil
532 3543 1443 3618 asthe husband, and Miss Gertrude Kingston as
528 3602 733 3649 Uthe wise.
560 3603 1444 3683 Mr. W. B. Teats's“ Pot of Broth,“ which
535 3649 1450 3727 stands first on the programme, has been several
531 3698 1457 3757 times seen before in London and needs nofurther
528 3733 1445 3812 notice in detail. Mr. Robert Pateman as the
539 3780 1454 3845 tramp was extremely clever, though it secmns to
549 3813 1447 3876 us the Irish tramp does nothing that his English
1454 3803 1520 3876 it
538 3852 1454 3907 counterpart in equal need of food might not very
546 3887 1444 3954 well have been capable of. His chief difficulty
549 3925 1458 3990 weuld have been to find in this conntry a woman
1453 3943 1533 3993 al
532 3966 1293 4038 so simpie and gullible as Sibby Concely.
1460 4014 1528 4060 7
1531 447 3218 526 THE STANDARD, WEDNESDAY. MARCH 1, 102
1472 548 1978 662 ERRT-BOATS
2071 582 2715 658 COURT THIEATRE.
2180 689 2620 773 A TRIPLE BILL.
1646 723 1973 814 SERVIC E
2002 804 2825 863 A good many people have found their way.to
1960 853 2820 913 the Court Theatre of late, since the“ Vedrenve¬
1959 889 2826 931 Barker Matendes“ have been in progress. Such play¬
1965 930 2820 985 goers may be cordially advised to repeat their visit,
1963 959 2846 1000 and those who have not been to follow the example
1971 993 2942 1043 while the present“triple bill is being given; for pier
1966 1036 2816 1080 two of the three pieces are something a good deal
2835 1049 2936 1099 ing,
1967 1075 2817 1122 more than merely worth seeing. The first of the
2835 1089 2938 1134 the
1979 1103 2823 1158 three is of small acconnt. This is Tüe Pot of
2831 1124 2942 1170 Hal
1979 1147 2819 1188 Broth, by Mr. W. B. Yeats, nominally a farce, but at
2829 1163 2950 1212 nart
1981 1183 2820 1225 best no more than verv faintly amusing. Abungry
2834 1199 2950 1258 abe
1960 1216 2821 1276 tramp—the scene is in Ireland—calls at a cottage in
2838 1244 2943 1281 com
1969 1249 2823 1304 search of a meal. The woman is mean, and, gues¬¬
2832 1271 2958 1334 tele
1970 1287 2816 1330 ing his errand, refuses before he asks. Heis artfal,
2826 1316 2907 1358 to
1980 1321 2827 1365 and producing a stoue from his pocket, teils her
1976 1340 2965 1399 that it has magio properties, that placed simplv have
2837 1388 2959 1445 char
1972 1384 2837 1444 in a cooking pot it will produce excellent
1969 1419 2965 1469 broth. She believes, it is put to the test, mas:
2840 1464 2970 1512 chan
1969 1460 2832 1515 the man, however, artfully contriving to add in¬
1974 1496 2833 1548 gredients, and he leaves the stone, taking with him
2835 1502 2965 1554 fron
1980 1532 2830 1579 in exchange a chicken and a boctle of whisky. Mr.
2831 1533 2971 1593 sulat
1968 1567 2830 1623 Pateman did what was possible in this over-elaborated
2835 1578 2955 1625 like
1979 1610 2581 1665 trifle with the part of the wayfarer.
2824 1609 2964 1672 into
2216 1641 2601 1706 “ IN THE HOSPITAL.“
1999 1668 2976 1748 The second piece, Jn the Hospital, translated byhour:
1971 1727 2838 1767 Mr. Christopher Horne from the German of Herr
2841 1720 2978 1778 were
1967 1762 2837 1824 Arthur Schnitzler, is an extremely powerful littie
2832 1756 2974 1818 trian
1981 1797 2835 1847 play, and a remarkable one, moreover. There is
2842 1806 2967 1859 close
1976 1834 2832 1890 practically no action; the man on whom everything
2844 1845 2976 1889 the s
1973 1864 2831 1916 depends never moves from thechair in which, indeed,
2834 1875 2977 1926 tinct
1977 1906 2829 1952 he is dying, and yet the simple little drama holds the
2839 1910 2967 1966 first 1
1972 1939 2824 1979 audience irredistibly. In an extra ward of the Vienna
2837 1947 2971 2005 wires
1974 1972 2826 2015 General Hospital Karl Rademacher’s life is ebbing
1969 1998 2965 2058 away. His career has been a failure. He has worked jset 1
2838 2029 2978 2087 Manz
1978 2040 2836 2103 hard as a hack journalist to earn a scanty wage, and
2845 2071 2985 2125 office
1980 2079 2832 2135 what has made it all the more bitter is that, while he
1978 2114 2835 2164 has gone down his old companion, Alexander
2841 2135 2982 2196 prest
1978 2153 2836 2197 Weihgart, no cleverer or more capable Rade¬
2843 2184 2975 2232 from
1983 2184 2835 2231 macher is conzinced, has steadily asconded.
1978 2217 2830 2286 His own earnest desire is to meet the man he regards
2837 2219 2965 2275 liant
1987 2248 2837 2304 as his successful rival, to let him know that his friend¬
2839 2263 2979 2309 grout
1978 2298 2847 2343 ship has been a pretence, that he hates him; and be
2851 2299 2985 2347 proac.
1979 2327 2848 2375 is overjoyed when the Doctor consents to ask
2841 2330 2976 2383 wires
1983 2360 2840 2405 Weihgart to come. There is au actor, Floriar
2846 2362 2982 2424 firem
1977 2394 2830 2441 Schubart, also in the hospital, and he suggests #
2850 2410 2991 2463 dente
1978 2435 2832 2474 Frehearsal of the coming scene; hewill be Weihgart—
2847 2453 2986 2509 arouf
1987 2451 2844 2509 what has Rademacher to say to him? The writer
2845 2488 2985 2536 spect.
1977 2503 2837 2545 begins his venomous tirade, he casts the mask aside,
2845 2523 2975 2575 area.
1984 2536 2845 2581 tells the other what he has longed to tell, and winds
2845 2559 2980 2613 down
1983 2571 2842 2618 up with a cruel stab—Weihgart’s wife, he
2847 2598 2985 2648 piece:
1974 2593 2847 2662 declares, has been his mistress. Erhausted by the
2850 2630 2969 2687 tire,
1978 2639 2842 2698 effort, for his wrath has carried him beyond bis
2852 2669 2982 2722 sever.
1983 2659 2843 2727 strength, he is lying quietly back in his chair
2846 2704 2986 2758 and
1981 2705 2838 2756 when Weihgart arrives, and begins to talk
1975 2751 2840 2784 soothingly, to lament his old comrade’s misfortunes,
2846 2748 2993 2801 found
1976 2772 2841 2828 to speak of the disappointments and irritations that
2850 2789 3002 2835 wonn
1984 2804 2847 2870 have constantly affected himseif in the midst of his
2877 2825 2990 2877 Aft
1972 2856 2847 2899 apparent prosperity; and Rademacher is gradually
2845 2848 2999 2912 was o
1978 2882 2833 2929 moved to gentler thoughts, his fury passes; when the
2859 2895 3002 2953 had b
1983 2919 2848 2974 allotted quarter of an hour has gone the two part
2846 2941 3001 2994 thete
1987 2947 2841 2997 in all kindness, Weihgart never dreaming that any
1923 2969 1990 3029 d
2853 2971 3000 3038 Telep
1986 2988 2839 3038 hard thought has been in his old friend’s mind. Mr.
1920 3008 1986 3061 5•
2861 3017 2999 3063 worst
1992 3030 2840 3079 J. D. Beveridge plays Rademacher with striking force
1919 3045 1991 3095 k
2861 3049 2998 3105 Some
1992 3059 2844 3108 and finish. Complex as the dving man’s fancies may
2858 3090 3000 3138 excha
1993 3096 2845 3141 be, they are always expressed with perfect clearness.
1914 3107 1978 3174 #t
2846 3129 2993 3189 fire w.
1993 3126 2845 3180 The actor, who does nothing ill, has certainly not for
1901 3161 1991 3205 a¬
2860 3149 3008 3213 set te
1990 3164 2837 3218 along time done auything better; it is a study which
1915 3199 1986 3243 he
2003 3200 2841 3246 will dwell in the recollection of those who see it,
2855 3198 3009 3253 hoped
1991 3236 2844 3287 Mr. George Trollope was also excellent as Schu¬
1911 3234 1991 3289 he
2847 3242 3002 3310 to-day
1986 3267 2846 3328 bart, but Mr. Rudge Harding, as Weihgart,
1994 3300 2850 3361 lacked sincerity; his manner, indeed, rather
1910 3301 1991 3367 hi¬
1995 3342 2842 3393 expressed patronage than sympathy, and the reason
2856 3323 3003 3401 NA
1902 3345 2000 3393 ed
2004 3381 2844 3430 for the change in Rademacher was not made so com¬
1903 3384 1999 3435 vi¬
1998 3407 2854 3468 prehensible as it should have been. The doctor was
1916 3428 1997 3476 rer
2010 3440 2856 3511 well played by Mr. Howard Sturge and the nurse by
1911 3460 1994 3516 1el
2002 3489 2304 3545 Miss Isabel Grey.
1900 3500 1997 3555 ed
2844 3501 3008 3582 THE
2213 3518 2657 3590 MR. B. SHAW'S FARCE.
2027 3558 2867 3625 Mr. Bernard Shaw wound upthe programme with a
1914 3615 1995 3667 rt,
2000 3615 2852 3665 farce which exhibits his fantastic humour at its
1919 3658 2002 3705 st
2001 3654 2858 3699 wildest. How He Lied to Her Husband is the title of
2003 3690 2861 3736 this extraordinarily diverting piece.“ He' is an un¬
2007 3720 2862 3774 fiedged vouth called Henry Apjohn, and the lady with
1926 3721 2017 3782 us
2866 3743 3008 3791 M.P., 1
2006 3758 2856 3802 the husband—a blunt, uuromantio stockbroker—is
1922 3767 2014 3817 he
2870 3782 3008 3827 Nation:
2005 3800 2855 3844 Mrs. Aurora Bumpus. Henry loves her with just the
1927 3801 2015 3863 -
2865 3812 3021 3878 yesterd
2014 3830 2859 3877 same absorbing devotion that Eugene in Candida
1910 3843 1999 3895 ne
2889 3853 3003 3898 The
2008 3872 2862 3911 feels for the clergyman’s excellent wife, and he begs
1912 3885 1996 3933 bt
2867 3883 3005 3933 year 1
2013 3900 2855 3950 her to share his lot—simply to walk out of
2864 3917 3015 3969 that of
2009 3935 2853 3986 the house, and take up her residence with him,
2863 3958 3005 4001 forthe
2001 3968 2847 4031 ignoring the man who“ may have loved her
2875 3991 3020 4037 E17,668
1998 4010 2860 4060 as much as bis sordid nature and commercial environ¬
2874 4028 3025 4069 showin
2011 4044 2859 4087 ment rendered possible.“ But she has something
2871 4060 3022 4102 for the
2011 4084 2857 4132 eise to think of. She is in sore trouble. He has
2871 4092 3018 4130 those o
2012 4108 2864 4156 written her ardent verses, Aurora is the burden of
2868 4111 3023 4164 and oti
2020 4145 2854 4188 all of them, and these verses have, she is convinced,
2883 4156 3010 4186 the rat“
