3392 4256
1113 225 1237 301 Ma
1588 231 2070 326 box 22/2
209 245 1470 335 16.3. Die letzten wasken
2201 749 3283 806 Zusammenhanges zwischen den handelnden Personen,
1262 761 2207 830 aufrückt, leicht entgehen kann. „Verlange die
3130 787 3280 847 Aitriv
2196 796 3141 849 so sind unter diesen wieder einige, die sich lebhaft
1271 806 2219 876 Gürtelschließe, die Dir gestern so gut gefallen hat“,
3139 837 3274 895 burg
2200 851 3135 900 an unsere Theilnahme wenden: so der Journalist
1271 848 2213 918 so rannt die Mutter der Tochter in's Ohr, deren
3138 880 3278 937 nur w
2203 884 3128 935 Dr. Enk, und ein sinniges Mädchen, Johanna, dem
1271 887 2212 960 Launenhaftigkeit den reichen Gatten wieder einmal
3137 923 3279 977 rem in
2200 925 3135 985 die Liebe angeflogen kommt, obwohl der Mann
1272 935 2203 1003 zum Opfern mürbe gemacht, — das allein wirst
3123 968 3288 1026 Stücke
2197 978 3121 1034 ihrer Liebe — Claires Gatte Nummer Eins —
1270 975 2205 1046 schon alles erforderliche Licht auf die handelnden
3130 1009 3286 1067 Geliel
2202 1029 3140 1075 nichts davon weiß. Das Heine'sche „daß ich Dich
1268 1031 2200 1095 Personen. Man riecht förmlich die Sumpf¬
3131 1051 3274 1112 schon
2215 1054 3132 1135 liebe, was geht es Dich an“ geht in dieser kleinen
1272 1076 1901 1138 luft, in die man da gerathen ist.
3139 1100 3284 1153 und in
2197 1109 2924 1177 Träumerin leithaftig über die Bühne.
1299 1103 2202 1169 Das Verlangen nach sinnlichen Genüssen hat die
3130 1145 3289 1201 Ertrarh
2245 1128 3141 1212 Hrau Franck=Witt war die Claire, wie sie sein
1277 1156 2205 1222 arme Musikerstrau Claire Schott und den reichen
3136 1183 3287 1247 Bekan
2204 1186 3142 1258 mußte. Ein schönes Weib, nach niederem Genusse
1279 1205 2207 1260 Flachkopf Larsen zusammengeführt und das Ver¬
3138 1231 3291 1298 der #
2205 1239 3136 1319 begehrend, und selber von seichten Genüßlingen
1274 1245 2205 1305 langen nach einer guten Altersversorgung hat
3138 1280 3296 1336 broche
2202 1278 3144 1337 begehrt. Herr Bozenhard als Dr. Enk formte
1275 1298 2209 1360 Claire's Mutter diesem sauberen Büntnisse allen
3136 1324 3288 1381 darauf
2208 1337 3146 1385 aus einem Lehm.loy wieder einmal einen echten
1277 1331 2216 1408 Vorschub leisten jassen. Im Beginn des Stü#s
3133 1369 3288 1424 Colleg
2206 1367 3144 1436 Menschen. Es ist etwas von der fliegenden Manier
1279 1382 2218 1441 sind Larsen und Clatre von ihrer einjährigen Hochzenee!
3139 1416 3279 1468 schäut
2212 1419 3146 1479 der großen medernen Bildhauer in der Art dieses
1279 1425 2210 1488 reise eben zurückgekehrt. Das witzlose Faultvierieben
3131 1452 3291 1528 unsere
2215 1456 3146 1523 Künstlers, mit einigen wenigen Fingergriffen, einem
1280 1457 2215 1525 an der Seite ihres zweiten Gatten nährend dieses
3146 1501 3279 1564 als ei
2205 1510 3151 1574 Drucke hier, einer auswischenden Bewegung dort
1278 1511 2220 1571 Jahres, zusammen mit dem Berliner Pflaster weckt
3136 1547 3277 1612 listen
2212 1551 3139 1618 Charakteristica i sonst episodische Gestalten hinein
1285 1564 2213 1628 in Clatre's Brust die Sennsucht nach einem Elwas
3131 1592 3279 1649 Zeit,
2205 1598 3139 1664 zu tragen, die dadurch in den Mittelpunkt des Inte¬
1308 1598 2218 1668 — was sie für die noch unerstorbene Liebe zu ihrem:
3140 1625 3286 1695 hange
2207 1646 3145 1705 resses rücken. Die still liebende, sinnige Johanna
1281 1645 2219 1715 ersten Manne halt, wahrend es in Wahrheil nur die
3134 1682 3280 1735 listen
2216 1680 3136 1744 war in den Händen des Fräulein Bré an der
1290 1696 2214 1751 Sehnsucht der Zigeunerin nach dem alten Sumpfleben
3137 1719 3280 1778 zu ma
2209 1734 3137 1795 rechten Stelle. Als sie zum Schlusse des letzten
1298 1739 2215 1802 ist. Sie ergreift die erstbeste Gelegenheit, in diesen
3134 1770 3287 1820 derlei
2221 1773 3148 1851 Actes, mit der Lampe in der Hand, die dunkle
1291 1787 2211 1835 Sumpf wenigstens besuchsweise wieder unterzu¬
3146 1807 3292 1888 schafti
2207 1821 3142 1881 Stube des zum zweiten Male und nun endgültig
1287 1823 2211 1885 tauchen, wobei Gatte Nummer Bwei sie in der
1293 1861 2214 1935 von dem Galten Nummer Eins bewohnten Man¬
2212 1856 3150 1926 von seiner Frau geschiedenen, un von ihr in der
2216 1907 3154 1980 Stille geliebten Musikers Schott betrat, sah man
1290 1909 2218 1977 sarde überrascht. Gatte Nummer Zwei har
2206 1954 2512 2018 mit ihr 9
1294 1941 2211 2008 indeß die Philosophie des Geldbeutels. Er jaßt die
2534 1949 3008 2012 Stück Zukunft die
2989 1947 3172 2024 Seene
1294 1998 2221 2060 Situation ohne alle Tragik auf. Er kennt seine
2209 2001 3192 2061 betreten, die een dem ungeschlachten und durchaus se
1293 2026 2231 2100 Frau besser als sein Vorgänger in der Ehe mit!
2214 2047 3152 2096 unsympatischen- von Herrn Farecht gespielten —
1299 2084 2216 2160 Claire, der sie zu dauerndem Verbleiben und reuig¬
2220 2080 3162 2158 Menschen eigenslich gar nicht gönnte. Menschlich
1285 2116 2230 2193 in seine Arme zurückgekehri vermeint. Gatte
2210 2138 3152 2197 näyer als dieser erste, stand uns Herr Hallenstein
1296 2170 2224 2241 Nummer Zwei erklärt ohne alle Erregung, daß er
2224 2186 3145 2233 als zweiter Garte Claire's; er war überzeugend als
1295 2221 2225 2285 langsam vorausgehen wolle. Wenn er an der
2217 2223 3151 2286 Ausdruck jener Philosophie, deren Sitz der Magen
1294 2260 2225 2327 untersten Treppenstuse angelangt ist, erwartet er,
2214 2251 3159 2342 und deren Deweis der Geldfack ist. Frau Bozen¬
1287 2296 2218 2363 daß seine Frau bei ihm sein werde. Ist sie es
2220 2315 3161 2371 hard=Hücker, zu deren Vortheil das neue Stück
1294 2355 2221 2412 nict, so hat sie in seinem Hause überhaupt nichts
2224 2359 3151 2426 überhaupt in Scene ging, hatte mit der Rolle der
1295 2396 2219 2461 mehr zu suchen. Und in der That kann
2210 2417 3144 2463 resoluten Mitarbeiterin und nachherigen Frau des
1290 2447 2210 2503 Larsen unmöglich bereits an der bezeichneten
2220 2443 3147 2520 Journasisten Dr. Enck eine Aufgabe übernommen,
1299 2482 2212 2546 untersten Treppenstuse angelangt sein und schon ist
2215 2499 3164 2553 die (eibst in den paar Austritten, die sie auf der
1289 2536 2209 2589 sein Frauchen hinter ihm her. Es wäre zum
2214 2547 3145 2607 Scene erscheint, immer im Schatten verbleibk, so
1285 2565 2223 2635 Lachen lnstig, wenn man mit gutem Gewissen sich
2214 2576 3162 2653 daß alles Lob das ihr gespendet werdia kann, allen¬
1293 2625 2221 2675 sagen könnte, daß derlei nur auf dem Theater
2214 2637 3145 2690 alls in den Worten zusammenzufassen ist, daß sie
1293 2670 2220 2723 vorkommt. Aber es giebt Einem einen Stich über
2219 2677 3147 2734 sich von allen Versuchen fern gehalten hat, mehr
1286 2710 2217 2766 dem Erkennen, wie gerade in diesem Schluß das
2210 2716 3152 2779 aus ihrer Rolle zu machen als dieser zukam.
1295 2736 2215 2814 wirkliche Leben am eindringlichsten abgeschildert ist
2244 2760 3143 2823 In einem, überflüssiger Weise neu aufgewärmten,
1286 2802 2217 2858 in dem ganzen Stücke. Wenn es nicht manchmal
2227 2801 3143 2880 älteren Einacter „Die Versucherin“ erschien neben
1292 2847 2212 2892 Doppelseibstmorde aus Liebe gäbe, man könnte
2216 2854 3147 2907 Frau Bozenhard=Hücker, die hier mit dem ganzen
1300 2890 2220 2947 wirklich zweifeln, daß es in unserer Zeit überhaupt
2225 2903 3149 2956 Einsatz ihrer angenehmen Persönlichkeit eine die
1291 2935 2222 2986 nod, iebe giebt. Aber freilich, aus Liebesnoth
2217 2944 3162 3011 Wänner naseführende. Wittwe spielte, Fräulein
1294 2985 2218 3042 sterben, ist noch kein Beweis, mit Liebesurth im
2213 2979 3147 3035 Tetzlaff in der Rolle einer Neavermählten.
498 2827 1232 3071 2 Chalia=Thrater. 100
1294 3024 2214 3089 Herzen und — im Magen leben, das ist schon mehr.
2219 3016 3150 3096 Fräulein Tetzlaff ist so wenig beschäftigt, daß, so
1080 3037 1216 3121 M.¬
1322 3070 2221 3126 „Der fremde Herr“ ist mehr Studie als Stück
567 3047 1070 3136 „Der fremde Herr“,
2213 3073 3151 3144 oft sie auftritt, man eigenklich immer aufs Neue
1288 3099 2215 3163 und die Erklärung dieser Frau zweier Männer, die
390 3095 1261 3189 Schauspiel in 3 Acten, von Olga Wohlbrück.
2228 3125 3159 3178 wieder neugierig gemacht ist, zu erfahren, ob sie
1293 3161 2227 3217 im Grunde doch keines Mannes Weib ist, war
2211 3167 3149 3223 hier nicht nur als Gast erscheint — und in
583 3161 1057 3235 „Die Versucherin“,
1291 3196 2229 3267 die Aufgabe dieses Stückes, die die Verfasserin
2226 3204 3164 3264 Wirklichkeit ganz wo anders engagei ist. Daß
445 3198 1183 3285 Lustspiel in 1 Act, von G. v. Moser.
1300 3237 2228 3307 auch gelöst hat. Da ist nichts an dieser
2216 3248 3150 3312 trotz dieser Nichtbeschäftigung Fräulein Tetzlaff
1298 3287 2219 3365 Claire, was unverständlich wäre. Die Gemeinheit
2213 3296 3151 3361 i noch immer eine große Ungezwungenheit in Rede
548 3261 1118 3396 Ein Wort in eigener Sacht.
1296 3336 1426 3392 tritt
1407 3339 2215 3389 uns schleierlos entgegen. Der Auf¬
2220 3337 3158 3410 und Bewegung auf der Bühne besitzt, ist jedenfalls
1289 3378 2217 3444 gabe schwierigeren Theil zu lösen, die Fäden
383 3365 1275 3440 Ein Beitrag zu dem Capitel von der wurm¬
2217 3387 3155 3444 alles Mögliche. Denn das Sprichwort „rast ich,
1291 3434 2219 3487 mit und ineinander solchermaßen zu verknüpfen,
362 3420 1282 3479 stichigen Frau, geschrieben und geliefert von einer
2215 3434 3163 3508 so rost ich“ gilt nirgend so sehr, wie auf der
1289 3465 2220 3528 daß alles, was geschieht, mit Nothwendigkeit ge¬
369 3467 1289 3529 Frau — das allein ist schon Reiz. Die Evanalur
2214 3472 2394 3548 Bühne.
1288 3513 2219 3589 schehen muß, ist der Versasserin weniger gelungen,
361 3510 1289 3573 belauert durch dieselbe Natur, ein klein wenig Verrath,
1295 3557 2222 3620 Wir könnten uns ganz gut fast alle anderen
358 3565 1282 3618 verübt an dem eigenen Geschlecht, daraus läßt sich
1292 3602 2226 3675 handelnden Personen aus dem Stücke hinweg
363 3601 1294 3664 für eine nur einigermaßen geschickte, weibliche Hand
2254 3584 3161 3659 Zum Schlusse ein Wort in eigener Sache. Im
1287 3639 2210 3699 denken, ohne daß darum die Allgemeinverständlich¬
358 3655 1285 3709 gar manche Pikanterie gewinnen, die dem männ¬
2218 3645 3159 3716 Gegensatz zu Gustav Freytag, der in dem Jour¬
1294 3695 2225 3744 keit Claires den geringsten Abbruch erlitte. Fehlt
362 3693 1286 3752 lichen Schriftsteller, der in der Frauenschilderung
2223 3692 3151 3742 ualisten den geistigen Adelsmenschen ehrt, gefallen
344 3724 3186 3817 „dochimmer nur Beobachter bleibt und nie zur Partei] es also an der Herstellung eines inuigen, iuneren sich neuere Autoren darin, dort, wo sie Journalisten
