<?xml version="1.0" encoding="UTF-8" standalone="yes"?>
<PcGts xmlns="http://schema.primaresearch.org/PAGE/gts/pagecontent/2013-07-15" xmlns:xsi="http://www.w3.org/2001/XMLSchema-instance" xsi:schemaLocation="http://schema.primaresearch.org/PAGE/gts/pagecontent/2013-07-15 http://schema.primaresearch.org/PAGE/gts/pagecontent/2013-07-15/pagecontent.xsd">
    <Metadata>
        <Creator>prov=University of Rostock/Institute of Mathematics/CITlab/Gundram Leifert/gundram.leifert@uni-rostock.de:name=ONB_Newseye_GT_M1+(htr_id=10810)::::v=2.4.2
prov=University of Rostock/Institute of Mathematics/CITlab/Tobias Gruening/tobias.gruening@uni-rostock.de:name=de.uros.citlab.module.baseline2polygon.B2PSeamMultiOriented:v=2.4.2
prov=University of Rostock/Institute of Mathematics/CITlab/Tobias Gruening/tobias.gruening@uni-rostock.de:name=/mnt/transkribus/LA/DEA/URO/LA_news_onb_att.pb:de.uros.citlab.segmentation.CITlab_LA_ML:v=2.4.2
Transkribus</Creator>
        <Created>2019-10-07T15:16:25.791+02:00</Created>
        <LastChange>2019-10-09T02:32:42.916+02:00</LastChange>
        <TranskribusMetadata docId="224234" pageId="9515191" pageNr="1" tsid="16619763" status="IN_PROGRESS" userId="40391" imgUrl="https://files.transkribus.eu/Get?id=VGUJBBWSKXYYSFCETCMTLAGZ&amp;fileType=view" xmlUrl="https://files.transkribus.eu/Get?id=QLBAWPMQYKVIPNVKGTTBVFTM" imageId="6203425"/>
    </Metadata>
    <Page imageFilename="224234_0001.jpeg" imageWidth="3392" imageHeight="4320">
        <ReadingOrder>
            <OrderedGroup id="ro_1711443530798" caption="Regions reading order">
                <RegionRefIndexed index="0" regionRef="r1"/>
                <RegionRefIndexed index="1" regionRef="r2"/>
                <RegionRefIndexed index="2" regionRef="r3"/>
                <RegionRefIndexed index="3" regionRef="r4"/>
                <RegionRefIndexed index="4" regionRef="r5"/>
            </OrderedGroup>
        </ReadingOrder>
        <TextRegion orientation="0.0" id="r1" custom="readingOrder {index:0;}">
            <Coords points="232,184 232,4198 2588,4198 2588,184"/>
            <TextLine id="r1l1" custom="readingOrder {index:0;}">
                <Coords points="2186,235 2198,234 2212,243 2233,243 2240,236 2268,243 2289,226 2329,225 2328,176 2316,176 2298,186 2279,175 2265,184 2251,175 2239,182 2232,175 2185,174"/>
                <Baseline points="2197,211 2227,209 2257,208 2287,208 2317,209"/>
                <TextEquiv>
                    <Unicode>—</Unicode>
                </TextEquiv>
            </TextLine>
            <TextLine id="r1l2" custom="readingOrder {index:1;}">
                <Coords points="1557,291 1606,322 1648,311 1734,325 1770,309 1793,326 1854,315 1891,337 1933,319 2012,321 2014,265 1937,240 1899,263 1881,248 1850,266 1806,251 1756,281 1724,259 1691,270 1605,247 1579,265 1558,256"/>
                <Baseline points="1568,305 1593,304 1619,304 1644,304 1670,304 1695,305 1721,306 1746,307 1772,308 1797,309 1823,310 1848,311 1874,311 1899,312 1925,311 1950,311 1976,310 2002,307"/>
                <TextEquiv>
                    <Unicode>box 36/7</Unicode>
                </TextEquiv>
            </TextLine>
            <TextLine id="r1l3" custom="readingOrder {index:2;}">
                <Coords points="221,292 393,335 1416,332 1417,281 1315,244 960,241 896,278 764,237 404,228 342,283 222,252"/>
                <Baseline points="232,289 290,293 349,298 407,301 466,303 525,306 583,307 642,309 701,310 759,311 818,312 877,312 935,313 994,313 1053,314 1111,314 1170,315 1229,316 1287,317 1346,318 1405,320"/>
                <TextEquiv>
                    <Unicode>1. Panphlets offnrints</Unicode>
                </TextEquiv>
            </TextLine>
            <TextLine id="r1l4" custom="readingOrder {index:3;}">
                <Coords points="1527,846 1537,846 1543,849 1553,845 1555,848 1569,849 1574,779 1556,778 1548,784 1544,779 1532,778"/>
                <Baseline points="1540,836 1559,837"/>
                <TextEquiv>
                    <Unicode>—</Unicode>
                </TextEquiv>
            </TextLine>
            <TextLine id="r1l5" custom="readingOrder {index:4;}">
                <Coords points="1594,878 1627,875 1643,883 1665,868 1710,859 1732,844 1755,850 1759,784 1737,790 1728,783 1700,795 1688,785 1669,793 1644,792 1615,809 1598,808"/>
                <Baseline points="1608,847 1634,848 1661,849 1688,850 1715,852 1742,855"/>
                <TextEquiv>
                    <Unicode>313</Unicode>
                </TextEquiv>
            </TextLine>
            <TextLine id="r1l6" custom="readingOrder {index:5;}">
                <Coords points="716,931 2599,974 2542,881 717,880"/>
                <Baseline points="728,917 825,920 923,924 1021,926 1119,928 1217,930 1315,932 1412,934 1510,935 1608,936 1706,938 1804,939 1902,941 1999,943 2097,946 2195,948 2293,951 2391,955 2489,959 2587,964"/>
                <TextEquiv>
                    <Unicode>ie sollst du mich befragen“), mit dem dritten Takte des ersten Abendmahlspruches</Unicode>
                </TextEquiv>
            </TextLine>
            <TextLine id="r1l7" custom="readingOrder {index:6;}">
                <Coords points="722,969 2572,1030 2585,978 723,934"/>
                <Baseline points="734,963 825,967 917,972 1009,975 1101,977 1193,979 1285,981 1376,982 1468,983 1560,984 1652,985 1744,986 1836,988 1928,989 2019,991 2111,993 2203,996 2295,999 2387,1004 2479,1009 2571,1015"/>
                <TextEquiv>
                    <Unicode>(Schmerzensmotiv) aus „Parsifal“ und dem II. Autzuge von Kistlers Kunihild zusammen¬</Unicode>
                </TextEquiv>
            </TextLine>
            <TextLine id="r1l8" custom="readingOrder {index:7;}">
                <Coords points="717,1029 2595,1057 718,980"/>
                <Baseline points="729,1015 821,1018 914,1020 1007,1022 1099,1024 1192,1026 1285,1027 1377,1029 1470,1031 1563,1032 1656,1034 1748,1035 1841,1037 1934,1039 2026,1041 2119,1043 2212,1046 2304,1049 2397,1052 2490,1055 2583,1059"/>
                <TextEquiv>
                    <Unicode>hielt. Man wird das Theim (C. F. G. As kennen. Die ersten vier Takte zum Schluss¬</Unicode>
                </TextEquiv>
            </TextLine>
            <TextLine id="r1l9" custom="readingOrder {index:8;}">
                <Coords points="716,1076 2587,1120 2396,1055 717,1029"/>
                <Baseline points="727,1066 819,1067 911,1069 1004,1070 1096,1071 1189,1073 1281,1074 1373,1076 1466,1077 1558,1079 1651,1081 1743,1083 1835,1084 1928,1087 2020,1089 2113,1091 2205,1094 2297,1097 2390,1100 2482,1103 2575,1106"/>
                <TextEquiv>
                    <Unicode>satz der Jupiter-Symphonie Mozarts finden sich in Bachs „wohltemporiertem Klaviert.</Unicode>
                </TextEquiv>
            </TextLine>
            <TextLine id="r1l10" custom="readingOrder {index:9;}">
                <Coords points="726,1120 2426,1170 2584,1120 727,1073"/>
                <Baseline points="739,1115 830,1115 922,1115 1013,1116 1105,1116 1197,1118 1288,1119 1380,1121 1471,1122 1563,1125 1655,1126 1746,1129 1838,1131 1929,1134 2021,1137 2113,1140 2204,1143 2296,1147 2387,1149 2479,1153 2571,1157"/>
                <TextEquiv>
                    <Unicode>Was stände auch nicht alles in diesem Werke! Als Wagner an seinem „Parsifal“</Unicode>
                </TextEquiv>
            </TextLine>
            <TextLine id="r1l11" custom="readingOrder {index:10;}">
                <Coords points="714,1170 2595,1207 2196,1146 715,1125"/>
                <Baseline points="725,1162 822,1162 920,1162 1018,1162 1116,1163 1214,1165 1312,1166 1409,1168 1507,1170 1605,1173 1703,1175 1801,1179 1899,1181 1996,1184 2094,1188 2192,1191 2290,1194 2388,1198 2486,1202 2584,1205"/>
                <TextEquiv>
                    <Unicode>arbeitete, verriet, so erzühlte Kistler, ein Freund des Meisters seinen Kollegen mit</Unicode>
                </TextEquiv>
            </TextLine>
            <TextLine id="r1l12" custom="readingOrder {index:11;}">
                <Coords points="717,1209 2592,1264 2563,1209 718,1170"/>
                <Baseline points="729,1207 821,1206 914,1207 1006,1207 1099,1208 1191,1210 1284,1212 1376,1214 1469,1216 1561,1219 1654,1222 1747,1225 1839,1228 1932,1231 2024,1235 2117,1238 2209,1241 2302,1244 2394,1247 2487,1250 2580,1253"/>
                <TextEquiv>
                    <Unicode>Entzücken eine neue kühne Harmonienverbindung: Fis-dur, Dmoll, Edur, Emoll. Man#</Unicode>
                </TextEquiv>
            </TextLine>
            <TextLine id="r1l13" custom="readingOrder {index:12;}">
                <Coords points="705,1261 2519,1317 2575,1261 706,1224"/>
                <Baseline points="717,1252 809,1252 901,1253 993,1254 1085,1255 1178,1257 1270,1259 1362,1262 1454,1264 1546,1268 1639,1271 1731,1274 1823,1277 1915,1280 2007,1284 2100,1286 2192,1289 2284,1292 2376,1294 2468,1296 2561,1298"/>
                <TextEquiv>
                    <Unicode>denke: Fis-dur in der fünften Lage, Dmoll in der achten, — und dann die Sequenz! —</Unicode>
                </TextEquiv>
            </TextLine>
            <TextLine id="r1l14" custom="readingOrder {index:13;}">
                <Coords points="709,1304 2584,1377 2600,1305 710,1265"/>
                <Baseline points="720,1297 813,1299 906,1302 1000,1304 1093,1306 1187,1309 1280,1312 1373,1315 1467,1317 1560,1320 1654,1323 1747,1326 1840,1329 1934,1332 2027,1335 2121,1338 2214,1340 2307,1344 2401,1346 2494,1348 2588,1351"/>
                <TextEquiv>
                    <Unicode>„Unerhört!“ schrien die Antiwagnerianer. Und doch stehen Alter, Stand, Wohnort und </Unicode>
                </TextEquiv>
            </TextLine>
            <TextLine id="r1l15" custom="readingOrder {index:14;}">
                <Coords points="714,1367 2589,1417 2587,1351 716,1311"/>
                <Baseline points="725,1348 817,1348 910,1349 1002,1351 1095,1352 1188,1355 1280,1357 1373,1360 1466,1363 1558,1366 1651,1370 1744,1373 1836,1377 1929,1380 2022,1384 2114,1387 2207,1391 2300,1393 2392,1396 2485,1398 2578,1399"/>
                <TextEquiv>
                    <Unicode>Herkunft dieser „unerhörten“ Harmonieverbindung in Sebastian Bachs genanntem Werke:</Unicode>
                </TextEquiv>
            </TextLine>
            <TextLine id="r1l16" custom="readingOrder {index:15;}">
                <Coords points="1181,1454 1226,1454 1245,1442 1261,1452 1296,1458 1315,1455 1334,1442 1346,1450 1364,1448 1368,1388 1356,1387 1343,1374 1303,1368 1258,1388 1186,1382"/>
                <Baseline points="1194,1429 1220,1432 1247,1435 1273,1437 1300,1438 1326,1438 1353,1438"/>
                <TextEquiv>
                    <Unicode>Wagner:</Unicode>
                </TextEquiv>
            </TextLine>
            <TextLine id="r1l17" custom="readingOrder {index:16;}">
                <Coords points="1625,1460 1641,1458 1666,1471 1685,1465 1701,1482 1792,1483 1795,1427 1783,1427 1772,1415 1744,1416 1730,1401 1718,1408 1704,1402 1676,1406 1672,1401 1660,1408 1655,1403 1627,1408"/>
                <Baseline points="1638,1451 1666,1450 1695,1451 1724,1452 1753,1454 1782,1457"/>
                <TextEquiv>
                    <Unicode>Bach:</Unicode>
                </TextEquiv>
            </TextLine>
            <TextLine id="r1l18" custom="readingOrder {index:17;}">
                <Coords points="1463,1545 1479,1547 1483,1550 1493,1544 1505,1545 1514,1473 1500,1472 1498,1469 1493,1469 1489,1463 1473,1461"/>
                <Baseline points="1478,1525 1496,1527"/>
                <TextEquiv>
                    <Unicode></Unicode>
                </TextEquiv>
            </TextLine>
            <TextLine id="r1l19" custom="readingOrder {index:18;}">
                <Coords points="1961,1561 1984,1562 1991,1566 2003,1563 2007,1566 2015,1565 2039,1550 2050,1552 2056,1512 2042,1512 2038,1507 2021,1511 2003,1506 1995,1510 1993,1507 1970,1503"/>
                <Baseline points="1977,1540 2008,1544 2039,1550"/>
                <TextEquiv>
                    <Unicode>—#</Unicode>
                </TextEquiv>
            </TextLine>
            <TextLine id="r1l20" custom="readingOrder {index:19;}">
                <Coords points="1084,1576 1103,1580 1115,1572 1119,1577 1127,1575 1152,1578 1156,1536 1144,1535 1138,1529 1117,1528 1114,1530 1089,1525"/>
                <Baseline points="1098,1545 1144,1549"/>
                <TextEquiv>
                    <Unicode>S—</Unicode>
                </TextEquiv>
            </TextLine>
            <TextLine id="r1l21" custom="readingOrder {index:20;}">
                <Coords points="1051,1532 1123,1534 1163,1569 1421,1571 1550,1599 1600,1578 1833,1595 1836,1551 1717,1540 1615,1480 1516,1543 1384,1468 1055,1460"/>
                <Baseline points="1062,1523 1100,1530 1138,1535 1176,1540 1214,1545 1252,1550 1290,1552 1328,1555 1366,1557 1404,1560 1443,1561 1481,1563 1519,1564 1557,1565 1595,1566 1633,1566 1671,1567 1709,1568 1747,1568 1785,1569 1824,1570"/>
                <TextEquiv>
                    <Unicode></Unicode>
                </TextEquiv>
            </TextLine>
            <TextLine id="r1l22" custom="readingOrder {index:21;}">
                <Coords points="2049,1568 2089,1570 2119,1597 2131,1593 2165,1602 2185,1590 2236,1594 2245,1522 2228,1522 2209,1504 2190,1501 2163,1515 2056,1507"/>
                <Baseline points="2062,1562 2089,1564 2117,1567 2144,1570 2172,1573 2199,1577 2227,1580"/>
                <TextEquiv>
                    <Unicode>228—</Unicode>
                </TextEquiv>
            </TextLine>
            <TextLine id="r1l23" custom="readingOrder {index:22;}">
                <Coords points="1781,1554 1812,1550 1883,1590 1903,1582 1957,1599 1984,1588 2051,1602 2076,1590 2101,1595 2104,1560 2056,1548 2013,1556 1967,1544 1937,1522 1784,1524"/>
                <Baseline points="1794,1551 1820,1557 1847,1563 1874,1567 1901,1570 1928,1573 1955,1574 1982,1577 2009,1578 2036,1580 2063,1582 2090,1584"/>
                <TextEquiv>
                    <Unicode>A </Unicode>
                </TextEquiv>
            </TextLine>
            <TextLine id="r1l24" custom="readingOrder {index:23;}">
                <Coords points="686,1643 2544,1717 2570,1646 687,1594"/>
                <Baseline points="697,1633 794,1637 892,1642 990,1646 1088,1650 1186,1655 1284,1659 1381,1662 1479,1666 1577,1669 1675,1673 1773,1676 1871,1679 1968,1682 2066,1684 2164,1687 2262,1689 2360,1691 2458,1693 2556,1695"/>
                <TextEquiv>
                    <Unicode>Das war für die Wagnerianer neu, für die Antiwagnerianer recht fatal; aber es liess sich</Unicode>
                </TextEquiv>
            </TextLine>
            <TextLine id="r1l25" custom="readingOrder {index:24;}">
                <Coords points="689,1677 751,1705 919,1716 964,1699 1026,1725 1195,1710 1257,1734 1259,1673 1222,1665 1142,1676 1042,1655 888,1664 690,1644"/>
                <Baseline points="700,1684 727,1685 754,1686 781,1687 809,1688 836,1689 863,1690 891,1692 918,1693 945,1694 973,1695 1000,1696 1027,1697 1054,1698 1082,1699 1109,1700 1136,1701 1164,1702 1191,1703 1218,1703 1246,1704"/>
                <TextEquiv>
                    <Unicode>nun einmal nicht ändern.</Unicode>
                </TextEquiv>
            </TextLine>
            <TextLine id="r1l26" custom="readingOrder {index:25;}">
                <Coords points="2137,1758 2255,1752 2272,1741 2366,1766 2412,1750 2430,1765 2498,1742 2500,1705 2463,1701 2446,1714 2395,1697 2325,1706 2300,1691 2140,1697"/>
                <Baseline points="2150,1731 2175,1732 2201,1732 2227,1733 2253,1734 2279,1735 2305,1736 2330,1738 2356,1739 2382,1740 2408,1741 2434,1743 2460,1745 2486,1747"/>
                <TextEquiv>
                    <Unicode>(Fortsetzung folgt.)</Unicode>
                </TextEquiv>
            </TextLine>
            <TextLine id="r1l27" custom="readingOrder {index:26;}">
                <Coords points="902,1929 914,1929 934,1916 950,1915 973,1897 1009,1924 1023,1923 1019,1834 982,1841 967,1837 897,1841"/>
                <Baseline points="912,1916 945,1910 978,1908 1011,1911"/>
                <TextEquiv>
                    <Unicode></Unicode>
                </TextEquiv>
            </TextLine>
            <TextLine id="r1l28" custom="readingOrder {index:27;}">
                <Coords points="2042,1950 2058,1948 2068,1937 2087,1935 2109,1939 2139,1932 2129,1865 2115,1867 2100,1860 2092,1870 2085,1871 2068,1869 2058,1861 2030,1865"/>
                <Baseline points="2053,1937 2089,1930 2125,1927"/>
                <TextEquiv>
                    <Unicode>22</Unicode>
                </TextEquiv>
            </TextLine>
            <TextLine id="r1l29" custom="readingOrder {index:28;}">
                <Coords points="2074,1951 2091,1954 2107,1943 2128,1964 2151,1968 2164,1982 2181,1983 2184,1903 2156,1902 2141,1914 2134,1913 2122,1925 2075,1925"/>
                <Baseline points="2087,1948 2114,1949 2141,1946 2169,1954"/>
                <TextEquiv>
                    <Unicode></Unicode>
                </TextEquiv>
            </TextLine>
            <TextLine id="r1l30" custom="readingOrder {index:29;}">
                <Coords points="1019,1969 1044,1954 1064,1967 1075,1955 1087,1956 1132,1978 1150,1970 1174,1974 1187,1959 1217,1953 1244,1964 1240,1877 1174,1875 1156,1886 1128,1877 1105,1892 1086,1884 1063,1904 1016,1889"/>
                <Baseline points="1031,1963 1056,1960 1081,1960 1106,1960 1131,1962 1156,1962 1181,1960 1206,1955 1231,1945"/>
                <TextEquiv>
                    <Unicode></Unicode>
                </TextEquiv>
            </TextLine>
            <TextLine id="r1l31" custom="readingOrder {index:30;}">
                <Coords points="2198,1986 2209,1983 2220,1970 2237,1980 2249,1977 2226,1898 2210,1903 2203,1902 2191,1911 2177,1915"/>
                <Baseline points="2204,1966 2232,1958"/>
                <TextEquiv>
                    <Unicode>0</Unicode>
                </TextEquiv>
            </TextLine>
            <TextLine id="r1l32" custom="readingOrder {index:31;}">
                <Coords points="1320,1975 1433,1972 1511,1998 1650,1976 1698,2004 1799,1977 1892,2001 1937,1988 1994,2018 1997,1934 1930,1906 1750,1928 1697,1903 1663,1923 1610,1898 1556,1922 1323,1891"/>
                <Baseline points="1332,1959 1364,1960 1397,1961 1429,1963 1462,1964 1494,1965 1527,1966 1559,1968 1592,1969 1624,1970 1657,1971 1690,1972 1722,1973 1755,1974 1787,1975 1820,1977 1852,1977 1885,1978 1917,1979 1950,1979 1983,1980"/>
                <TextEquiv>
                    <Unicode>Litterarischer Teil.</Unicode>
                </TextEquiv>
            </TextLine>
            <TextLine id="r1l33" custom="readingOrder {index:32;}">
                <Coords points="2236,1982 2250,1984 2263,1972 2285,1992 2294,1982 2311,1993 2334,1990 2352,1980 2369,1982 2366,1900 2291,1903 2275,1911 2233,1910"/>
                <Baseline points="2248,1980 2275,1975 2303,1973 2330,1973 2358,1976"/>
                <TextEquiv>
                    <Unicode></Unicode>
                </TextEquiv>
            </TextLine>
            <TextLine id="r1l34" custom="readingOrder {index:33;}">
                <Coords points="2042,1977 2054,1978 2067,1968 2091,1985 2109,1987 2122,2001 2132,1995 2155,2000 2165,1992 2195,1996 2199,1968 2185,1966 2166,1947 2151,1953 2115,1943 2089,1945 2075,1936 2060,1946 2046,1944"/>
                <Baseline points="2056,1969 2081,1974 2107,1977 2132,1981 2158,1983 2184,1985"/>
                <TextEquiv>
                    <Unicode></Unicode>
                </TextEquiv>
            </TextLine>
            <TextLine id="r1l35" custom="readingOrder {index:34;}">
                <Coords points="681,2003 1257,2035 1259,1956 1239,1951 1175,1970 1005,1944 981,1958 880,1920 830,1951 786,1924 750,1956 683,1926"/>
                <Baseline points="693,1986 720,1982 748,1979 775,1977 803,1975 831,1975 858,1975 886,1976 914,1978 941,1979 969,1981 997,1983 1024,1985 1052,1987 1080,1988 1107,1990 1135,1990 1163,1990 1190,1990 1218,1989 1246,1986"/>
                <TextEquiv>
                    <Unicode>KO</Unicode>
                </TextEquiv>
            </TextLine>
            <TextLine id="r1l36" custom="readingOrder {index:35;}">
                <Coords points="2202,2013 2216,2014 2221,2010 2224,2013 2236,2005 2243,2005 2252,2011 2265,2001 2276,2002 2279,1974 2265,1973 2263,1970 2256,1972 2254,1969 2244,1977 2227,1959 2220,1963 2208,1962"/>
                <Baseline points="2217,1995 2264,2000"/>
                <TextEquiv>
                    <Unicode>22</Unicode>
                </TextEquiv>
            </TextLine>
            <TextLine id="r1l37" custom="readingOrder {index:36;}">
                <Coords points="2027,2053 2541,2060 2543,1971 2511,1958 2466,1978 2436,1982 2415,1963 2375,1987 2248,2003 2214,1985 2150,2000 2130,1978 2111,1990 2029,1973"/>
                <Baseline points="2040,2005 2065,2009 2091,2011 2117,2014 2143,2015 2168,2016 2194,2016 2220,2016 2246,2016 2272,2015 2297,2015 2323,2015 2349,2015 2375,2015 2401,2016 2426,2017 2452,2019 2478,2023 2504,2026 2530,2032"/>
                <TextEquiv>
                    <Unicode>S</Unicode>
                </TextEquiv>
            </TextLine>
            <TextLine id="r1l38" custom="readingOrder {index:37;}">
                <Coords points="1392,2155 1429,2166 1474,2156 1541,2185 1614,2167 1714,2176 1736,2163 1828,2183 1830,2146 1790,2142 1752,2107 1687,2093 1661,2101 1629,2083 1560,2111 1451,2087 1420,2105 1395,2101"/>
                <Baseline points="1404,2144 1429,2147 1455,2150 1481,2151 1507,2153 1533,2154 1559,2154 1585,2155 1611,2156 1636,2156 1662,2156 1688,2157 1714,2158 1740,2160 1766,2163 1792,2165 1818,2169"/>
                <TextEquiv>
                    <Unicode>Jung-Wien.</Unicode>
                </TextEquiv>
            </TextLine>
            <TextLine id="r1l39" custom="readingOrder {index:38;}">
                <Coords points="748,2282 2561,2320 2541,2265 751,2198"/>
                <Baseline points="760,2266 849,2267 939,2269 1028,2271 1118,2274 1207,2276 1297,2280 1386,2283 1476,2286 1565,2290 1655,2293 1744,2297 1834,2300 1923,2303 2013,2305 2102,2308 2192,2309 2281,2310 2371,2311 2460,2310 2550,2309"/>
                <TextEquiv>
                    <Unicode>Tine der imponierendsten und originellsten Persönlichkeiten der heutigen Wiener</Unicode>
                </TextEquiv>
            </TextLine>
            <TextLine id="r1l40" custom="readingOrder {index:39;}">
                <Coords points="714,2322 2533,2383 2565,2318 715,2273"/>
                <Baseline points="727,2303 818,2308 909,2314 1000,2318 1092,2323 1183,2327 1274,2330 1366,2333 1457,2336 1548,2339 1640,2341 1731,2343 1822,2346 1913,2348 2005,2350 2096,2352 2187,2354 2279,2357 2370,2359 2461,2362 2553,2365"/>
                <TextEquiv>
                    <Unicode>1 Litteratur, der Hauptführer der frisch aufgeblühten Dichtergeneration ist Hermann</Unicode>
                </TextEquiv>
            </TextLine>
            <TextLine id="r1l41" custom="readingOrder {index:40;}">
                <Coords points="681,2371 2566,2424 2506,2371 683,2310"/>
                <Baseline points="694,2359 787,2362 880,2365 973,2368 1066,2371 1159,2375 1252,2378 1345,2381 1438,2384 1531,2387 1624,2390 1717,2393 1810,2395 1903,2398 1996,2400 2089,2403 2182,2405 2275,2407 2368,2408 2461,2410 2554,2411"/>
                <TextEquiv>
                    <Unicode>Bahr. Er nennt sich selbst einen problematischen Künstler und lässt sich weniger als</Unicode>
                </TextEquiv>
            </TextLine>
            <TextLine id="r1l42" custom="readingOrder {index:41;}">
                <Coords points="689,2434 2576,2464 2577,2421 691,2368"/>
                <Baseline points="702,2409 795,2413 888,2417 981,2420 1074,2424 1167,2427 1260,2430 1353,2433 1446,2435 1539,2438 1633,2440 1726,2443 1819,2445 1912,2447 2005,2449 2098,2452 2191,2454 2284,2456 2377,2459 2470,2462 2564,2465"/>
                <TextEquiv>
                    <Unicode>irgend einer seiner Kollegen mit ein paar dürren Worten charakterisieren. Er möge</Unicode>
                </TextEquiv>
            </TextLine>
            <TextLine id="r1l43" custom="readingOrder {index:42;}">
                <Coords points="684,2468 735,2484 1320,2479 1321,2451 1237,2434 686,2433"/>
                <Baseline points="696,2457 726,2457 757,2458 787,2458 818,2460 849,2461 879,2462 910,2464 940,2465 971,2467 1002,2468 1032,2469 1063,2470 1093,2472 1124,2473 1155,2474 1185,2475 1216,2475 1246,2475 1277,2475 1308,2475"/>
                <TextEquiv>
                    <Unicode>daher für sich selbst reden.</Unicode>
                </TextEquiv>
            </TextLine>
            <TextLine id="r1l44" custom="readingOrder {index:43;}">
                <Coords points="806,2531 2563,2567 2544,2506 808,2475"/>
                <Baseline points="818,2513 904,2515 991,2517 1078,2519 1164,2521 1251,2523 1338,2525 1424,2528 1511,2531 1598,2534 1685,2536 1771,2539 1858,2542 1945,2544 2031,2547 2118,2550 2205,2552 2291,2554 2378,2556 2465,2558 2552,2560"/>
                <TextEquiv>
                    <Unicode>„Ich bin problematisch“ — meint er — „weil man mir eine gewisse Geltung nicht</Unicode>
                </TextEquiv>
            </TextLine>
            <TextLine id="r1l45" custom="readingOrder {index:44;}">
                <Coords points="685,2575 2509,2628 2557,2577 687,2502"/>
                <Baseline points="697,2556 789,2560 881,2563 974,2566 1066,2569 1158,2572 1251,2574 1343,2577 1435,2579 1528,2581 1620,2583 1712,2585 1805,2587 1897,2589 1989,2591 2082,2594 2174,2596 2266,2599 2359,2603 2451,2606 2544,2610"/>
                <TextEquiv>
                    <Unicode>leugnen kann, die doch meinen Werken nicht gebührt, weil ich zwischen Gunst, Hass</Unicode>
                </TextEquiv>
            </TextLine>
            <TextLine id="r1l46" custom="readingOrder {index:45;}">
                <Coords points="693,2632 2555,2633 694,2573"/>
                <Baseline points="706,2603 797,2607 889,2611 981,2615 1073,2618 1165,2621 1257,2624 1349,2626 1441,2629 1533,2631 1625,2634 1716,2636 1808,2638 1900,2640 1992,2642 2084,2644 2176,2646 2268,2649 2360,2651 2452,2654 2544,2657"/>
                <TextEquiv>
                    <Unicode>und Eifersucht schwanke, und weil schliesslich nicht meine Arbeit, sondern die Thaten</Unicode>
                </TextEquiv>
            </TextLine>
            <TextLine id="r1l47" custom="readingOrder {index:46;}">
                <Coords points="688,2669 2454,2720 2563,2665 689,2630"/>
                <Baseline points="701,2652 793,2656 886,2661 978,2663 1071,2666 1163,2670 1256,2672 1348,2675 1441,2678 1533,2680 1626,2682 1718,2684 1811,2686 1903,2689 1996,2691 2088,2693 2181,2696 2273,2698 2366,2701 2458,2704 2551,2708"/>
                <TextEquiv>
                    <Unicode>von anderen meine Stellung, meinen Ruhm entscheiden werden. Es ist möglich, dass</Unicode>
                </TextEquiv>
            </TextLine>
            <TextLine id="r1l48" custom="readingOrder {index:47;}">
                <Coords points="676,2698 2559,2751 2560,2704 677,2670"/>
                <Baseline points="688,2702 785,2707 883,2710 981,2714 1079,2717 1177,2721 1275,2723 1372,2726 1470,2729 1568,2731 1666,2734 1764,2736 1862,2739 1959,2742 2057,2744 2155,2746 2253,2749 2351,2752 2449,2755 2547,2758"/>
                <TextEquiv>
                    <Unicode>ich ein ausserordentliches, aber vorderhand ist es nur gewiss, dass ich ein unordentliches</Unicode>
                </TextEquiv>
            </TextLine>
            <TextLine id="r1l49" custom="readingOrder {index:48;}">
                <Coords points="682,2768 2454,2827 2559,2776 684,2705"/>
                <Baseline points="694,2754 786,2757 879,2759 971,2762 1064,2766 1157,2768 1249,2771 1342,2773 1434,2777 1527,2779 1620,2782 1712,2785 1805,2787 1897,2789 1990,2792 2083,2794 2175,2797 2268,2799 2360,2801 2453,2803 2546,2805"/>
                <TextEquiv>
                    <Unicode>Talent bin. So sieht man keine Gewähr meiner Zukunft, welche vielmehr in fremden</Unicode>
                </TextEquiv>
            </TextLine>
            <TextLine id="r1l50" custom="readingOrder {index:49;}">
                <Coords points="684,2822 750,2831 767,2816 782,2828 886,2817 902,2830 967,2818 1030,2832 1049,2826 1051,2776 994,2782 971,2771 957,2783 927,2767 899,2781 831,2766 789,2777 743,2763 686,2768"/>
                <Baseline points="696,2800 722,2800 748,2801 774,2802 800,2803 827,2803 853,2804 879,2805 905,2806 932,2807 958,2809 984,2809 1010,2810 1037,2812"/>
                <TextEquiv>
                    <Unicode>Händen scheint.</Unicode>
                </TextEquiv>
            </TextLine>
            <TextLine id="r1l51" custom="readingOrder {index:50;}">
                <Coords points="808,2869 2399,2921 2548,2913 2550,2857 810,2823"/>
                <Baseline points="820,2857 905,2861 991,2863 1077,2866 1163,2869 1249,2871 1334,2874 1420,2876 1506,2878 1592,2880 1678,2882 1763,2884 1849,2886 1935,2888 2021,2890 2107,2892 2192,2894 2278,2896 2364,2898 2450,2901 2536,2903"/>
                <TextEquiv>
                    <Unicode>„Man höre einmal, wie von mir gesprochen wird. Es wird sehr viel von mir ge¬</Unicode>
                </TextEquiv>
            </TextLine>
            <TextLine id="r1l52" custom="readingOrder {index:51;}">
                <Coords points="680,2916 2473,2971 2549,2919 681,2860"/>
                <Baseline points="692,2899 784,2903 876,2906 968,2909 1060,2912 1153,2915 1245,2918 1337,2920 1429,2923 1521,2925 1614,2927 1706,2930 1798,2932 1890,2934 1982,2936 2075,2939 2167,2941 2259,2943 2351,2945 2443,2948 2536,2950"/>
                <TextEquiv>
                    <Unicode>sprochen, mehr als sonst von irgend einem „Jungen“. Aber es ist seltsam, wie es ge¬</Unicode>
                </TextEquiv>
            </TextLine>
            <TextLine id="r1l53" custom="readingOrder {index:52;}">
                <Coords points="691,2958 2456,3016 2556,2968 692,2919"/>
                <Baseline points="702,2949 794,2953 886,2956 978,2960 1070,2963 1162,2965 1254,2968 1346,2971 1438,2973 1530,2976 1622,2978 1714,2980 1806,2982 1898,2984 1990,2986 2082,2989 2174,2991 2266,2993 2358,2995 2450,2998 2542,3000"/>
                <TextEquiv>
                    <Unicode>schicht. Selbst Feinde rühmen meine Begabung, aber nicht einmal die Freunde rühmen</Unicode>
                </TextEquiv>
            </TextLine>
            <TextLine id="r1l54" custom="readingOrder {index:53;}">
                <Coords points="681,3012 2437,3067 2553,3014 682,2958"/>
                <Baseline points="694,3000 786,3003 878,3007 971,3009 1063,3012 1155,3015 1248,3018 1340,3020 1432,3023 1525,3025 1617,3027 1709,3029 1802,3032 1894,3034 1986,3036 2079,3038 2171,3041 2263,3043 2356,3045 2448,3047 2541,3050"/>
                <TextEquiv>
                    <Unicode>meine Werke. Jeder gesteht, dass ich etwas bin, aber niemand weiss, wie ich das</Unicode>
                </TextEquiv>
            </TextLine>
            <TextLine id="r1l55" custom="readingOrder {index:54;}">
                <Coords points="676,3056 2539,3115 2485,3055 677,3014"/>
                <Baseline points="688,3050 780,3052 872,3055 964,3058 1056,3061 1148,3063 1240,3065 1332,3068 1424,3070 1516,3073 1608,3075 1700,3078 1792,3080 1884,3082 1976,3085 2068,3087 2160,3089 2252,3092 2344,3095 2436,3097 2528,3099"/>
                <TextEquiv>
                    <Unicode>eigentlich verdiene. Keiner zweifelt an mir, aber alle sind durch die übliche Frage ver¬</Unicode>
                </TextEquiv>
            </TextLine>
            <TextLine id="r1l56" custom="readingOrder {index:55;}">
                <Coords points="669,3098 2551,3159 2466,3103 670,3054"/>
                <Baseline points="681,3101 778,3103 876,3105 974,3108 1072,3110 1170,3113 1268,3115 1365,3118 1463,3120 1561,3123 1659,3126 1757,3128 1855,3131 1952,3134 2050,3136 2148,3139 2246,3142 2344,3144 2442,3146 2540,3149"/>
                <TextEquiv>
                    <Unicode>legen: Also was soll man denn von ihm lesen: Und ich bekenne: ich bin es heimlich</Unicode>
                </TextEquiv>
            </TextLine>
            <TextLine id="r1l57" custom="readingOrder {index:56;}">
                <Coords points="675,3157 2541,3212 2461,3153 676,3129"/>
                <Baseline points="686,3151 778,3153 870,3155 962,3158 1054,3160 1147,3162 1239,3165 1331,3167 1423,3169 1515,3172 1608,3174 1700,3177 1792,3180 1884,3182 1976,3185 2069,3187 2161,3190 2253,3192 2345,3195 2437,3197 2530,3200"/>
                <TextEquiv>
                    <Unicode>selber oft. Ich habe ja in der That kein Buch, kein Stück, wo die anderen mich fänden,</Unicode>
                </TextEquiv>
            </TextLine>
            <TextLine id="r1l58" custom="readingOrder {index:57;}">
                <Coords points="678,3218 2546,3268 2548,3212 679,3171"/>
                <Baseline points="691,3198 783,3201 875,3203 967,3205 1059,3207 1151,3210 1243,3213 1336,3216 1428,3218 1520,3221 1612,3223 1704,3226 1796,3229 1888,3231 1981,3234 2073,3236 2165,3238 2257,3240 2349,3242 2441,3244 2534,3246"/>
                <TextEquiv>
                    <Unicode>wie ich bin, und ich habe nur eines, woich wenigstens mich finde und ich mir wenigstens</Unicode>
                </TextEquiv>
            </TextLine>
            <TextLine id="r1l59" custom="readingOrder {index:58;}">
                <Coords points="685,3269 2465,3316 2541,3264 686,3215"/>
                <Baseline points="696,3251 787,3252 879,3253 970,3255 1062,3257 1154,3259 1245,3262 1337,3264 1428,3267 1520,3270 1612,3273 1703,3276 1795,3279 1886,3282 1978,3284 2070,3286 2161,3289 2253,3290 2344,3291 2436,3292 2528,3293"/>
                <TextEquiv>
                    <Unicode>genüge: „die Mutter“. — Ich schweife nicht ins Grosse. Ich bin kein Stürmer und Dränger</Unicode>
                </TextEquiv>
            </TextLine>
            <TextLine id="r1l60" custom="readingOrder {index:59;}">
                <Coords points="667,3318 2536,3362 2537,3315 2409,3298 669,3271"/>
                <Baseline points="680,3298 772,3300 864,3302 956,3304 1049,3307 1141,3309 1233,3312 1325,3314 1418,3317 1510,3320 1602,3322 1694,3325 1787,3327 1879,3329 1971,3332 2063,3334 2156,3336 2248,3339 2340,3341 2432,3343 2525,3345"/>
                <TextEquiv>
                    <Unicode>zum Himmel, Ich suche geflissentlich vielmehr das Geringe gern: leise, kleine, kaum</Unicode>
                </TextEquiv>
            </TextLine>
            <TextLine id="r1l61" custom="readingOrder {index:60;}">
                <Coords points="677,3362 2551,3394 678,3308"/>
                <Baseline points="689,3345 781,3349 873,3353 966,3356 1058,3359 1151,3361 1243,3364 1336,3366 1428,3368 1521,3370 1613,3372 1705,3374 1798,3376 1890,3378 1983,3379 2075,3381 2168,3383 2260,3385 2353,3387 2445,3389 2538,3392"/>
                <TextEquiv>
                    <Unicode>vernehmliche Gefühle, schwanke Stimmungen der Nerven, die entwischen, feine, flüchtige</Unicode>
                </TextEquiv>
            </TextLine>
            <TextLine id="r1l62" custom="readingOrder {index:61;}">
                <Coords points="680,3421 841,3437 931,3416 1103,3445 1183,3423 1287,3447 1498,3427 1500,3376 682,3358"/>
                <Baseline points="692,3392 731,3393 771,3395 811,3397 851,3399 891,3401 930,3402 970,3404 1010,3405 1050,3407 1090,3408 1129,3410 1169,3411 1209,3412 1249,3413 1289,3413 1328,3413 1368,3413 1408,3412 1448,3411 1488,3410"/>
                <TextEquiv>
                    <Unicode>und rasche Noten, die verhuschen.“ —</Unicode>
                </TextEquiv>
            </TextLine>
            <TextLine id="r1l63" custom="readingOrder {index:62;}">
                <Coords points="789,3538 2510,3585 2530,3530 790,3494"/>
                <Baseline points="801,3522 886,3526 972,3529 1058,3532 1144,3534 1230,3537 1316,3540 1401,3542 1487,3544 1573,3546 1659,3548 1745,3550 1831,3552 1917,3554 2002,3556 2088,3557 2174,3559 2260,3560 2346,3561 2432,3562 2518,3563"/>
                <TextEquiv>
                    <Unicode>*) Nach der charakterisierenden Einleitung Marcell Salzers bei seiner Vorlesung von Dichtungen</Unicode>
                </TextEquiv>
            </TextLine>
            <TextLine id="r1l64" custom="readingOrder {index:63;}">
                <Coords points="661,3582 2492,3629 2493,3577 2347,3564 663,3524"/>
                <Baseline points="674,3561 764,3564 854,3566 944,3568 1035,3570 1125,3573 1215,3575 1306,3577 1396,3580 1486,3582 1577,3584 1667,3587 1757,3589 1847,3591 1938,3593 2028,3595 2118,3597 2209,3599 2299,3601 2389,3602 2480,3604"/>
                <TextEquiv>
                    <Unicode>moderner Wiener Autoren, gehalten am 20. Nov. 1800 in der „Litterarischen Gesellschaft“ zu Leipzig.</Unicode>
                </TextEquiv>
            </TextLine>
            <TextLine id="r1l65" custom="readingOrder {index:64;}">
                <Coords points="2262,3660 2278,3658 2301,3674 2308,3674 2322,3665 2359,3668 2362,3616 2351,3616 2342,3610 2330,3612 2323,3607 2311,3613 2304,3608 2297,3613 2264,3613"/>
                <Baseline points="2274,3647 2311,3649 2348,3651"/>
                <TextEquiv>
                    <Unicode>21</Unicode>
                </TextEquiv>
            </TextLine>
            <TextLine id="r1l66" custom="readingOrder {index:65;}">
                <Coords points="2317,4183 2562,4190 2563,4136 2497,4145 2418,4135 2390,4139 2374,4151 2353,4148 2343,4158 2317,4157"/>
                <Baseline points="2330,4185 2357,4184 2385,4184 2412,4185 2440,4185 2467,4185 2495,4186 2522,4186 2550,4185"/>
                <TextEquiv>
                    <Unicode>E</Unicode>
                </TextEquiv>
            </TextLine>
            <TextEquiv>
                <Unicode>—
box 36/7
1. Panphlets offnrints
—
313
ie sollst du mich befragen“), mit dem dritten Takte des ersten Abendmahlspruches
(Schmerzensmotiv) aus „Parsifal“ und dem II. Autzuge von Kistlers Kunihild zusammen¬
hielt. Man wird das Theim (C. F. G. As kennen. Die ersten vier Takte zum Schluss¬
satz der Jupiter-Symphonie Mozarts finden sich in Bachs „wohltemporiertem Klaviert.
Was stände auch nicht alles in diesem Werke! Als Wagner an seinem „Parsifal“
arbeitete, verriet, so erzühlte Kistler, ein Freund des Meisters seinen Kollegen mit
Entzücken eine neue kühne Harmonienverbindung: Fis-dur, Dmoll, Edur, Emoll. Man#
denke: Fis-dur in der fünften Lage, Dmoll in der achten, — und dann die Sequenz! —
„Unerhört!“ schrien die Antiwagnerianer. Und doch stehen Alter, Stand, Wohnort und 
Herkunft dieser „unerhörten“ Harmonieverbindung in Sebastian Bachs genanntem Werke:
Wagner:
Bach:

—#
S—

228—
A 
Das war für die Wagnerianer neu, für die Antiwagnerianer recht fatal; aber es liess sich
nun einmal nicht ändern.
(Fortsetzung folgt.)

22


0
Litterarischer Teil.


KO
22
S
Jung-Wien.
Tine der imponierendsten und originellsten Persönlichkeiten der heutigen Wiener
1 Litteratur, der Hauptführer der frisch aufgeblühten Dichtergeneration ist Hermann
Bahr. Er nennt sich selbst einen problematischen Künstler und lässt sich weniger als
irgend einer seiner Kollegen mit ein paar dürren Worten charakterisieren. Er möge
daher für sich selbst reden.
„Ich bin problematisch“ — meint er — „weil man mir eine gewisse Geltung nicht
leugnen kann, die doch meinen Werken nicht gebührt, weil ich zwischen Gunst, Hass
und Eifersucht schwanke, und weil schliesslich nicht meine Arbeit, sondern die Thaten
von anderen meine Stellung, meinen Ruhm entscheiden werden. Es ist möglich, dass
ich ein ausserordentliches, aber vorderhand ist es nur gewiss, dass ich ein unordentliches
Talent bin. So sieht man keine Gewähr meiner Zukunft, welche vielmehr in fremden
Händen scheint.
„Man höre einmal, wie von mir gesprochen wird. Es wird sehr viel von mir ge¬
sprochen, mehr als sonst von irgend einem „Jungen“. Aber es ist seltsam, wie es ge¬
schicht. Selbst Feinde rühmen meine Begabung, aber nicht einmal die Freunde rühmen
meine Werke. Jeder gesteht, dass ich etwas bin, aber niemand weiss, wie ich das
eigentlich verdiene. Keiner zweifelt an mir, aber alle sind durch die übliche Frage ver¬
legen: Also was soll man denn von ihm lesen: Und ich bekenne: ich bin es heimlich
selber oft. Ich habe ja in der That kein Buch, kein Stück, wo die anderen mich fänden,
wie ich bin, und ich habe nur eines, woich wenigstens mich finde und ich mir wenigstens
genüge: „die Mutter“. — Ich schweife nicht ins Grosse. Ich bin kein Stürmer und Dränger
zum Himmel, Ich suche geflissentlich vielmehr das Geringe gern: leise, kleine, kaum
vernehmliche Gefühle, schwanke Stimmungen der Nerven, die entwischen, feine, flüchtige
und rasche Noten, die verhuschen.“ —
*) Nach der charakterisierenden Einleitung Marcell Salzers bei seiner Vorlesung von Dichtungen
moderner Wiener Autoren, gehalten am 20. Nov. 1800 in der „Litterarischen Gesellschaft“ zu Leipzig.
21
E</Unicode>
            </TextEquiv>
        </TextRegion>
        <TextRegion orientation="0.0" id="r2" custom="readingOrder {index:1;}">
            <Coords points="2732,4087 2732,4238 2810,4238 2810,4087"/>
            <TextLine id="r2l1" custom="readingOrder {index:0;}">
                <Coords points="2721,4191 2777,4194 2787,4185 2800,4192 2822,4192 2822,4150 2806,4148 2782,4152 2768,4145 2756,4154 2740,4145 2733,4152 2721,4152"/>
                <Baseline points="2732,4187 2758,4187 2784,4188 2810,4187"/>
                <TextEquiv>
                    <Unicode>KLE</Unicode>
                </TextEquiv>
            </TextLine>
            <TextEquiv>
                <Unicode>KLE</Unicode>
            </TextEquiv>
        </TextRegion>
        <TextRegion orientation="0.0" id="r3" custom="readingOrder {index:2;}">
            <Coords points="2659,1056 2659,1210 2889,1210 2889,1056"/>
            <TextLine id="r3l1" custom="readingOrder {index:0;}">
                <Coords points="2646,1170 2681,1177 2700,1171 2707,1178 2719,1169 2772,1167 2819,1192 2882,1165 2901,1167 2902,1128 2859,1136 2816,1107 2769,1125 2759,1118 2748,1127 2722,1122 2712,1129 2689,1117 2673,1130 2647,1128"/>
                <Baseline points="2659,1156 2684,1156 2710,1156 2735,1157 2761,1158 2786,1159 2812,1160 2837,1160 2863,1159 2889,1158"/>
                <TextEquiv>
                    <Unicode>——</Unicode>
                </TextEquiv>
            </TextLine>
            <TextEquiv>
                <Unicode>——</Unicode>
            </TextEquiv>
        </TextRegion>
        <TextRegion orientation="0.0" id="r4" custom="readingOrder {index:3;}">
            <Coords points="2837,4088 2837,4242 2953,4242 2953,4088"/>
            <TextLine id="r4l1" custom="readingOrder {index:0;}">
                <Coords points="2825,4191 2965,4196 2966,4164 2947,4165 2922,4150 2913,4150 2898,4161 2884,4154 2870,4158 2866,4153 2840,4162 2826,4161"/>
                <Baseline points="2837,4188 2866,4189 2895,4190 2924,4191 2953,4192"/>
                <TextEquiv>
                    <Unicode></Unicode>
                </TextEquiv>
            </TextLine>
            <TextEquiv>
                <Unicode></Unicode>
            </TextEquiv>
        </TextRegion>
        <TextRegion orientation="0.0" id="r5" custom="readingOrder {index:4;}">
            <Coords points="3063,4089 3063,4241 3095,4241 3095,4089"/>
            <TextLine id="r5l1" custom="readingOrder {index:0;}">
                <Coords points="3053,4198 3083,4195 3086,4198 3107,4196 3102,4129 3048,4130"/>
                <Baseline points="3063,4191 3095,4189"/>
                <TextEquiv>
                    <Unicode> 40</Unicode>
                </TextEquiv>
            </TextLine>
            <TextEquiv>
                <Unicode> 40</Unicode>
            </TextEquiv>
        </TextRegion>
    </Page>
</PcGts>
