3436 4256
-11 2100 78 2151 des
-7 2143 86 2202 är
1244 164 1695 268 box 14/7
627 178 1120 254 Gefaehrtin
185 187 1187 292 9.2. Die aunanuan
202 780 312 847 währ.)
265 841 571 947 per Alung
717 1056 3103 1138 wogenen Darstellungen in den beiden Hauptvollen ge= ihrer Art der Rezitation, die — wenigstens anfangs nöt
1931 1106 2984 1165 gar zu sehr von ihrer bewunderungswürdigen
719 1139 908 1211 geben.
3000 1146 3128 1203 seine
1844 1146 2987 1217 Natürlichkeit im dramatischen Spiel abstach. So
783 1142 1841 1227 Herr Lützenkirchen fand in allen Variationen den
2985 1186 3106 1239 eine
1858 1190 2987 1260 erschien uns die Ballade vom „Pagen und
208 1189 712 1260 im Michael=Theater.
717 1215 1841 1288 Ausdruck für all das Ernste, Wehmütige, auch Schmerzliche
2994 1227 3157 1283 teristi
1848 1224 2992 1304 der Königstochter“ zu deklamatorisch. Bessere Nu¬
194 1246 713 1311 m 23. März: Wohl¬
715 1258 1843 1326 und Tittere, das die Seele Professor Pilgrams in der
2995 1267 3167 1332 das R
1851 1274 2980 1349 ancen brachte die Künstlerin schon in Wilden¬
180 1288 705 1343 m Besten der reichs¬
719 1296 1850 1366 Erinnerung an die tote Gattin durchzieht. — Wir
2988 1311 3172 1382 hinkt
1847 1330 2979 1382 bruchs „Nachtigall d Ibis“, und sehr gefällig
202 1338 718 1397 Gefährtin“, Schau¬
1259 1339 1856 1393 während des ganzen dies¬
726 1361 1197 1415 hatten endlich einmal
2999 1360 3155 1411 allem
1194 1360 1246 1397 —
1844 1358 2985 1422 wirkte der Vortrag von „Es wären drei junge Leute“
627 1378 697 1443 15
187 1374 623 1455 thur Schnitzler
717 1384 1849 1448 jährigen Gastspiels — die Gelegenheit, den Künstler in
2994 1383 3190 1464 mit den
1846 1404 2981 1465 von Presber und die ### iergeschichte". Besonders an¬
720 1427 1855 1498 seiner vollen Gestaltungskraft zu sehen, in dem großen
2995 1444 3193 1497 sondere
1851 1437 2992 1515 sprechende, fein humoristische Intonationen wußte Frl.
186 1444 711 1533 mmungs vollen Einakters
725 1476 1845 1537 Reichtum an Intonationen bei der Wiedergabe der
2991 1482 3218 1547 lichkeit,
1853 1505 2958 1583 Knoth in die „Moral“ der beiden Gedichte zu legen.
187 1508 723 1579 atinee — die leider kein
726 1518 1856 1586 psychologisch=differenzierten Stellen. — Seine Partnerin
2999 1535 3220 1588 allzu oft
1929 1535 2984 1598 Den Beschluß bildeten Ernst v. Possarts Rezi¬
185 1557 686 1615 lt hatte — eingeleitet.
729 1546 1863 1624 Frau v. Hagen, deren Talent für feine künstlerische
2998 1571 3219 1635 wäre jet
1856 1576 2989 1651 tationen, die uns den Meister der schönen, sinngemäß¬
186 1597 720 1656 Pehmut geht durch das
727 1609 1859 1670 Durcharbeitung der Rollen wir in der Emilia Galotti¬
2999 1619 3226 1677 materials
1861 1622 2987 1701 klaren Diktion in vollem Glanz zeigten. In der Vor¬
191 1640 721 1714 Bitterkeit untermischt ist.
728 1651 1857 1703 Aufführung (Gräfin Orsina) schätzen gelernt haben,
3003 1661 3219 1721 risch vert
1859 1668 2977 1744 tragsweise von Goethes „Der Gott und die Bajadere“
236 1685 725 1738 schildert es doch nur
730 1689 1856 1766 bewährte sich auch in der Rolle der Olga Meerheim
2995 1698 3210 1767 sich sehr
1854 1709 2992 1783 können wir uns allerdings mit der verschiedenen Ton¬
193 1732 715 1786 rnden Mannes, der am
731 1737 1851 1800 als Künstlerin von subtilem Verständnis für die
2991 1746 3209 1810 leicht in
1862 1757 2986 1819 lage in der Wiedergabe der Stimmen des Gottes und
197 1772 722 1830 Frau traurigen Gedanken
736 1770 1853 1842 Nuancen in der Charakteristik und in der überzeugend¬
3064 1794 3189 1848 Die
1856 1795 2991 1868 der Bajadere nicht einverstanden erklären, da hier,
217 1820 724 1877 nachhängt — ist es in
732 1823 1858 1889 lebenswahren Wiedergabe der warmen, teilnahmsvollen
2994 1823 3230 1895 sehr sym
1865 1839 2991 1910 unserer Ansicht nach, eine Verwechslung zwischen den
193 1854 715 1936 ungen von einer ernsten,
725 1882 908 1956 Worte.
2995 1879 3228 1945 garo kön
1859 1897 2997 1947 Anforderungen an eine Rezitation und an eine operische
796 1892 1860 1978 Alle anderen Rollen im Einakter wurden von den
3001 1924 3223 1997 mit sein
1866 1943 2989 1998 Wiedergabe mit verteilten Rollen vorliegt. Die Illu¬
189 1926 723 2007 onolog an, was auf der
730 1946 1857 2016 Herren Dr. Weinmann (Dr. Alfred Hausmann),
3095 1967 3210 2025 Spe
1868 1973 2997 2049 sion, wirklich die Bajadere sprechen zu hören, wird
203 1990 725 2052 Monolog zu zweien, denn
732 2011 1858 2080 Senger (Prof. We kmann), Konradi (Prof. Brand)
3000 1998 3226 2086 Präzisio
1865 2018 2988 2085 dadurch kaum gegeben. (Den Gipfelpunkt der Inkonse¬
201 2033 729 2097 n Gattin ist es, mit der
731 2045 1648 2120 und Cronenburg einwandsfrei gegeben.
3003 2056 3166 2131 hielt.
1860 2060 3004 2123 quenz in dieser Beziehung erreichte seinerzeit der Rezi¬
191 2082 722 2134 eGedanken und Empfin¬
785 2062 1852 2146 Bei einem Stück, wie „Die Gefährtin“, wo es
1863 2108 2995 2179 tator Türschmann, der die Iphigenie mit — Fistel¬
189 2115 729 2194 esprochen, als an sie ge¬
733 2114 1859 2201 in der Hauptsache auf die Wiedergabe des Stimmungs¬
1863 2147 3004 2229 stimme wiedergab). — Etwas ganz anderes ist die
187 2164 727 2235 tunde der Rückkehr vom
741 2180 1867 2242 gehalts ankommt, fällt der Regie eine verantwortungs¬
1870 2192 3008 2274 künstlerische Differenzierung, die Meister Possart in
200 2206 731 2268 ahmsvollen Worte der
732 2224 1863 2289 volle Aufgabe zu. Die Einstudierung des Schauspiels
1879 2233 3008 2307 Goethes „Erlkönig“ zwischen den Worten des Vaters,
3059 2228 3229 2315 fl. C
201 2256 723 2310 gen nicht wie Antworten
728 2258 1863 2326 durch Herrn Lützenkirchen verdient in dieser
1878 2283 2995 2338 des Knaben und des Erlkönigs gab. Hier liegt die
2997 2289 3219 2363 Als erst
198 2300 723 2360 chütterten, sondern wer¬
727 2313 1405 2384 Hinsicht uneingeschränktes Lob.
1871 2325 3003 2387 Unterscheidung in der charakteristischen Sprechweise der
202 2346 729 2415 cher Weise als Reflexionen
3008 2343 3232 2402 Romano
791 2335 1859 2424 Den zweiten Teil des Abends füllten Rezita¬
1871 2373 2997 2439 einzelnen Personen, in der Tongebung, nicht in der
3016 2384 3242 2444 über. I
728 2402 1860 2470 tionen, in ihrer Verschiedenheit und Mannigfaltigkeit
1874 2414 3000 2487 Tonlage. Und hier war die Wirkung eine ganz un¬
3007 2425 3246 2495 denn sa
203 2415 725 2502 Gatten eine Gefährtin?
731 2454 1489 2532 sehr interessante Rezitationen, aus.
1878 2462 2998 2526 mittelbar dramatisch packende. Der oben gemachte Ein¬
3006 2473 3242 2535 Gegner 1
218 2472 737 2541 vereinsamt Gebliebenen
802 2477 1866 2548 Als erster trat Herr Isailovits auf, um mit
1868 2500 2991 2572 wand beim Vortrag von „Der Gott und die Bajadere“
3004 2507 3242 2584 sich über.
202 2515 745 2585 st nicht glaubt. Und auch
735 2540 1870 2616 verständnisvoller dramatischer (stellenweise vielleicht zu
1878 2532 3006 2622 bezieht sich übrigens nur auf die angeführte Einzel¬
3007 2557 3253 2627 Kampf de
191 2562 742 2615 ucht sich keine Illusionen
1869 2581 3007 2660 heit. Der Gesamteindruck von der Rezitation war der
731 2595 1871 2670 theatralischer) Differenzierung Emanuel Geibels „Tod
199 2607 745 2664 tterkeit konstatiert er es:
3016 2608 3250 2661 Fonsonat
731 2628 1869 2693 des Tiberius“ vorzutragen. Die Wirkung des Vortrags
1881 2624 3010 2700 einer durchaus meisterhaften Wiedergabe. Tief ergrei¬
3017 2650 3257 2712 Armzuges
201 2648 741 2702 hsie, die viel Jüngere, die
740 2673 1863 2751 war eine packende und rief starken Beifall hervor.
1870 2668 3014 2754 fend, und doch so schlicht mit warmer Empfindung und
3012 2696 3252 2753 Joe Mo
201 2689 753 2749 hrtin eines Mannes sein
742 2715 1874 2799 Doch hätten wir einige kleine Ausstellungen an, wie es
1874 2716 3007 2781 innigem Mitfühlen vorgetragen, wirkte Heines „Wall¬
3020 2737 3256 2795 Lawreno#
196 2737 739 2804 eit hat er es sich immer
738 2757 1869 2829 uns scheint, willkürlichen Textänderungen zu machen.
1871 2760 3003 2846 fahrt nach Kevlaar“, und nur ein großer Künstler wie
3016 2767 3247 2838 dieser K
207 2781 735 2842 bitterer Resignation hin¬
741 2805 1871 2866 So muß es dem Sinne nach in dem Geibelschen
1879 2809 3011 2863 Ernst Possart kann mit einem durch Schuldeklama¬
3014 2815 3248 2892 nicht rec
205 2827 751 2885 einem Jüngeren geschenkt
737 2840 1874 2919 Gedicht heißen: „da ward auch ich wie sie" und
1868 2844 3005 2940 tionen und Parodien so vergällten Gedicht wie Schillers
3018 2864 3227 2926 Bykows
207 2875 735 2933 er die Trostesworte der
736 2908 1872 2963 nicht „da war ich auch wie sie“ (wie Herr Isailo¬
1884 2900 3009 2959 „Handschuh“ schöne und ernste Wirkungen erzielen. Ein
3017 2908 3230 2987 wird C
219 2911 747 2970 sbesser gewußt ... Und
745 2940 1872 3005 vits diese Stelle wiedergab). Unrichtig und durch das
1883 2941 3000 3006 liebenswürdiger Humor und eine bezaubernde Natür¬
3007 2951 3201 3016 hinten
203 2954 737 3023 ls er dem jungen Manne
754 2984 1868 3050 Versmaß nicht geboten ist auch die Betonung „Séjan“
1885 2983 3005 3061 lichkeit lag in dem Vortrag der Scherzgedichte Goethes
198 2998 744 3065 ung der Verstorbenen ge¬
3017 2996 3227 3065 starke #
1586 3010 1873 3085 soweit uns
745 3038 1600 3097 (statt Sejan) und dann muß es —
1886 3035 2728 3104 „Rettung" und „Die wandelnde Glocke“
224 3041 747 3113 etwas Furchtbares: die
3012 3030 3222 3111 geschme
1085 3068 1869 3136 „Macro“ und nicht Marco heißen,
1943 3048 3004 3139 Gern hätte man noch mehr von Meister Possarts
747 3078 1064 3137 erinnerlich —
3024 3092 3201 3146 Schnei
215 3092 734 3151 Gatten — trotz allem —
743 3106 1842 3181 wie der Rezitator wiederholt den Namen aussprach. —
1888 3112 3005 3182 vollendeter Vortragskunst hören mögen, aber die Matinee
3008 3135 3192 3203 vorne
207 3119 744 3194 ben ist, war dem andern,
749 3156 1876 3227 Sehr hübsch, natürlich und graziös war der Vortrag
1881 3161 3004 3216 hätte dann leicht zur Soiree werden könne, und so
3014 3180 3178 3234 le Co
201 3176 738 3238 sanderes als ein Objekt,
743 3195 1875 3278 von Frl. Arens. Eine ganze Fülle von Feinheiten
1884 3188 3011 3285 mußte man sich mit dem Schönen und Guten, das man
201 3224 750 3290 eit. Die Stunde der Er¬
3012 3221 3185 3284 Parte
744 3250 1877 3298 in der Nuancierung legte sie in die von ihr rezitierten
1883 3258 2603 3329 genossen hatre, dankbar bescheiden.
3028 3264 3174 3320 vorne
221 3264 743 3317 Grabe ist ihm entweiht.
2622 3272 2976 3362 A. Stürzwage.
748 3286 1867 3368 Gedichte von Annette Droste=Hülshoff „Die Mutter“
3027 3310 3166 3366 Pull¬
208 3307 743 3372 Aufwallung dem anderen
746 3314 1882 3409 „Die tote Lerche" und „Junge Liebe“. — Von starker,
3015 3354 3150 3411 schl“
207 3351 758 3421 bert Pilgram wieder zu
2027 3355 3014 3421 Italienische Oper. Adamo Didur in
758 3382 1872 3449 aufrichtiger Empfindung für den Gehalt der Dichtung
3019 3396 3139 3453 pri
215 3397 757 3477 iner Trauer um die, die
1886 3408 2800 3461 Rossinis „Barbier von Sevilla“.
748 3417 1871 3497 beseelt, trug Herr Skoda den „Fuchsmajor vom
3014 3436 3128 3509 M
218 3453 360 3508 at
1952 3428 3017 3509 Hatte uns neulich Adamo Didur ein wenig kühl
744 3467 1889 3526 Niederrhein“ und den „Jüngsten Leutnant“ vor. Es
203 3468 757 3549 Kleine Schauspiel verlangt
1880 3486 3024 3554 gelassen als Mephisto, so gab er gestern in der Rolle
756 3514 1882 3573 lag echtes künstlerisches Temperament in dieser Vor¬
202 3536 759 3604 ende, sehr diskrete Spiel¬
1020 3511 3060 3640 Frl. Knsth enttäuschte uns etwas in des Don Basilio so Gutes, daß das Publikum in die
219 3571 1006 3654 ke künstlerisch fein abne- I tragsmaite
