3436 4256
1182 143 1612 237 box 14/7
563 160 1037 224 Gefaehrtin
131 148 481 245 9.2. Di
387 207 1169 261 50
369 481 642 579 Euzl. 1916.
800 493 1339 618 Konktalb-Wolfblatt. Vuor
1086 607 1246 666 treu—.
576 632 827 685 P. Munper
288 654 1299 732 Volksbühne. Albert Bassermann begann gestern
275 697 1286 771 ein Gastspiel mit einem Abend leichteren Theaters. Er
280 725 1294 818 pielte in Schnicthzlers einträchtig nach Bett und Sarg
285 774 1295 852 nechendem Einalter „Die Gefährtin“ den um sich
274 809 1298 884 seufzenden Witwer Robert, in Hartlebens seichter
282 851 1291 932 Ironie „Die sittliche Forderung“ den moralischen
281 882 1302 961 Kleinstädter Stierwald und in der klängst ausgespielten
277 922 1300 1007 „Partie Piquet“ von Fonier und Meyer den
281 965 1303 1049 alten Chvalier. Der Gast wurde wieder mit allen Zeichen
282 1007 1305 1086 der Frende ausgenommen und zum Schluß lebhaft gefeiert.
281 1040 1307 1116 Im zweiten Stück spielt: Else Bassermann die
288 1097 1343 1152 Sängerin Rita sehr gewandt, im dritten Herr Ziegler d
287 1139 961 1222 der Seidenhändler recht choraktertreu.
850 1658 1118 1752 5-MA 1913
448 1721 1237 1846 Neues Wiene Jagk.4#, Wien
428 1982 1358 2056 Volksbühne. Albert Bassermann hat sein
329 2044 1356 2098 diesmaliges Gastspiel in drei Einaktern eröffnet, die
338 2082 1356 2152 ihm Gelegenheit bieten, seine darstellerische
339 2137 1351 2184 Wandlungskunst in drei verschiedentlichen Rollen
726 2186 1346 2239 Den Auftakt bildet ein tragisch
335 2181 638 2245 schillern zu laf
759 2237 1352 2286 legisch verhallendes Nocturno
330 2229 670 2293 anschwellendes u
320 2277 1354 2349 von Artur Sch###der Einakter „Die
322 2321 1357 2382 Gefährtin“, vor Jahren im Burgtheater mit
330 2388 1352 2430 Sonnenthal als Professor Robert gegeben. Basser¬
326 2410 1360 2479 mann hat dieser Gestalt herbere Umrisse als sein
334 2465 1350 2516 Vorgänger verkiehen. Sein Professor ist ein ernster,
328 2512 1355 2571 klarer Denker, dessen verstehende Güte mehr aus
325 2557 1352 2614 dem Intellek als aus dem Herzen stammt. Der
325 2602 1359 2662 jähe Tod seiner jungen Frau, die späte Erkenntnis,
328 2665 1352 2706 daß die Liebe, die sie und seinon Assistenten zu¬
340 2690 1362 2740 einander trieb, bloß sinnliche Gier war, die kein
339 2740 1361 2800 seelisches Moment adelte — all das entwurzelt ihn
336 2785 1364 2853 nicht. Verdüstert und schmerzlich durchzuckt, aber
337 2837 1355 2896 innerlich geballt und aufrecht schreitet dieser Mann,
326 2882 1358 2949 dem die Wissenschaft keine Melkkuh, sondern eine
337 2926 1376 3014 hehre Pöttin ist, seinen Weg einfam weiter. Sr¬
601 2993 1344 3086 nann eine geistig vornehme, einheitlich
696 3060 1344 3130 # von überzeugender Lebons¬
662 3094 1349 3169 minder echt, allerdings aus der
573 3145 1370 3216 ##küre des Philisteriams geholt, von
331 3185 1368 3257 köstlicher, diskreter Komi behaglich umflimmert, ist
339 3231 1363 3326 sein kleinstädtischer Sittlchkeitsapostel in Hartlebens
345 3293 1358 3357 „Die sittliche Forderung", wobei der
333 3347 1355 3409 Künstler in Frau Else Bassermann als Rita Revera
337 3371 1355 3463 eine lieben ürdige Partnorin hatte, in einer Rolle,
338 3416 1372 3509 die die Erinnerug an die Glanzleistung der Odilon
335 3466 1372 3561 weckte. Zum Schluß „Eine Partie Piquet“,
341 3514 1373 3597 eine verstaubte französische Posse, in der Basser¬
339 3553 1370 3618 mann die strotzende Fülle seiner Charakterisiepengs¬
340 3607 1378 3685 kunst, die hier mit drastsscher Komik arbestet, an
343 3659 1333 3734 eine iunerlich leore Figur verschwendet, w. v.
2411 997 2760 1095 # ie von der
1847 1037 2520 1126 Mineue in Udine erteilb wird.
2533 1127 2708 1250 1%
2633 1181 2673 1240 7
1859 1197 2769 1302 Theater und Kunst. 2
1847 1285 2754 1364 * Volksbühne. Gastspiel Basser¬
1770 1342 2742 1403 mann. Es ist ein Gericht für Feinschmecker,
1781 1387 2741 1432 mun nach Moissi und Kayßler Bassermann zu
1776 1426 2739 1484 sehen. Nach dem edlen Erdulder des Lebens
1779 1467 2797 1533 und dem keuschen Bekenner den reifen und
1784 1513 2738 1572 seinstfühligen Gestalter. In Bassermann lebt
1778 1558 2782 1621 noch die Freudigkeit des Verwandelns, diese:
1785 1606 2744 1661 echteste Beglaubigung des schauspielerischen Ar¬
1778 1644 2744 1704 triebes. Kaum bei irgendeinem anderen der
2743 1690 2812 1736 se
1766 1692 2741 1743 lebenden Darsteller erscheint das Histrionen¬
1773 1738 2805 1792 element so geadelt wie bei Baffermann. Moissi#
1782 1776 2815 1839 spielt seine Verschmähung, Kayßler seine Ver¬ &
1775 1811 2811 1899 achtung, Bassermann seinen Trummph. Freitag s9
1793 1868 2803 1932 agann er sein ne es Gastspiel in alten Stücken. 9#
1778 1914 2791 1969 Ihm ist das We# nur Rahmeng er allein istfe
1782 1956 2789 2012 das Bild. Er zeigt Gipfel der Schauspielkunst, 5
2737 2003 2812 2056 a
1778 1999 2738 2053 nicht Abgründe eines Dichters. In Schnitz¬
1775 2041 2737 2094 bews „Die Gefährtin“ spielt en die Rolle,
1779 2085 2830 2146 die einst Sonnenthal geschaffen hat, den Gutten, P#
1777 2134 2754 2187 der dem Geliebten seiner toten Frau, seinem
1775 2173 2777 2241 Freund, die Tür weist, weil er diese Frau ohne
1788 2203 2827 2280 Liebe beschmutzt hat. Wie da tiefstes mensch¬ ##
1780 2264 2834 2339 liches Verstehen, weiseste Güte von der Gemein-|□
1785 2308 2831 2377 heit des Allzumenschlichen besudelk wird, das ###
1781 2352 2819 2404 gestaltet der Kinistler umnaussprechlich zart und ##
1789 2398 2848 2460 eindringlich. Die Gebärde, mit der er am Ende pes
1786 2440 2749 2490 all den Unrat von sich abschüttelt und Schluß
1784 2485 2750 2551 macht, ist meisterhaft. In Hartlebens
1778 2529 2625 2587 „Die stttliche Forderung“
2625 2522 2823 2586 und 35
2750 2581 2835 2624 ges
1771 2565 2741 2640 Jonrnter-Meyers „Eine Partie
2748 2614 2844 2662 der
1773 2617 2742 2673 Piowet“ hat er sich Virtuosenrollen gewählt,
1772 2672 2743 2730 an deuen man nur die vollendete Technik be¬
2749 2687 2850 2746 Le¬
1773 2703 2741 2761 wundern kann. Den Chevalier Rochefernier hat
1781 2751 2739 2818 einmal Friedrich Haase auch in Wien gespielt.
1775 2795 2799 2852 Es ist also wohl Pietät, daß Bassermann Sie ve
1783 2835 2851 2897 Rolle aus dem Nacklaß dessen spielt, der ihm C.
1775 2890 2738 2942 den Ifflanö=Ring hinterlassen hat. Aber das
1772 2916 2852 2992 Stück verträgt keine Pietät mehr. Die Damen Ler
1781 2968 2853 3035 Fournder, Else Bassermann und der
1779 3002 2753 3080 Jakobson, die Herren Schildkraut,
1779 3061 2744 3133 Wolfgang uns Ziegker waren dem Gast
2756 3089 2876 3146 Ga
1784 3106 2857 3194 eifrig zu Diensten. Das Pueblikum feierte ihn von
1791 3153 2026 3222 stürmisch.
1910 3194 2755 3279 Konzert Budischowsky=Ruhinstein=Heindl.
1768 3261 2538 3322 Zngunston der Eriegehafensch.
