3436 4256
1270 170 1712 269 box 14/7
736 179 1033 260 faehrt
469 191 546 263 Di
213 190 1204 301 9.2. ue Geraenlein
513 1063 1011 1153 (Quellemtlgabe phye Gewähr.)
611 1109 1269 1224 Spdl. Tololoseigef A.lung
248 1161 652 1245 lusschnitt aus:
569 1228 851 1320 -6 4 1314
246 1276 378 1337 vom:
1411 1369 3399 1430 wogenen Darstellungen in den beiden Hauptvollen ge= ihrer Art der Rezitation, die — wenig
2619 1394 3397 1472 gar zu sehr von ihrer bewunder
1421 1421 1588 1485 geben.
542 1404 1116 1492 Theater und Musik.
2535 1446 3372 1521 Natürlichkeit im dramatischen Spiel
1474 1444 2527 1512 Herr Lützenkinchen fand in allen Variationen den
386 1457 1398 1538 Deutsches Gesamtspiel im Michael=Theater.
2550 1496 3355 1550 erschien uns die Ballade vom
1409 1494 2536 1558 Ansdruck für all das Ernste, Wehmütige, auch Schmerzliche
277 1527 1391 1581 (Direktion: Ph. Bock.) Am 23. März: Wohl¬
2537 1530 3375 1592 der Königstochter“ zu deklamatorisch.
1402 1544 2526 1622 und Tittere, das die Seele Professor Pilgrams in der
262 1570 1398 1628 tätigkeits=Matinee zum Besten der reichs¬
2541 1578 3378 1639 ancen brachte die Künstleein schon
2410 1582 2530 1640 Wir
1404 1591 2388 1658 Erinnerung an die tote Gattin durchzieht. —
263 1606 1402 1657 deutschen Vereine: 1) „Die Gefährtin“, Schau¬
2540 1622 3395 1693 bruchs „Nachtigall d Ibis“, und.-
1408 1617 2530 1676 hatten endlich einmal — während des ganzen dies¬
270 1660 1281 1719 spiel in einem Akt von Arthur Schnitzlen
2551 1658 3398 1725 wirkte der Vortrag von „Es wären drei
1415 1672 2535 1734 jährigen Gastspiels — die Gelegenheit, den Künstler in
269 1695 740 1766 2) Rezitationen.
2547 1706 3394 1763 von Presber und die ## ifergeschichte“.
1425 1722 2534 1777 seiner vollen Gestaltungskraft zu sehen, in dem großen
329 1741 1394 1798 Mit der Aufführung des stimmungs vollen Einakters
2537 1752 3389 1819 sprechende, fein humoristische Intonatione
1412 1772 2543 1828 Reichtum an Intonationen bei der Wiedergabe der
271 1775 1405 1851 von Schnitzler wurde die Matinee — die leider kein
2551 1797 3395 1855 Knoth in die „Moral“ der beiden Gedich
1415 1813 2546 1869 psychologisch=differenzierten Stellen. — Seine Partnerin
251 1833 1376 1897 zahlreiches Publikum versammelt hatte — eingeleitet.
2618 1831 3401 1892 Den Beschluß bildeten Ernst v. Pos
1418 1855 2544 1909 Frau v. Hagen, deren Talent für feine künstlerische
311 1868 1408 1924 Eine stille schmerzliche Wehmut geht durch das
2542 1886 3399 1938 tationen, die uns den Meister der schönen
1417 1893 2547 1956 Durcharbeitung der Rollen wir in der Emilia Galotti¬
273 1907 1400 1975 Stück, ein Schmerz, der mit Bitterkeit untermischt ist.
2550 1931 3392 1988 klaren Diktion in vollem Glanz zeigten.
1420 1936 2542 1989 Aufführung (Gräfin Orsina) schätzen gelernt haben,
267 1974 1401 2019 Keußerlich wenig dramatisch — schildert es doch nur
2552 1969 3406 2032 tragsweise von Goethes „Der Gott und
1421 1968 2548 2041 bewährte sich auch in der Rolle der Olgu Meerheim
257 2012 1403 2061 sdas seelische Erleben eines alternden Mannes, der am
2545 2012 3392 2071 können wir uns allerdings mit der versch
1414 2026 2535 2081 als Künstlerin von subtilem Verständnis für die
270 2049 1406 2112 Beerdigungstage seiner jungen Frau traurigen Gedanken
2555 2061 3405 2123 lage in der Wiedergabe der Stimmen des
1420 2066 2544 2124 Nuancen in der Charakteristik und in der überzeugend¬
272 2099 1411 2156 über sein Leben und Lieben nachhängt — ist es in
2553 2101 3399 2159 der Bajadere nicht einverstanden erkläre
1406 2109 2543 2193 lebenswahren Wiedergabe der warmen, teilnahmsvollen
263 2149 1402 2201 seinen inneren, intimen Wirkungen von einer ernsten,
2549 2148 3403 2200 unserer Ansicht nach, eine Verwechflung
1408 2159 1605 2232 Worte.
268 2184 913 2255 ergreifenden Dramatik erfüllt.
2545 2183 3405 2259 Anforderungen an eine Rezitation und au
1475 2176 2545 2258 Alle anderen Rollen im Einakter wurden von den
337 2206 1407 2293 Es hört sich fast wie in Monolog an, was auf der
2550 2234 3397 2294 Wiedergabe mit verteilten Rollen vorlieg
1411 2246 2537 2300 Herren Dr. Weinmann (Dr. Alfred Hausmann),
253 2257 1411 2328 Bühne „vor sich geht“, wie ein Monolog zu zweien, denn
2549 2280 3386 2330 sion, wirklich die Bajadere sprechen zu
1421 2290 2540 2337 Senger (Prof. We kmann), Konradi (Prof. Brand)
269 2320 1400 2372 die Freundin seiner verstorbenen Gattin ist es, mit der
2547 2312 3406 2373 dadurch kaum gegeben. (Den Gipfelpunkt
1419 2333 2330 2388 und Cronenburg einwandsfrei gegeben.
282 2360 1401 2417 Professor Robert Pilgram seine Gedanken und Empfin¬
2547 2361 3409 2422 quenz in dieser Beziehung erreichte seiner
1474 2347 2535 2426 Bei einem Stück, wie „Die Gefährtin“ woes
276 2412 1400 2459 dungen — mehr vor sich her gesprochen, als an sie ge¬
2557 2406 3406 2461 tator Türschmann, der die Iphigenie
1421 2415 2538 2475 in der Hauptsache auf die Wiedergabe des Stimmungs¬
272 2444 1401 2496 richtet — in dieser ernsten Stunde der Rückkehr vom
2551 2452 3408 2504 stimme wiedergab). — Etwas ganz and
1419 2470 2536 2521 gehalts ankommt, fällt der Regie eine verantwortungs¬
279 2497 1408 2554 Grabe teilt. Und die teilnahmsvollen Worte der
2543 2493 3409 2559 künstlerische Differenzierung, die Meist
1420 2509 2546 2573 volle Aufgabe zu. Die Einstudierung des Schauspiels
280 2536 1406 2598 Freundin Olga Meerholm klingen nicht wie Antworten
2548 2538 3400 2591 Goethes „Erlkönig“ zwischen den Worten
1429 2549 2539 2606 durch Herrn Lützenkirchen verdient in dieser
272 2579 1402 2629 auf die Reflexionen des Tieferschütterten, sondern wer¬
2563 2584 3390 2636 des Knaben und des Erlkönigs gab.
1426 2595 2082 2656 Hinsicht uneingeschränktes Lob.
288 2624 1412 2691 den auch in stiller, unaufdringticher Weise als Reflexionen
2558 2626 3410 2688 Unterscheidung in der charakteristischen S#
1486 2623 2546 2704 Deu zweiten Teil des Abends füllten Rezita¬
2543 2676 3351 2735 einzelnen Personen, in der Tongebung,
281 2675 488 2738 gegeben.
1428 2687 2538 2764 tionen, in ihrer Verschiedenheit und Mannigfaltigkeit
346 2702 1411 2765 War die Verstorbene ihrem Gatten eine Gefährtin?
2550 2707 3368 2781 Tonlage. Und hier war die Wirkung ei
1423 2741 2152 2800 sehr interessante Rezitationen, aus.
281 2755 1403 2820 Die Freundin sucht es dem vereinsamt Gebliebenen
2561 2760 3405 2811 mittelbar dramatisch packende. Der oben
1481 2789 2544 2840 Als erster trat Herr Isailovits auf, um mit
2555 2802 3405 2855 wand beim Vortrag von „Der Gott und
281 2806 1420 2853 einzureden, obgleich sie es selbst nicht glaubt. Und auch
1418 2826 2537 2885 verständnisvoller dramatischer (stellenweise vielleicht zu
288 2852 1417 2902 er, der Lebenserfahrene, macht sich keine Illusionen
2558 2841 3415 2907 bezieht sich übrigens nur auf die anges
1423 2882 2547 2932 theatralischer) Differenzierung Emanuel Geibels „Tod
277 2890 1416 2950 darüber. Mit schmerzlicher Bitterkeit konstatiert er es:
2553 2890 3403 2953 heit. Der Gesamteindruck von der Rezite
1424 2927 2540 2976 des Tiberius“ vorzutragen. Die Wirkung des Vortrags
285 2925 1410 2991 sie war nicht dazu geschaffen, sie, die viel Jüngere, die
2547 2933 3401 2979 einer durchaus meisterhaften Wiedergabe.
1427 2967 2536 3019 war eine packende und rief starken Beifall hervor.
282 2954 1414 3034 nur die Geliebte, nie die Gefährtin eines Mannes sein
2552 2967 3418 3039 fend, und doch so schlicht mit warmer Em
1414 3009 2540 3063 Doch hätten wir einige kleine Ausstellungen an, wie es
276 3021 1424 3086 konnte. Mit grausamer Klarheit hat er es sich immer
2556 3024 3405 3080 innigem Mitfühlen vorgetragen, wirkte H#
1429 3055 2548 3111 uns scheint, willkürlichen Textänderungen zu machen.
277 3056 1404 3132 gesagt und er hat es auch mit bitterer Resignation hin¬
2553 3065 3402 3117 fahrt nach Kevlaar“, und nur ein großer
1428 3101 2542 3151 So muß es dem Sinne nach in dem Geibelschen
282 3103 1414 3169 genommen, daß sie ihre Liebe einem Jüngeren geschenkt
2556 3108 3404 3172 Ernst Possart kann mit einem durch
1424 3139 2540 3191 Gedicht heißen: „da ward auch ich wie sie" und
281 3154 1412 3204 hat. Stolz, ironisch weist er die Trostesworte der
2546 3152 3412 3210 tionen und Parodien so vergällten Gedicht
1429 3186 2541 3242 nicht „da war ich auch wie sie“ (wie Herr Isailo¬
2563 3196 3403 3251 „Handschuh“ schöne und ernste Wirkungen
290 3197 1424 3250 Freundin zurück. Er hat es besser gewußt... Und
1419 3230 2545 3283 vits diese Stelle wiedergab). Unrichtig und durch das
2565 3234 3415 3289 liebenswürdiger Humor und eine bezauber
281 3230 1410 3294 doch packt es ihn schwer, als er dem jungen Manne
1419 3269 2543 3325 Versmaß nicht geboten ist auch die Betonung „Séjan“
2561 3281 3412 3339 lichkeit lag in dem Vortrag der Scherzged
277 3285 1408 3343 gegenübersteht, der die Zuneigung der Verstorbenen ge¬
1430 3323 2542 3380 (statt Sejan) und dann muß es — soweit uns
2561 3325 3396 3394 „Rettung" und „Die wandelnde Glocke“
289 3322 1423 3394 noffen hat. Denn er erfährt etwas Furchtbares: die
1770 3350 2548 3416 „Macro“ und nicht Marco heißen,
1429 3364 1715 3419 erinnerlich —
2626 3351 3407 3420 Gern hätte man noch mehr von Meis
290 3368 1383 3436 Frau, die ihm, dem alternden Gatten — trotz allem —
1429 3403 2544 3453 wie der Rezitator wiederholt den Namen aussprach. —
2554 3412 3413 3478 vollendeter Vortragskunst hören mögen, aber
287 3418 1421 3474 eine heilige Erinnerung geblieben ist, war dem andern,
1435 3446 2549 3499 Sehr hübsch, natürlich und graziös war der Vortrag
2562 3458 3419 3522 hätte dann leicht zur Soiree werden kö
281 3455 1421 3520 dem jugendlichen Rivalen nichts anderes als ein Objekt,
1422 3486 2548 3557 von Frl. Arens. Eine ganze Fülle von Feinheiten
286 3505 1424 3564 ein Spielzeug seiner Sinnlichkeit. Die Stunde der Er¬
2559 3501 3418 3567 mußte man sich mit dem Schönen und Eu
1430 3531 2544 3583 in der Nuancierung legte sie in die von ihr rezitierten
2564 3544 3266 3619 genossen hatte, dankbar bescheiden.
293 3540 1424 3606 innerung, der Rückkehr vom Grabe ist ihm entweiht.
1423 3575 2542 3642 Gedichte von Annette Droste=Hülshoff „Die Mutter“
3300 3574 3405 3660 A.
286 3591 1418 3640 Und erst als er in zorniger Aufwallung dem anderen
2270 3620 2543 3674 Von starker,
1423 3623 2279 3691 „Die tote Lerche" und „Junge Liebe“. —
296 3635 1423 3689 die Tür gewiesen, kehrt Robert Pilgram wieder zu
2694 3636 3386 3718 Italienische Oper. Adamo
1438 3670 2547 3727 aufrichtiger Empfindung für den Gehalt der Dichtung
282 3676 1412 3748 seinen Gedanken zurück, zu seiner Trauer um die, die
2567 3687 3424 3755 Rossinis „Barbier von Sevilla
1428 3710 2545 3777 befeelt, trug Herr Skoda den „Fuchsmajor vom
292 3722 1036 3784 er — trotz allem — geliebt hat ...
2614 3742 3420 3799 Hatte uns neulich Adamo Didur ei
1431 3752 2556 3811 Niederrhein“ und den „Jüngsten Leutnant“ vor. Es
356 3772 1429 3832 Das ernste, psychologische kleine Schauspiel verlangt
2551 3778 3415 3847 gelassen als Mephisto, so gab er gestern
1434 3779 2558 3856 lag echtes künstlerisches Temperament in dieser Vor¬
290 3810 1430 3871 eine sorgfältige, innig eindringende, sehr diskrete Spiel¬
1709 3827 3414 3902 Frl. Kneth enttäuschte uns etwas in des Don Basilio so Gutes, daß das Puh
287 3852 1683 3927 weise. Sie wurde durch die künstlerisch fein abge- 1 tragsmunte.
