3436 4256
1335 145 1847 233 box 14/8
741 154 1268 230 iene Kakadu
184 168 1275 242 9.3. Der Krüche Kanaun
1521 1075 3358 1165 Aren Eestrancherabsichligt, in Pelersburg, betreffend die beiderseitige Interessen¬ Arbener#usch
1037 1140 1106 1204 „
403 1132 3371 1249 = Eindan, 36. April. (Bahnunfall. — Todes, für die Erlangung der Doktorwürde erhöhte wissen= sphäre, betreffend die Eisenbahn=Angelegen= dissemente be#
3098 1169 3301 1235 gebietes.
2182 1186 2785 1275 heiten in China, bestätigt sich.
3170 1186 3358 1260 * Horitz,
300 1217 1902 1281 fall.) Ein rascher Tod ereilte heute Abend im Rangir= schaftliche Leistungen zu verlangen.
1313 1241 3324 1302 4% Berlin, 29. April. (Privat.) Ein Erfolg Stockholm, 29. April. Der Reichstag ge= Goldschmid
298 1259 1271 1319 bahnhof den schon bejahrten Wagenmeister Riesch. Riesch
294 1318 3324 1359 fuhr mit einem Rangirzug zur Stadt und hatte auf einem[Rußlands in Persien, der für England die nehmigte heute in gemeinsamer Abstimmung der gestellt. E
2177 1320 3287 1377 beiden Kammern eine außerordentliche Summe von.35 pCt.
1259 1354 3353 1437 schnell wechselnden Stimmungen im Zweifel darüber 13,200,000 Kronen zu Schiffsneubauten. Im Fabriken ang
3114 1398 3358 1457 Inspektors ist
311 1398 1257 1463 Marquise einen wirklichen Herzog, der jene That auf dem
2183 1403 3134 1487 Ganzen wurden für die Flotte 16,700,000 Kronen
1252 1424 2187 1479 ließ, ob sein Wort und seine Geberde Spiel oder Ernst
3112 1440 3352 1512 nicht gestört.
307 1429 1269 1497 Wewissen hat. „Es lebe die Freiheit!“ brüilt angesichts der
2179 1459 2388 1526 bewilligt.
1250 1461 2190 1520 bedeute. Von seinen Kollegen verdienen insbesondere der
296 1467 1273 1543 Leiche die aufrührerische Menge, und die Marquise, die sich
2265 1480 3128 1557 Pretoria, 29. April. Die politische Lage
294 1494 2199 1572 heute so angenehm aufgeregt fühlt, lädt ihren Leibpoeten Scanvola Häussers, der Jules Wohlmuths und der
2194 1538 3137 1595 wird mit großem Interosse erörtert. Der Staats¬
1242 1539 2193 1593 Balthasar Pfadischs erwähnt zu werden, während unter
284 1561 819 1624 zum nächtlichen Stelldichein.
2181 1579 3132 1651 sekretär erklärte, die Lage werde von der Regierung
346 1587 2197 1644 So die Schnitzler'sche Groteske, die in blitzschnell wechseln= den Damen Frau Conrad=Ramlo die ehrliche Georgette
3113 1610 3197 1674 Au
302 1623 2188 1682 der Beleuchtung ein rackendes Augenblicksbildchen der und Fräulein Dandler die herzlose Dirne Léocadie ganz
2181 1615 3127 1693 mit Ruhe betrachtet und es liege kein Grund zur Be¬
1243 1643 2198 1712 prächtig spielte. Herr Basil war ein recht temperament¬
3099 1663 3186 1722 gie
304 1664 1255 1726 großen Revolution zu geben sucht. Freilich ein Bildchen,
1258 1682 2535 1760 voller Wirth und Theaterdirektor und Herr Geis ein Unruhigung vor.
3098 1700 3199 1760 Da
305 1711 1267 1761 das nur widerspiegelt, was damals auf der Oberfläche
2355 1705 2973 1787 Mahnung an die Beamten.
3107 1733 3211 1786 fant
1261 1738 2204 1791 waschechtes furchtsames Schneiderlein, wie Herr Trautsch
411 1739 1268 1800 e und blinkte — die halb närrische, halb blutige Maske
1255 1767 2202 1823 (Grain) ein rührender, sentimentaler Mörder und Herr
2258 1757 3281 1833 *Berlin, 29. April. Anknüpfend an die ab= hinreiche
413 1786 1254 1843 großen Revolution, ein Kneip= und Straßenbild in
1256 1806 2207 1876 Stury (Grasset) ein philosophischer Phrasendrescher. Die
2194 1817 3331 1878 fällige Kritik, deren Gegenstand in einigen Blättern größer. M.
424 1817 1257 1882 n Farben, mit einem Wort: eine Farce! Aber war
1252 1861 2195 1907 Aristokratie war durch die Herren Remond (Herzog),
413 1865 1171 1921 tevolution von 1789 wirklich nur eine Farce?
2197 1854 3371 1923 fortgesetzt die im „Reichsanzeiger“ veröffentlichte schönen Auss
347 1887 2207 1956 Das Theaterpublikum des gestrigen Abends war kein Rhode (Vicomte), Waldau (Tremonille) und König
2183 1881 3369 1969 Mahnung an die Beamten ist, sich von Ver= sichtlich noch
3121 1925 3361 1986 ginnt dann i
302 1920 2200 2006 ungeschickter Kunstrichter. Es verwies die handlungslose (Marquis von Lansac) sehr charakteristisch vertreten, und
2198 1951 3375 2038 einigungen fernzuhalten, deren Bestrebungen nicht Pflanzen,
1245 1971 2200 2022 Fräulein Swoboda fänd sich mit der frivol=blasirten
309 1981 1271 2046 Lyrik D'Annunzios unter lebhafter Anerkennung ihrer
2189 2007 3372 2111 zu vereinbaren sind mit den den Beamnten durch ihren sind. Deree
1255 2012 2190 2072 Marquise von Lansac so gut ab, als es ihre etwas spröde
301 2027 1267 2078 poetischen Schönheiten von der Bühne, spendete Herrn
2197 2039 3144 2111 Diensteid auferlegten Verpflichtpagen, sagt die
1246 2049 1689 2114 Verstellungsgabe zuließ.
315 2062 1266 2120 v. Scholz lebhaften Beifall, wohl mehr als freundliche
1292 2073 2197 2146 Das Publikum war wie gesagt, sehr beifallslustig und
2192 2094 3359 2148 „Nordd. Allg. Ztg.“ am Schlusse einer längeren theater gas
819 2107 1266 2167 ffen denn aus Begeisterung
312 2110 703 2171 Aufmunterung zu neu#
1253 2121 2200 2177 rief nach dem zweiten Stück wiederholt den Dichter, nach
2197 2119 3371 2180 Auslassung, in der sie diese Mahnung vertritt: Die Stadttheate
844 2151 1268 2198 ikel, mit dem der Dichter
317 2152 606 2215 über den sozialp#
859 2161 2204 2233 lich jubelnd die muchtige, dem dritten unzählige Male die Darsteller und Herrn Ober¬
2193 2167 3374 2227 Reichs= und die Staatsregierung erwartet, daß die schossen.
304 2183 604 2249 debe zirt hatte, un
1833 2204 2171 2255 Edgar Steiger
1253 2207 1685 2260 Tregisseur Savits heraus.
2189 2204 3159 2295 ietzt erlassene Warnung und Mahnung ihre gute
863 2229 1261 2278 matik Arthur Schnitzlers.
3136 2212 3377 2281 schien aber
318 2223 599 2290 wenn auch etwa
857 2258 1263 2316 in Kenner schwer, zu ent¬
2172 2254 3134 2326 Wirkung nicht verfehlen wird. Erfüllt sich diese Er¬
319 2264 638 2321 Uebrigens wäre e
3116 2263 3363 2323 Kollege für
1282 2293 2183 2366 Auflösung der Aufgaben in Nr. 188.
819 2289 1274 2355 gespendeten Beifall auf
2178 2308 3375 2365 wartung nicht in allen in Betracht kommenden lassenen Sch
303 2283 747 2362 scheiben, wie viel von
306 2346 1272 2388 die Rechnung der Dichter, wie viel auf die der Darsteller
2190 2357 3372 2422 Fällen, so darf man sich überzeugt halten, daß man Leben zu n
1283 2345 2200 2428 Räthsel. Ein Wirken ohne Rast, ein Schaffen ohne
313 2376 1275 2444 kommt. Die Aufführung aller drei Stücke verdiente
2198 2404 3145 2450 an zuständiger Stelle auch nicht vor einem energischen
3127 2382 3381 2453 „warum er
1258 2386 1395 2469 Ende.
305 2407 1275 2473 nämlichgroßes Lob. Herr Schneider und Herr Oberregisseur
1290 2426 2199 2494 Tausch=Räthsel. Eilgut, Gesicht, Barka. Utrecht,
2192 2430 3143 2500 Zugreifen zurückschrecken wird, um die staatliche
311 2448 1273 2499 Savits hatten alle Regiekunst aufgeboten, der erstere, um
1262 2464 2205 2534 Atheist, Halbmast, Jever, Dativ, Beirut = Gut gekaut
2205 2476 2834 2545 Autorität zur Geltung zu bringen.
317 2492 1269 2551 den Frühlingszauber des D'Annunzio'schen Traums im
1255 2495 1560 2576 ist halb verdaut.
387 2530 1269 2586 ßeren Bühnenbilde zu verkörpern, der zweite, um dem
2420 2522 2928 2613 Zur Dreyfus=Affaire.
1296 2537 2213 2608 Metamorphose. Venus. Genua, Benda, Bande,
397 2569 1276 2619 en Hin und Her und den stürmisch bewegten Gruppen
1268 2590 1882 2657 Barke, Birne, Birma, Biala, Diana.
2275 2581 3150 2658 Paris, 29. April. (Privat.) Die viel¬
393 2614 1272 2664 Schnitzler'schen Groteske den vollen Schein der lebend¬
2199 2628 3154 2696 besprochene Preßnachricht, wonach Paléologue
3128 2639 3197 2710 5
324 2640 1282 2707 igen Wirklichkeit zu geben. Von den Darstellern hatte
1543 2526 1946 2720 Stereche.
2203 2676 3146 2741 versucht hatte, das Original der Depesche Paniz¬
312 2661 1281 2737 zunächst im „Frühlingstraum Frl. Schwarz als Wahn¬
3168 2689 3388 2765 Wirt
2197 2719 3144 2784 zardi zu verheimlichen und die Chanoine zufällig
308 2705 1301 2793 sinnige einige große Momente; im „Mein Fürst“ dagegen
3180 2754 3373 2815 Frankf
311 2767 1281 2821 schoß Herr Lüßenkirchen in der Titelrolle den Vogel ab,
2196 2759 3151 2822 entdeckt hatte, wird durch den soeben veröffentlichten
1526 2787 1973 2866 richts
858 2809 1286 2859 prächtig er anfangs
317 2800 817 2866 während Herr Possart,
2195 2786 3377 2862 Briefwechsel widerlegt. General Chanoine bestätigt Internati#
322 2840 1292 2897 einsetzte, später viel zu pathetisch drklamirte. Immerhin
2195 2826 3361 2913 darin, daß Paléologue ihm das Schriftstück frei¬ den 3. Juni
3131 2878 3374 2933 das Jahr 189
1506 2861 1995 2946 UStMr
321 2879 1287 2934 wuchs der schlichte Erzieher bei seiner Darstellung unter
2191 2898 3388 2963 willig überreicht und daß die Konfrontation durch= jahr für Stan
315 2900 1292 2972 unseren Augen zu einer gewissen geistigen und sittlichen
2197 2947 3091 3006 aus höflich und freundschaftlich verlaufen sei.
319 2947 1289 3017 Höhe. Im „grünen Kakadu“ hatte wiederum Herr Lützen¬
2184 2976 3150 3034 Dementirt wird auch die Nachricht der „Westminster
1444 2994 2039 3069 Ergänzungs=Räthsel.
325 2997 1283 3063 firchen die Hauptrolle. Sein Schauspieler Henri war ein so
3148 3017 3384 3097 § Woche
329 3037 1284 3090 echtes Gemisch von echter Leidenschaft und phrasenhaftem
1267 3022 3169 3113 2—d, —st, Wort—I, —in, Groß—, K—en, Gazette“ über Vorstellungen, die Graf Münster
327 3074 1274 3129 Komödiantenthum, daß man, genau den Absichten des
2184 3071 3381 3128 gegenüber Delcasse gemacht haben sollte betreffend ischen Lank
1458 3098 2113 3153 I, Spin—, Hoch—mer, Ei—.
312 3109 1282 3181 Dichters entsprechend, Schein und Wirklichkeit oft gar nicht
1291 3105 3367 3188 Man ergänze sinngemäß vorstehende Worte. Die hiezu eine Einmischung Deutschlands in die Dreyfus= verkauf. 2
322 3146 1284 3215 auseinanderzuhalten wußte. Um so bewundernswerther
316 3162 3379 3248 war es, daß der Künstler in der großen Schlußszene dienenden Worttheile ergeben, aneinander gereiht, ein be¬ affaire infolge der Veröffentlichungen des „Figaro“. getrieben 581
2269 3195 3156 3282 * Paris, 29. April. Der Kassotienshof vernahm
327 3227 1638 3300 deu Zuschauer keinen einzigen Augenblick der blitze kanntes Sprichwort.
