3436 4256
1232 160 1640 254 box 14/7
578 169 1076 238 Gefaehrtin
156 174 1082 280 9.2 Die ene e
584 1803 1141 1882 1. San Francisco, Stochnol#,
739 1832 1143 1895 Gesiemangebe ehne Gesche¬
620 1876 1463 1959 Müncnener Neueste Nachrichten
621 1932 1175 2022 P 1973 München
791 2063 1477 2164 Die offesten Cüren
667 2143 1528 2239 & Komödie in zwei Akten von Robert Faesi
656 2211 1576 2313 * Erste Aufführung im Residenztheater“
1004 2277 1300 2348 am 15. Marz
715 2321 1607 2390 Das Stück spielt, wie bemerkt wird, in dem
682 2364 1601 2431 Rauch= und Lesezimmer des elegantesten Hotels
683 2410 1608 2465 einer größeren Stadt. Hauptperson ist Herr Merck,
696 2443 1599 2513 kaufmannischer Direktor oder so, von fabelhafter
692 2480 1606 2563 geschäftlicher Tüchtigkeit, wie er nicht ganz sanft
688 2523 1595 2592 andeutet. Dem Zuschauer, und vor allem den In¬
696 2567 1606 2621 habern der Konkurrenzfirmen, den Unternehmern
692 2601 1607 2667 Prosinski, Habermann, Schoen und Zehrleder.
698 2651 1603 2701 Merck besitzt Ambitionen und ist kapabel, sich je¬
703 2677 1600 2740 nem der Herren zu verkaufen, der den höchsten
692 2716 1605 2778 Preis bezahlt. Da Herr Schoen außer seinem
703 2753 1607 2819 Geschäft noch eine dementsprechend liebliche Toch¬
692 2790 1609 2849 ter hat, so würde sich die Affäre für Merck noch
709 2832 1605 2895 lukrativer gestalten, wenn es ihm gelänge, Schoens
708 2881 1609 2927 Schwiegersohn zu werden. Nach Art von Auf¬
707 2908 1607 2975 schneidern hält er vor seinen Bekannten mit sol¬
706 2953 1612 3006 chen Erwägungen nicht zurück. Besonders dem
702 2988 1604 3044 harmlosen Bummler Frank gegenüber weiß er
702 3026 1605 3094 sich als den Mann der Tat aufzuspielen. Natür¬
704 3067 1613 3119 lich ist es aber dann just der harmlose Frank, der
702 3100 1609 3175 Fräulein Schoen als Gattin heimführt, und die
710 3136 1617 3202 vier offenen Türge, die Merck, sich im ersten Akt
689 3174 1641 3242 so geräuschvoll getaeschlossen, klappen, indem auch
1573 1060 2489 1127 die Unternehmer ihrerseits einem Engageme
1568 1109 2502 1156 nicht nähertreten, nicht eben lautlos wieder zu
1578 1146 2261 1228 #d Herr Merck hat das Nachsehen.
1611 1171 2510 1246 Wieder einmal also ein Stück und ein Kom
1579 1242 2521 1296 fliktchen, das von der Schadenfreude lebt. Die
1574 1258 2519 1322 Zyniker behaupten zwar, daß die Schadenfrende
1572 1313 2513 1388 die reinste Freude sei. Bei diesen zwei Akten
1589 1346 2511 1414 reicht sie jedenfalls nicht aus, um die Schwächen
1585 1395 2506 1444 zuzudecken. Der Dialog zieht sich besonders im
1577 1423 2513 1496 ersten Akt schier endlos in die Länge, ohne daß
1588 1476 2159 1532 etwas Rechtes erreicht wird.
1620 1513 2515 1579 Manchen Dank scheint der junge Autor Herrn
1599 1555 2515 1614 Dr. Wollf schuldig geworden zu sein, der die
1594 1599 2511 1653 Regie führte und dem Stück durch die Beionung
1584 1637 2524 1716 dessen, was etwa durch die Darstellung wirksam
1585 1654 2527 1726 gemacht werden könnte, vor der unfreundlichen
1593 1711 2537 1776 Aufnahme bewahrte. Ein Verdienst in diesem
1600 1753 2528 1811 Sinne hat sich auch Herr Waldau erworben,
1595 1779 2536 1846 der den harmlosen Frank so lustig und liebens¬
1595 1826 2533 1876 würdig anlegte, daß einige Heiterkeit verbreitet
1592 1869 2523 1920 wurde, wenn Frank etwas zu sagen hatte. Den
1605 1903 2523 1966 Merck stattele Herr Graumann mit etwelchen
1601 1942 2522 1999 charakteristischen Floskeln aus. Besonders an¬
1611 1971 2536 2039 schaulich wirkte der Darsteller im Finale durch
1615 2020 2528 2083 seine mimischen Erläuterungen von Mercks Ent¬
1614 2054 2525 2130 täuschung. Fräulein Pricken machte aus
1615 2099 2531 2157 Schoens Tochter einen netten Backfisch. Die vier
1623 2145 2524 2197 Unternehmer wurden von den Herren Schröder
1661 2180 2530 2251 Hoen), Stettner (Prosinski), Schwanneke und
1649 2218 2267 2292 ßer in passenden Masken gespielt.
1634 2301 2534 2384 Eingeleitet wurde der Abend mit einem Einakter
2055 2361 2536 2416 Gsföhriin“ stammt aus
1621 2366 1978 2427 von Schnitler
1611 2393 2530 2462 andelt das melancholische
1612 2445 2530 2491 Erlebnis eines Gatten. Des Professors Pilgram,
1617 2474 2533 2533 ser in schmerzvoller Resignation den Liebhaber
1618 2511 2529 2587 seiner eben verstorbenen Gattin, seinen Assisten¬
1627 2548 2525 2615 ten Hausmann, im Trauerhause freundschaftlich
1619 2577 2547 2649 empfängt, dem er aber die Türe weist, wie Pil¬
1626 2627 2541 2688 gram, der um alles wußte, gewahr wird, daß die
1627 2669 2539 2736 Verstorbene für den leichtfertigen Hausmann
1621 2709 2535 2761 nichts war, als eine Episode. Den schwergeprüf¬
1621 2748 2545 2801 ten Gatten spielte Herr Lützenkirchen; mit
1626 2783 2547 2847 den wohlerwogenen Sentiments, die er vordem,
1622 2822 2541 2876 nur einige Nnancen leichter, dem jetzt an Herrn
1631 2874 2540 2940 v. Jacobi=herantworteten Hausmann ange¬
1617 2906 2547 2952 deihen ließ. Die wenigen Worte der Freundin
1619 2930 2549 2988 sprach Frau Swoboda. mit Wärme. Es ist
1626 2966 2563 3047 etwas Eigentümliches um solche Neueinstudierun¬
1634 2988 2577 3076 gen, an denen man erleben kann, wie die Zeit
1629 3058 2565 3128 verrinnt und aus den Liebharen Pörcs nohler
2144 3086 2564 3167 Richard Elhinger
1625 3110 1802 3167 werden.
2418 3185 2524 3270 G
