3436 4320
434 249 1089 325 Die Gefaehrtir
1261 252 1709 337 box 14/7
191 256 1263 350 9.2. Messachein
3143 1605 3217 1688 1
1651 1636 1735 1708 —
317 1642 433 1725 8
1461 1678 3378 1761 geglittenen Stückes Richard Dehmel heißt, wird es sogar lsucht von uns verlangt wird, vermögen
403 1708 621 1787 —
606 1705 1465 1776 Berliner Theaterbrief. ####7
1469 1725 3386 1788 zur kritischen Anstandspflicht. Doch fordert auch hier gerade so gern wir geneigt wären, dem Verfasser
1465 1769 3366 1837 der Respekt von der künstlerischen Persönlichkeit des Dichters bolischen Dämmerungen zu folgen, die
322 1757 1473 1837 D. Berlin, Mitte September. Die Berliner Premièrenjagd
1478 1794 3380 1870 Kürze und schnelle Erledigung. Der von so tiefem, leiden= bzren Geschehnissen der äußern Handlun
310 1833 1484 1884 hat heuer mit einer Heftigkeit eingesetzt, wie selten zuvor.
1477 1860 3379 1924 schaftlichem Erlebnisernst erfüllten Lyriker der „Erlösungen“ die antipathetische Gestalt der Titelhelden
314 1868 1485 1936 Um bei all und jedem dabei zu sein, müßte man e so gut haben
1474 1890 3372 1959 und der „Zwei Menschen“ hat vor vierzehn Jahren der möchte. Denn das gerade macht dieses
301 1916 1472 1989 wie jener südwestafrikanische Farmer, der, um seine faullen¬
2612 1935 3377 1997 unerträglich: es verstrickt sich ganz und
1477 1944 2610 2008 Schwächeanwandlung nicht widerstehen können, ein Drama
312 1953 1478 2030 zenden schwarzen Arbeiter auf zwei weit von einander ent¬
2610 1973 3383 2034 rat, es bleibt Sklave, wo es Herr sein ###
1482 1992 2630 2049 „Der Mitmensch“ zu schreiben, das er in einer nachträg¬
323 1992 1482 2061 fernt liegenden Feldern im Schach zu halten, auf dem einen
2602 2021 3383 2087 durch die Ueberladungen und die gewollte
1475 2026 2623 2092 lich hinzugefügten mehr breitspurigen als tiefsinnigen Abhand¬
312 2042 1475 2103 einfach sein Glasauge niederlegte, während er sich mit dem
2606 2062 3383 2125 lichen Handlung alle geistige Durchsicht
1470 2077 2610 2133 lung mit nur halb verhüllter Unbescheidenheit als Vorboten
314 2078 1489 2141 andern, natürlichen Auge, in persona auf das zweite Feld
2615 2099 3396 2167 mensch“ selber erscheint uns am Ende ni
318 2117 2614 2190 begab. Da vermeinten die abergläubischen Kinder der schwar- einer neuen tragischen oder tragikomischen Moralära bezeich¬
2607 2156 3388 2212 und Erlöser des reinen, stolzen Künstlert##
1479 2158 2623 2221 net, als Gefährten der Strindbergischen, Wedekindischen und
318 2169 1493 2238 zen Rasse, das „Auge des Herrn“ wache zu gleicher Zeit an
2607 2189 3391 2260 Bruder sondern nur als ein Henkersk
318 2209 2609 2263 beiden Stellen. Der Berliner Theaterkritiker, wie gesagt, Shawischen Bühnenstücke, die ja auch eine „neue Moral¬
2616 2229 3389 2300 und unsere Teilnahme fallen ganz wo a#
310 2244 2621 2315 hat es nicht so gut. Er kann an einem mit vier, fünf oder dramatik gesteigerten Stils“ anstreben. Lieber Gott, es ist
2617 2287 3367 2340 mel möchte. Alle Achtung vor ihm muß
369 2282 2619 2360 — was gar nicht so selten ist — sechs Premièren gesegneten nicht viel von diesem zukunftsträchtigen Symbolismus zu ent¬
2615 2311 3396 2387 schöpfen, möglichst schnell den Vorhang ü
313 2328 2621 2402 Abend nur an einer Stelle sein, höchstens, wenn er das Glück decken in dem Stücke selbst. Was wir da auf der Bühne des
2607 2375 3138 2433 Verirrung fallen zu lassen.
315 2373 2618 2447 hat, einen Bedag zu erwischen, an zweien, um dann freilich] K einen Theaters sehen und erleben, ist nichts als eine zu¬
2627 2399 3392 2474 Eine Reihe von Abenden galt Neues
328 2402 2631 2504 von den Getreuen der zuletzt beehrten Bühne regelmäßig zu weilen derbe, zuweilen gelungene, zuweilen abstrakte, mit ro¬
2617 2445 3383 2517 Stücken aus den neunziger Jahren. 6#
320 2466 2619 2519 erfahren, daß die wirkungsvollsten Szenen gerade eben zu mantischen und naturalistischen Motiven bunt gespickte Mord¬
2624 2495 3386 2558 reicht heutzutage aus, um einen Autor
323 2499 2630 2583 Ende gegangen seien. Will er dann am nächsten oder über= und Totschlaghandlung: ein jüdisches Mädchen, das der väter¬
2619 2526 3384 2604 Bühne Klassikerehren genießen zu lassen.
1479 2550 2620 2608 lichen Geschäftspolitik zuliebe mit einem brutalen amerikani¬
327 2552 1490 2624 nächsten Abend das Versäumte“ nachholen, so findet er zu
2615 2569 3396 2654 singtheater Hauptmanns „Hanne
1486 2590 2626 2650 schen Börsenjobber verlobt ist, aber eigentlich den genialen
319 2609 1493 2684 seiner Ueberraschung die Novität schon wieder von dem alten
2618 2623 3384 2686 in der Titelrolle und Heinz Monnard, d
1476 2631 2624 2705 Architekten Peter Wächter liebt und auch ein Kind von ihm er¬
330 2645 1501 2714 Zugstück der letzten Saison überklebt, das sich Dank seiner
2617 2668 3386 2733 uns zurückgekehrten, als Lehrer Gottw
1485 2675 2626 2736 wartet, sieht sich von ihrem eigenen Zwiespalt, wie von den
327 2690 1482 2752 robusten Lebensenergie über die Elendigkeit des jungen Nach¬
1483 2706 3385 2778 Vorwürfen und Forderungen des Bruders ihres Geliebten so ohne daß mehr als eine Mitleidswirkung
329 2725 1500 2805 wuchses diebisch ins Fäustchen lacht. Soll man solchen drama¬
322 2791 3390 2821 tischen Eintagsfliegen, die man kaum summen gehört hat, bedrängt, daß sie sich selbst das Leben nimmt; der Herr Bräu= wurde an demselben Abend und in demisel
1485 2794 3394 2874 tigam wird, als er den Architekten wegen dieses Ausgangs Schnitzlers Gefährtin“ aufgesüh
328 2805 1510 2897 die man sich allenfalls nur aus der Buchausgabe in ihrer
334 2878 3391 2916 theatralischen Gestalt künstlich rekonstruiefen könnte, lange zur Rede stellen will, von dem Erregten mit einem spitzsteini¬ nglichen Reflerionen rei
2626 2872 3392 2936 ein Stück ohne dramatischen Nerv un
327 2887 2642 2965 Nekrologe halten? Soll an krampfhaft zum Leben zu er=gen Diamantring niedergeschlagen und dann unter oier Augen
338 2907 3402 3010 wecken trachten, was die kundigen Thebaner von Bühnendirek= von dem brüderlichen Schutzgeist des Künstlers, dem „Mitmen= Wäre der Darsteller des alternden Arzte
2615 2972 3400 3032 Tode seiner ungetreuen Frau erfährt, das
329 2976 2624 3060 toren selber wohlweislich in diesen Monat des Wartens und schen“ vollends kalt gemacht. „In Gottes Namen!“ sagt er
2621 2997 3406 3066 zeihenden Edelmut an eine Unwürdige ve
1483 3007 2634 3081 währ nd er dem Ohnmächtigen den Revolver auf das zerstörte
330 3035 1501 3109 Experimentierens verpflanzt haben, wo ihre getreuesten und
1490 3055 3395 3129 linke Luge setzt. .. Die, wenn auch nur tragikomische Be= Oskar Sauer gewesen, dieser menschli
332 3085 1487 3146 zahlungsfähigsten Abonnenten noch in Heringsdorf oder Ba¬
1473 3084 3394 3179 wunderung, die für diesen brüderlichen Opfermut des „Mit= seelisch geläutertste aller modernen Scha#
329 3125 1212 3207 den=Baden den verlorenen Sommer suchen?
358 3139 3391 3233 Nur literarische Gründe können das manchmal rechtfertigen, menschen“, für seine Befreiung des Genies aus den Ver= Wiedererweckung hätte sich nicht gelohnt.
342 3214 3395 3286 und wenn der Verfasser eines so vorzeitig in die Versenkung strickungen einer lähmenden Liebe und den Klauen der Rach=[Hartleben, dem früh Dahingegangen
