3436 4224
1196 142 1607 232 box 14/7
676 152 1033 234 Taehrtin
583 169 624 233 10
366 163 472 234 Di
132 167 1059 273 g  ee e e enen ee
1093 643 1429 743 Telephon 12.801.
1126 738 1236 829 44
524 814 1183 912 „ODSERVER
322 882 1429 966 1. österr. behördl. konz. Unternehmen für Zeitungs-Ausschnitte
507 943 1263 1023 Wien, I., Concordiaplatz 4.
720 1003 1043 1067 Vertretungen
322 1036 1453 1111 in Berlin, Basel, Budapest, Chicago, Cleveland, Christiania,
334 1095 1429 1137 Genf, Kopenhagen, London, Madrid, Mailand, Minneapolis,
337 1133 1444 1203 New-Vork, Paris, Rom, San Francisco, Stockholm, St. Peters¬
717 1174 1036 1231 burg, Toronto.
581 1208 1115 1289 (Quellenangabe ohne Gewähr).
323 1207 1425 1366 Auschnit abarsgeite undesreitung Varsrune
315 1351 804 1462 vom: „2hphla1d
508 1466 1456 1581 Großh. Hoftheater Karlsruhe.
320 1558 1644 1649 Artur Schnitzler: „Die Gefährtin“ — Raoul Auern¬
584 1613 1277 1699 heimer: „Die glücklichste Zeit“
405 1654 1638 1746 Zwei jungösterreichische Dramatiger kamen gestern im Hof¬
328 1715 1643 1790 rheater zu Wort: Auf Artur Schnitzlers Einakter „Die Ge¬
323 1757 1643 1850 fährtin“ folgte Raoul A#haktisches Lustspiel
318 1813 1643 1898 „Die glücklichste Zeit“. Die Zusammenstellung dieser
316 1849 1637 1922 beiden Stücke war nicht sehr glücklich; der Gegensatz zwischen der
322 1893 1643 1968 düstern=melancholischen Grundstimmung des Dramoletts und der
331 1936 1656 2007 fost grotesken Komik des Lustspiels war zu stark, beinahe brutal.
415 1976 1658 2059 Schnitzlers Name stand vor Jahren schon einmal auf dem
328 2030 1652 2116 Spielplan unseres Hoftheaters. Dann wurde lange Zeit der
324 2067 1655 2146 Wiener Dichter auffallend vernachlässigt. Jetzt hat man eins
326 2121 1641 2189 jener kleinen Dialogstücke wieder hervorgeholt, in denen Schnitz¬
337 2170 1658 2242 ler seine intime Kunst, seelische Geheimnisse aufzudecken, in der sub¬
336 2206 1656 2290 tilsten u. knappsten äußeren Form dartut. Der Einakter mit seiner
335 2260 1640 2340 zarten, verhalten=traurigen Stimmung, in der nur ein mal auf.
336 2297 1639 2375 geregte Worte heftig emporschlagen, paßte nicht recht zun Neu¬
343 2344 1649 2422 einführung des Jungwieners beim hiesigen Publikum, paßte nicht
328 2394 1646 2463 recht in den großen, geräuschvollen Theaterraum. Und, wie es schien,
337 2432 1657 2510 stand auch gestern der größte Teil des Publikums dem fremd ge¬
335 2485 1092 2568 wordenen Dichter fremd gegenüber.
426 2515 1656 2597 „Die Gefährtin“ behandelt das Problem der verschwendeten
335 2579 1662 2634 Seelengröße Ein altes nie zu Ende gedichtetes Thema liegt der
344 2615 1650 2689 Handlung zu Grunde! Zwei Männer um eine Frau. Professor
349 2660 1664 2735 Pilgram, eine großdenkende Natur, hatte seine Frau, von der
343 2701 1649 2791 er wußte, daß sie ihn mit einem anderen betrog, nach sich be¬
336 2744 1662 2806 urteilt. Er glaubte, daß sie, die ihm eine Gefährtin sein sollte,
339 2790 1663 2859 aber nur für eine Geliebte geschaffen war, bei „dem Anderen“
345 2832 1656 2908 das Glück gesucht u. gefunden hat. Jetzt hat der Tod der Frau die
345 2867 1676 2929 Scheinehe endlich gelöst u. der Betrogene schickt sich an die Treulöse
354 2922 1667 2999 trockenen Auges zu Grabe zu tragen. Sein Lebensstolz hat darin
344 2997 1670 3038 beruht in einen philosophischen Erkenntnis von der Unzuver¬
349 3005 1665 3078 lässigkeit, von der Wandelhaftigkeit unseres Gefühlslebens, den
352 3081 1676 3130 Abfall der Gattin ohne Bitterkeit begriffen zu haben. Da, an
349 3094 1674 3148 ihrem Beerdigungstage, widerfährt ihm die niederschmetternde
362 3140 1674 3201 Enttäuschung, daß das, was er groß geglaubt hatte, in Wahrheit
354 3186 1680 3254 ganz klein war, daß er der Sünderin statt einer großen Leiden¬
354 3224 1699 3307 schaft nur eine höchst gewöhnliche Verirrung zu verzeihen hat. Für
2060 1403 2116 1476 1
1661 1437 2982 1531 die Duldung eines vornehmen Herzens muß Schmatz und Ekel;
1662 1499 2970 1566 eingetauscht werden, darin liegt die Tragik des kleinen Stückes.
1742 1551 2969 1623 Der eigenartige, stimmungsschwere Charakter des Einakter
1656 1610 2980 1660 war bei der gestrigen Aufführung von dem Spielleiter, Herrn
1652 1635 2969 1720 Kienscherf, sehr geschickt herausgebracht worden. Auch die
1659 1692 2976 1750 Darsteller trafen mit feinem Gefühl den Ton des Stückes. Am
1665 1729 2971 1804 besten war Frau Ermarth in der kleinen aber schwierigen
1665 1775 2966 1843 Rolle der Olga Merholm. Bei Herrn Herz, der den Professor
1659 1818 2977 1882 Pilgram gab, kam manchmal etwas der Heldendarsteller des
1656 1870 2975 1935 klassischen Dramas heraus. Sehr gut fügte sich auch Herr
1662 1911 2784 1969 Mewes ein, der nur in der Maske zu jugendlich war.
1750 1964 2972 2026 Raoul Auernheimers „Die glücklichste Zeit“ ist eine
1660 1995 2979 2070 sehr lustige, unterhaltende, manchmal etwas zu breit ausge¬
1663 2058 2987 2120 sponnene Gesellschaftskomödie, mit vielen neuen, aber auch
1675 2086 2981 2164 manchen alten Bonmots. Es ist eine Satire auf den legitimen
1668 2131 2977 2203 Liebesfrühling, den offiziellen Brautstand. An dem Held des
1666 2177 2981 2239 Stückes, dem verlobten, zerlobten und endlich wieder verlobten
1668 2224 2984 2307 Kapellmeister Artur Ewoald wird dargetan, was der Bräutigam
1667 2268 2978 2332 eines Mädchens aus sogenanntem gutem Hause von all den
1669 2311 2982 2397 Tanten, Verwandten und Angehörigen der Erkorenen über sich
1664 2353 2992 2434 ergehen lassen muß, bis er in den Hafen den Ehe einlaufen darf.
1669 2405 2983 2479 Das Stück ist nicht mehr wie ein landläufiges Lustspiel, aber
1673 2448 2985 2511 seinen Zweck, das Publikum eine Zeitlang zu amüsieren, erfüllt
1686 2505 1924 2569 es vollauf.
1762 2522 2983 2600 Es wurde gestern von den besten Kräften unseres Hoftheaters
1686 2583 2993 2649 in geschmackvollen Toiletten frisch und flott heruntergespielt. Be¬
1686 2630 2997 2705 sondere Schwierigkeiten macht wohl keine der Rollen. Sehr ge¬
1679 2669 3013 2740 wandte und liebenswürdige Leistungen boten vor allem die
1673 2733 3011 2781 Träger der Hauptrollen: Frl. Noorman und Herr Höcker.
1685 2757 3008 2841 Frau Pix und Herr Dapper trugen durch ihren prächtigen,
1689 2805 2991 2871 Humor viel zum guten Erfolg des Stückes bei. Auch alle übrigen
1685 2849 2995 2927 Darsteller wanen vortrefflich. Der Beifall war nach allen Mn¬
2754 2890 2952 2972 W. G.)
1686 2906 2004 2984 schlüssen stark.
