3436 4192
614 153 1090 232 Gefaehrtin
415 166 463 234 D
163 168 1090 266 9 2  1  ene e
1225 146 1645 237 box 14/7
1805 1275 2144 1352 Telephon 12.881.
1282 1406 1999 1511 „UDSERTEN
1100 1477 2212 1551 I. öeterr. bebördl. konz. Unternehmen für Zeitungs-Ausschaltte
1306 1527 2036 1599 Wien, I., Concordiaplatz 4.
1514 1590 1846 1655 Vertretungen
1123 1635 2215 1707 in Berlin, Basel, Budapest, Chicago, Cleveland, Christiania,
1119 1674 2213 1734 Geal, Kopenhagen, London, Madrid, Mailand, Minneapolls,
1124 1716 2220 1775 New-Vork, Paris, Rom, San Francisco, Stockholm. St. Petere¬
1518 1762 1814 1823 burg, Toronto.
1448 1800 1898 1865 (Ouellenangabe ohne Gewähr.
1117 1870 1475 1957 Ausschnitt a
1475 1883 2264 1976 Osterreichische Rundschau, Wien
1341 1953 1630 2033 I5ARZ 1910
1137 1967 1341 2036 vom:
1268 2021 1348 2088 F
1331 2043 2078 2126 Auch Georg Hirschfelds Schauspiel „Mütter“
1249 2080 2077 2171 (von der Neuen Freien Dolksbühne nach 15 Jah¬
1253 2130 2086 2215 ren wieder aufgeführt) war einst ein Kombattant
1250 2169 2084 2264 im literarischen Freiheitskriege. So weiblich zart
1246 2204 2090 2300 die Glieder dieses Geschöpfes auch sind ... Tief
1255 2260 2094 2335 aus dem Leben, aus dem Leide heraus drang
1256 2314 2099 2385 hier der Ruf des verlassenen Mädchens, daß es
1264 2348 2095 2430 seines Muttertums Stolz und Glück sich durch
1268 2392 2104 2480 keine aufgezwungene Scham verderben lasse. Für
1261 2445 2106 2532 den Wert der Dichtung aber bürgt, daß wir heute
1271 2481 2100 2578 das Rührende dieses wundervollen Weibes aus
1265 2537 2102 2618 dem Dolke stärker und reiner empfinden als die
1273 2605 1468 2668 Cendenz.
1358 2610 2111 2703 Diese Schauspiele ragten aus einer vergan¬
1287 2658 2118 2754 genen Deriode zu uns herüber. Arthur Schnitz¬
1275 2709 2114 2807 lers kleines Meisterdrama „Die Gefährtin“ da¬
1284 2746 2115 2840 gegen ist mit keinem bestimmten literarischen Zeit¬
1289 2793 2117 2897 alter verknüpft. Hier ist etwas Zeitlos=Gegen¬
1290 2840 2120 2932 wärtiges; die feinste Kultur einer in sich abge¬
1297 2889 2124 2967 schlossenen, von der Umwelt unabhängigen dichte¬
1304 2930 2127 3012 rischen Persönlichkeit. Der Eindruck des stillen
1294 2973 2136 3050 Stückes mit seinem ernsten Tebensinhalt wird
1307 3011 2124 3095 immer dann der tiefste sein, wenn die Gunst des
1300 3065 2134 3150 Augenblickes den schauspielerischen Erfüller ge¬
1313 3101 2133 3185 währt. Deshalb wir nun die Aufführung im
1310 3152 2142 3232 Lessingtheater das köstlichste Geschenk. Denn
1317 3195 2147 3271 Oskar Sauers innerlicher Ausdruck erreichte in
1311 3238 2145 3326 der Rolle des Professor Dilgram mit den zartesten
1312 3287 2154 3375 und leisesten Mitteln eine unerhörte seelische
1317 3359 1469 3414 Macht.
