3436 4256
609 173 1113 255 Gefaehrtin
195 191 1173 283 9.2. Die   A. a2
1265 166 1691 258 box 14/7
2029 190 2239 265 Seite 202.
2876 178 3205 267 #llgemei
1986 303 3182 360 machen, sie fordere diese Briefe in ihrem eigenen Interesse.
1982 353 3193 405 Der Mann aber sagt der Erstaunten, daß er wohl wisse wie
1982 408 3196 468 seine Frau ihn schon seit Jahren mit seinem Assistenten be¬
1990 462 3192 515 trogen habe. Er habe nichts dazu gesagt und, als der um
1981 496 3206 566 zwanzig Jahre Aeltere, dem jungen Paare innerlich längst
1993 549 3198 606 verziehen. Da nun aber dieser Assistent von der Todes¬
1980 593 3195 656 nachricht erreicht, augenblicks zurückkehrt und gesprächsweise
1985 644 3204 714 erwähnt, daß er sich inzwischen an der See verlobt habe,
1986 708 3196 758 kommt es auf, daß nicht eine unwiderstehliche große Leiden¬
1994 741 3205 797 schaft die beiden Sünder zusammengeführt hat, sondern daß
1999 794 3210 845 die verstorbene Frau sogar von der projektierten Verlobung
1985 841 3204 898 ihres Geliebten mit einer reichen Partie gewußt hat. Dar¬
1998 890 3214 958 auf hin nun wendet sich der betrogene Gatte erst recht mite
1990 941 3219 1002 Ekel und Abscheu von seinem Freunde und Assistenten ab,
1988 988 3210 1052 weist ihn aus dem Hause und geht auf Reisen. Er ist inner¬
1990 1035 3207 1105 lich mit der Geschichte fertig und jede Spur von Trauer
1993 1087 3215 1139 wie von Achtung für die Verstorbene ist für immer dahin.
2055 1141 3208 1196 Dies alles weiß uns Schnitzler in einem sehr fein poin¬
1993 1183 3214 1234 tierten Dialog zwischen den drei Hauptpersonen des Stückes
2004 1230 3220 1294 zu erzählen, aber geradeso wie der betrogene Gatte jedes
1999 1278 3222 1345 Gefühl für die eben Verstorbene begreiflicherweise verloren
2006 1344 3222 1396 hat, ebenso verlieren wir das Interesse an der ganzen pein¬
2005 1367 3220 1439 lichen Eheaffäre. Ein betrogener Gatte findet selten unser
2011 1422 3219 1491 volles Mitleid, die betrogene Frau immer. Aber ganz be¬
2010 1481 3212 1550 sonders läßt uns die Sache kühl, wenn wir die schöne Sün¬
2010 1527 3220 1591 derin überhaupt garnicht zu sehen kriegen und die Sache
2013 1579 3231 1642 schon abgeschlossen ist, bevor der Vorhang aufgegangen ist.
2011 1623 3224 1687 Die Darsteller der drei Hauptrollen, des Professors, des Assi¬
2015 1676 3223 1746 stenten und der Freundin waren Herr Lützenkirchen, Herr
1999 1732 3226 1796 v. Jacobi und Frau Swoboda. Damals hießen sie Schnei¬
2006 1785 3225 1834 der, Lützenkirchen und Klara Heese. Wir brauchen die
2012 1812 3223 1893 Namen nur zu nennen um Glauben zu finden dafür, daß
2011 1879 3232 1938 die Darstellung von heute das Stück gewiß nicht eher retten
2019 1917 3218 1981 konnte als die von damals. Der Regisseur des Abends war
2012 1961 3237 2029 der neue Dramaturg Dr. Wollf. Für dieses Stück hatte er
2013 2014 3233 2085 ein sehr unglaubhaftes Milieu gewählt. Angeblich befand
2020 2072 3242 2133 man sich im Zimmer der verstorbenen Frau, in Wirklichkeit
2014 2095 3242 2183 war es ein großer Saal mit drei Türen, der in seiner Nüch¬
2018 2164 3239 2230 ternheit von vornherein keine Stimmung aufkommen ließ.
2099 2219 3230 2286 Mehr Glück hatte das zweite Stück: „Die offenen
2014 2272 3248 2345 Türen“ eine zweiaktige Komödie von Robert Faesi, mit
2025 2321 3235 2393 dem ein hier ganz neuer Name auftritt. Dr. Faesi ist Schwei¬
2028 2389 3241 2441 zer und wie man hört Privatdozent in Zürich; mir ist nicht be¬
2019 2437 3238 2484 kannt, daß er vorher schon etwas geschrieben hätte. Das
2034 2470 3240 2531 Sujet seines Stückes ist garnicht so übel und liegt nicht ge¬
2034 2521 3243 2584 rade an der Straße. Das ganze Stück spielt im Rauch= und
2021 2567 3238 2633 Lesezimmer „des elegantesten Hotels einer größeren Stadt“.
2033 2618 3246 2669 Das ist bekanntlich der für jeden Autor bequemste Schau¬
2034 2656 3255 2744 platz: so eine Hotelhalle hat mindestens drei Eingänge, durch
2025 2735 3235 2784 welche die Personen des Stückes zwanglos auf= und ab¬
2027 2776 3252 2832 treten können, so oft der verehrliche Verfasser es für gut
2037 2817 3244 2876 findet. Auf diesem neutralen Boden findet sich nun eine Ge¬
2044 2879 3250 2931 sellschaft von Groß=Kaufleuten und Spekulanten ein. Der
2031 2919 3251 2968 unternehmendste von ihnen heißt Merck. Er hat und sucht
2041 2958 3249 3021 die vorteilhaftesten Verbindungen und Geschäfte und ist im
2044 3020 3252 3073 Begriffe sich so teuer als möglich zu verkaufen, sei es an
2048 3062 3243 3114 einen der beiden Hauptunternehmer oder an die Tochter
2039 3113 3244 3176 eines dritten. Er kann sich aber nicht entschließen, weil er
2038 3162 3250 3227 eben die beste Chance von den dreien erst erproben muß;
2050 3208 3252 3262 das sind die offenen Türen. Man ahnt schon, daß dieser
2049 3261 3256 3322 skrupellose Kaufmann sich zuletzt doch verrechnet. In der
2052 3312 3256 3364 Tat schließen die beiden Unternehmer hinter seinem Rücken
2059 3353 3259 3426 einen Pakt gegen ihn und lassen ihn fallen, und die Tochter
2049 3407 3253 3464 des dritten reicht, abgestoßen von so viel Egoismus, ihr
2045 3461 3255 3521 Händchen einem Jugendfreund, der wegen seines unpnak¬
2054 3507 3262 3564 tischen Idealismus von Merck die ganze Zeit über ausge¬
2051 3563 3267 3616 lacht und geschulmeistert worden. Das wäre nun alles so
2055 3601 3256 3653 weit ganz nett, wenn der Verfasser damit ordentlich vom
2057 3665 3265 3713 Fleck käme, aber die Exposition des ersten Aktes ist von einer
2059 3711 3261 3766 solchen Schwerfälligkeit und Langatmigkeit, daß man bei¬
2067 3749 3265 3808 nahe die Hoffnung aufgibt an dem Abend noch etwas zu
2063 3807 3261 3863 erleben. Der frischere zweite Akt macht dies nun wenig¬
2069 3854 3270 3919 stens zum Teil wieder gut. Die kleine Komödie wurde in
2064 3902 3260 3959 den Hauptrollen von Herrn Graumann (Merck), und den
2079 3925 3295 4023 Herren Waldau, Schwanneke, Stettner und Höfer, sowie
