3436 4256
943 138 1364 212 efaehrtir
718 143 807 215 D
479 122 1968 253 9.2. #1e box 14//7
2532 122 3091 217 Framdenblach Wien
2438 204 2697 304 F-331 77
2342 292 3139 446 Theater und Kunst.
2421 428 3080 530 Gastspiel Bassermann.
2585 511 2893 586 Volksbühne.
2252 560 3362 634 Am ersten Abend seines Gastspiels erschien Basser¬
2128 615 3380 693 mann in drei verschiedenen Rollen, zeigte im engen Raum
2131 666 3388 738 eines Abends an drei verschiedenen Gestalten seine Wand¬
2146 711 3365 780 lungsfähigkeit wie seine bildnerische Kraft und bewies in
2143 740 3379 830 drei Einaktern, wie sehr er in seiner unbedingten Spiel¬
2136 785 3391 877 freudigkeit allen großen Darstellern gleicht, wie er sich, aus
2143 848 3372 921 der Natur eines großen Darstellers, eigentlich nur für eine
2144 902 3360 980 Rolle interessiert und nicht im geringsten um den Gehalt
2133 963 2741 1021 irgend eines Stückes schert.
2266 972 3370 1075 Die Linie dieses Abends war denn auch, was die
2140 1029 3366 1117 drei Einakter betrifft, eine absteigende, ja eine abstürzende,
2144 1100 3369 1161 und man kann nicht einmal sagen, daß sich zuletzt — wie
2153 1155 3372 1208 doch die Absicht war — wenigstens die Heiterkeit gehoben
2144 1184 3355 1257 hätte. Denn die Lachstürme blieben bei der „Partie Piquet“
2143 1224 3372 1322 so ziemlich aus. Nach den kleinen Einaktern von Schnitzler
2140 1280 3378 1361 und Hartleben sah das Publikum mit einiger Betroffenheit
2144 1303 3391 1412 diese verstaubte und kindische Posse mit an, die jetzt noch
2154 1378 3379 1450 älter, noch schwächer und noch unlebendiger scheint, als
2143 1426 3387 1496 irgend ein Schwank von Kotzebue. Ein wenig verstaubt
2176 1470 3377 1543 mutet ja auch Otto Erich Hartlebens Satire „Die sittliche
2216 1500 3387 1593 orderung“ an. Salopp und skizzenhaft hingewischt sind
2195 1565 3380 1647 ie beiden Gestalten, das aus kleinstädtischer Beschränktheit
3290 1619 3365 1674 bis
2146 1620 3176 1701 ins freie Künstlertum entsprungene Mädchen, da
2156 1672 3169 1747 zum Varietéstern gebracht hat, und der treuherzi
2157 1720 3066 1798 sche Jugendgeliebte, der nun kommt, die Ve
2159 1774 3031 1835 in die legiülme Ordnung heimzuholen, er
2163 1815 3023 1885 sittlichen Forderung nicht weiter besteht,
2161 1861 3006 1940 man auch auf andere Weise zu einem
2153 1906 3003 1975 gebnis gelangen kann. Das gleiche M
2157 1963 2967 2040 manns „Heimat“ bringt, ist auch hier
2163 2009 2993 2087 hier aber bloß in beiläufiger, gutgelau
2157 2059 2918 2138 mehr improvisierend als gestaltend,
2155 2103 2910 2187 rednerisch als dramatisch behandelt,
2162 2167 2903 2234 mit der starken Faust eines Theatra
2158 2211 2909 2279 sam ist beiden Stücken, dem Schal
2164 2253 2911 2325 wie dem Schwänkchen von Hartlebe
2161 2307 2910 2371 tung des Spießbürgers und in d
2159 2344 2927 2403 stellung gegen die Moralphilister ein
2156 2391 3001 2475 tum zu spüren bleibt, das sich über die
2168 2443 2783 2526 ebenso wundert wie entzückt.
2284 2471 3162 2568 Am stärksten wirkt der erste der drei Eina
2167 2528 3172 2619 Schnitzlers „Gefährtin“, wie denn an den meiste
3328 2581 3378 2642 g=
2171 2580 3170 2656 Stynitzlers mit den Jahren mehr und mehr die ed
2174 2642 3187 2699 keit, die ihnen innewohnt, hervortritt, so daß die
2165 2692 3396 2749 wenn man, sie nach langer Zeit wiedersieht, von einem
2174 2725 3394 2802 merkwürdig ergreifenden Schimmer überbreitet sind.Ein
2175 2769 3400 2845 Glanz, der langsam tiefer und milder geworden ist. Mit
2167 2820 3398 2886 leiser, aber eindringlicher Kraft sind die Gestalten gezeich¬
2174 2864 3396 2937 net. Auch die Gestalt der toten Frau tritt, unsichtbar, doch
2180 2928 3405 2980 in voller Lebendigkeit hervor. Leife, aber mit unwider¬
2170 2965 3404 3038 stehlicher, innerer Notwendigkeit wird die Vorgeschichte auf¬
2180 3002 3395 3095 geröllt in einem Dialog, dessen hohe Kultur, dessen treff¬
2182 3060 3396 3128 sichere Meisterschaft unendlich wohltut. Daß ein bedeutender
2178 3114 3409 3183 Mann, der von seiner um vieles jüngeren Frau betrogen!
2167 3148 3404 3233 wird, seine Würde in dem Glauhen rettet, die treulose
2177 3206 3395 3280 Frau und der treulose Freund seien in einer großen
2175 3246 3410 3331 Leidenschaft einander verbunden, stöhnten unter Gewissens¬
2169 3302 3413 3374 qualen und würden nächstens vielleicht den Mut finden ein
2186 3345 3405 3426 Bekenntnis abzulegen und um ihre Freiheit zu bitten, daß
2174 3408 3406 3472 diesem Mann nach dem plötzlichen Tod der jungen Frau
2176 3447 3421 3535 auch dieser schützende Irrtum genommen wird und er er¬
2186 3489 3443 3568 fahren muß, er sei gar nicht um einer großen Leidenschaft
2190 3542 3406 3604 willen, sondern einfach durch das banale Liebesabenteuer
2179 3589 3443 3668 zweier ganz banaler, in ihrer Begierde unbedenklicher
2180 3638 3398 3700 Menschen gefoppt worden, gehört zu jener Art von Stoffen,
2180 3683 3413 3752 die man gewöhnlich „geistvoll“ nennt, aber nur deshalb,
2185 3729 3408 3809 weil die Alltagskritik über den sehr trivialen Begriff des
2184 3770 3409 3849 „Geistvollen“ zu der wahrhaft dichterischen, menschlich
2184 3827 3404 3899 weisen und beziehungsreichen Gestalt solch eines kompri¬
2193 3866 3403 3938 mierten Dramas gar nicht hinlangt, sich auch nicht die
2184 3933 2784 4009 Mühe nimmt, hinzulangen.
2311 3950 3401 4038 Bassermann spielt in der „Gefährtin“ den doppelt
2177 4022 3398 4087 Betrogenen und er ist niemals feiner, niemals schauspiele¬
3242 4068 3399 4117 inleuch¬
2653 4072 3099 4139 unteren Rollen gewiß
