3436 4224
1237 114 1656 197 box 14/7
599 116 1109 192 Gefaehrtin
174 117 1156 224 DiL
342 1298 437 1350 —
434 1344 1589 1407 (Volksbühne.) Albert Bassermanns künstlerische
332 1393 1586 1434 Fersönlichkeit erweist immer ihre Anziehungskraft, so oft er als
338 1435 1576 1506 Hast bei uns erscheint. Sein geistvolles Temperament und seine
332 1492 1580 1542 ndividuelle Auffassung dringen in allem durch, was er bieten
320 1547 1576 1600 mag, ob es sich um ernste oder leichtwiegende Dinge handelt.
325 1577 1587 1655 Gestern reichte er in drei im Wesen verschiedenartigen Einaktern
317 1636 1571 1677 gewissermaßen nur leichte Kostproben seiner Begabung und
324 1666 1579 1731 künstlerischen Laune. Es war ein Bassermann in der Nußschale,
327 1723 1572 1773 eine Introduktion mit kleinen, verfliegenden Melodien.
321 1772 1581 1836 Zuerst spielte er den Robert in Schnitzlers „Gefährtin“. Szenen
318 1806 1573 1879 schwermütiger Erkenntnisse nach einer brüchigen, durch den Tod
324 1865 1586 1920 beendeten Ehe. Man erinnert sich an Sonnenthal in dieser
329 1918 1566 1984 Rolle, die von ihm das gütig Resignierte, die Töne eines. ent¬
330 1969 1581 2006 täuschten Herzens erhielt. Bassermann war um vieles härter und
332 2008 1590 2076 fügte sich stärker in die psychologische Konstruktion dieses kleinen
320 2056 1578 2107 Dramas. Nach dieser Tristitia kam die diskret spöttische Szene
315 2102 1587 2169 Hartlebens von der „fittlichen Forderung“. Mit überlegener Ironie
332 2142 1588 2221 und all den reichen kleinen Einfällen, mit denen er auch das Harmloseste
323 2196 1588 2255 interessant und funkelnd zu gestalten vermag, charakterisierte
322 2254 1570 2318 Bassermanns naives Kleinstadtphilistertum und seinen Zusammen¬
317 2300 1582 2373 bruch im Erotischen. Das war ein sprühendes Spiel voll kleiner
327 2346 1565 2408 Boshaftigkeiten, das die stärkste Wirkung an diesem Abend aus¬
328 2389 1592 2452 zuüben vermochte. Die Sängerin Revera war mit klugen, wenn
333 2443 1582 2492 auch nicht verführerischen Künsten Frau Else Bassermann. Der
320 2502 1577 2559 alte Schwank „Eine Partie Piquet“ gibt Gelegenheit zu
329 2529 1588 2604 humoristischen Virtuositäten, aber die verstaubten Humore sonnten
327 2583 1588 2630 auch durch die Charakteristik Bassermanns und seines „Partners
326 2628 1563 2718 Ziegler nicht wirksam gemacht werden. 7## ### #y i.
1963 549 2260 654 5 bkl. 1910
2258 613 2943 703 Neue Frsis Prasse. Wien
2058 762 2831 830 Theater= und Kunstnachrichten.
1931 808 3021 871 [Gastspiel Albert Bassermann an der
1844 851 3028 913 Polksbühne.] Albert Bassermann ließ an seinem
1845 901 3035 973 ersten Gastspielabend sehr freundliche Burgtheatererinnerungen
1866 950 3026 998 von gestern und ehegestern in uns anklingen. Der erste der
1858 980 3033 1047 drei Einalter, die er uns diesmal brachte, „Die Gefährtm“ von
1861 1025 3031 1103 Artur Schnitzl##ist sogar echtestes Burgtheater, nicht
1864 1083 3030 1136 nur darum, weil einst Sonnenthal die Haupirolle gab, sondern
1866 1110 3099 1175 weil in dem Dialog deutlich merkbar, Schall und Geistigreit
1865 1152 3037 1217 des alten Burgtheaters eingefangen ist, so daß uns die Ueber¬
1858 1216 3035 1264 lieferung edler Schauspielkunst in lebendiger, dichterischer Ge¬
1860 1243 3038 1326 staltung neu begegnet, mag auch der Dichter Schnitzler später
1874 1275 3033 1357 die Motive, die hier an uns vorübergleiten, reiner und
2930 1322 3033 1371 den
1862 1330 2929 1393 menschlicher verknüpft haben. Bassermann also spielte
1856 1368 3033 1460 alternden Arzt, der am Grabe der viel jüngeren Gattin den
1856 1404 3043 1480 Mann erwartet, von dem er weiß — ohne Groll und ohne
1870 1444 3046 1512 Zorn — er habe der Toten nahegestanden, und von dem er
1858 1506 3045 1571 nun erfährt, daß die große Leidenschaft, die er im Leben der
1856 1522 3048 1613 Galtin so vornehm respektierte, nur Schein war, hieter dem
1858 1573 3036 1666 sich Leichtsinn und Dirnenhaftigkeit verbarg. Sonnenthal war
1852 1633 3024 1692 n dieser Rolle ganz enttäuschter Freund, enttäuschter Gatte —
1863 1665 3035 1733 sväterlicher Freund und väterticher Gatte. Bassermann brachte
1863 1715 3035 1771 das Noble der Figur äußerlich sichtbar zum Ausdruck. Er
1873 1742 3031 1812 gab den Arzt sehr elegant, bartlos, kühl und glatt, das
1858 1782 3040 1856 Menokol im Auge. Aber es ist sehr schön zu beobachten,
1862 1833 3037 1909 wie das Spiel Bassermanns unter der scheinbar so kühlen und
1873 1873 3026 1956 glatten Oberfläche verhaltene Qual und Leidenschaft immer¬
1868 1924 3036 1990 während im Brodeln und Kochen erhält. Er bringt das
1869 1961 3049 2028 Ueberraschende und Sinnreiche der Erfindung, worin sich doch
1874 2008 3048 2066 immer die beste Kraft des Dichters wie des Schauspielers
1866 2046 3042 2110 offenbart, zu eindringlichster Wirkung. Auch hier ist ihm der
1880 2089 3051 2167 Gedanke edle und kühle Oberfläche und darunter duckt sich
1868 2126 3049 2220 sprungbereit die Handlung. Im Höhepunkt, wie der junge
1880 2174 3051 2252 Hausmann, übrigens von Josef Schildkraut ganz vor¬
1876 2211 3050 2286 trefflich, nur in einer verwunderlich häßlichen Maske gespielt,
1867 2258 3033 2333 dem verzichtbereiten Freunde, der Schmerz und Trauer er¬
1881 2293 3060 2389 wartet, die Eröffnung macht, er habe sich verlobt, zeigt Basser¬
1874 2344 3053 2415 mann das erschreckte Mienenspiel des plötzlichen Begreifens und
1875 2386 3068 2465 schmerzvoller Klarheit, eine ganze Stufenleiter dramatisierter
1889 2424 3054 2492 Empfindung. Ein wenig fern schon in seiner Frivo¬
1883 2468 3059 2549 lität wie in seiner Tugend mutete uns der zweite Ein¬
1888 2514 3060 2601 akter „Die sittliche Forderung“ von Otto Erich Hartleben
1887 2551 3063 2624 an. Bassermann spielte da den sächselnden Kaufmann Fried¬
1881 2612 3059 2680 rich Stierwald aus Rudolstadt, der die sittenlose Rita Revera¬
1887 2634 3058 2718 auf den Pfad der Tugend zurückführen will, aber von ihr
1892 2679 3056 2758 schnell und ohne viel Mühe zur Sünde bekehrt wird. Basser¬
1893 2720 3064 2802 mann stattete diesen Tropf mit einer virtuosen Lustig eit aus,
1897 2779 3073 2845 die er gleichsam nur so aus dem Aermel schüttelte. Frau
1896 2815 3063 2890 Else Bassermann gab die sündhafte Rita Revera, doch
1893 2850 3058 2929 im zweiten Plan, etwa als guteingespielte Klavier¬
1897 2892 3068 2974 begleitung zur Solopartie des berühmten Gatten. Zu keiner
1898 2938 3066 3009 tieferen Wirkung gelangie der dritte Einalter „Eine Partie
1900 2976 3064 3065 Piquet“ von Fonier und Meyor, eine Schwankreliquie
1894 3023 3067 3112 des alten Burgtheaters. Diese artige Spieldose, mit Bieder¬
1900 3053 3062 3147 meiermotven freundlich geschmückt, wollte nicht recht zu klingen
1907 3126 3075 3183 anfangen, obgleich die Aufführung — die biedere Drolligkeit
1905 3168 3077 3229 Hans Zieglers ist besonders anzumerken — im ganzen
1902 3186 3098 3282 gut geglückt war. Der wichtigste Alteur, das Publikum, tat
1890 3230 3075 3317 nicht mit. Die Lachstürme von einst mochten nicht einsetzen,
1898 3274 3074 3354 und doch spielte Bassermann den ahnenstolzen Chevalier von
1900 3316 3067 3394 Rocheferrier, der Guttaten mit Grobheiten lohnt und ewig
1896 3358 3073 3441 beleidigt, ewig ränkesüchtig ist, mit ungemein drolliger Ge¬
1895 3406 2976 3487 ziertheit, die irgendwie an Maran und zugleich
1900 3448 3070 3535 Illustrationen aus einem alten Band Dickens erinnerte. Das
1904 3484 3075 3566 Bildhafte, Verwandelte, das Bassermann in jeder Rolle zu
1901 3521 3075 3609 geben versteht, zeigte sich hier in vielen winzigen Schnörkeln
1907 3572 3078 3658 und Schnörkelchen, die der Künstler als vergnügte Glossen und
1901 3611 3076 3716 Anmerkungen voll mitteilsamer Spielfreude vor uns aus¬
1904 3642 3096 3736 breitete. Ihm war der Beifall nach jedem Senken des Vor¬
1908 3701 3084 3790 hangs gewiß: als soin Werk. Er weiß in allen Ecken und
1913 3714 3102 3830 Winkeln des Theaters Bescheid — Theaterwind und Theater¬
2951 3784 3067 3841 7.
1904 3790 2972 3892 donner sind ihm untertan, und auch der Applaus.
