3436 4256
1235 206 1677 307 box 14/7
601 213 1103 291 Gefaehrtin
154 216 1116 339 9.2. Die selachienn
2471 1266 2548 1359 —
296 1340 3351 1478 selbst all unsere Sachlichkeit und Ruhe dazu, an dem Septembernummer der Halbmonatsschrift Nieder=den F. Barbey im jüngsten Hefte der Revue
297 1374 3348 1519 verdienten Mißerfolg nicht auch so oder so den sachsen bringt, gibt daher ein höchst interessantes! Grund neuer, bisher unveröffentlichter Urku
1353 1407 3342 1526 Bild der Wandlungen, die sich in Kultur und Emp= eine Studie veröffentlicht. Wie kam dieser M
1350 1461 3338 1573 finden der Deutschen seit dem Beginnihrer Geschichte leine Kreole von Geburt, im Alter von 24 Jc
294 1481 1132 1564 Lyriker Dehmel partizipieren zu lassen.
2403 1511 3355 1582 dazu, der Wächter des ehemaligen französt
386 1508 1365 1607 Erst nachdem wir uns so durch sieben Jahr¬
1356 1533 2410 1617 vollzogen haben, zumal der Verfasser es vortrefflich
1360 1553 3356 1659 versteht, charakteristische und oft sehr eigenartige [Kronprinzen zu werden? Laurent war am 25.
304 1569 1373 1662 zehnte der Literatur wie durch die berühmte
1195 1614 1367 1670 haben,
1354 1596 3357 1708 Fälle aus der großen Masse des Stoffs herauszu=11770 auf Martinique geboren; seinen Vater i
296 1614 1167 1695 Märchen=Reismauer hindurchgegessen
2409 1638 3360 1712 er mit 16 Jahren nachdem schon in früher In
295 1643 1367 1763 kommen wir endlich zu Theaterstücken, die mit uns
1361 1663 2415 1754 greifen. — Wie sich Überreste alter Bräuche zuweilen
2409 1684 3368 1761 seine Mutter gestorben war. Er ging im Juli
303 1706 1369 1800 geboren — nein, das ist eine Selbstschmeichelei: die
1355 1711 2415 1809 in einen von der großen Heerstraße des Verkehrs
2409 1731 3349 1799 nach Paris und erlangte hier innerhalb des
307 1745 1369 1831 Kinder unserer Tage sind. Und wo erscheinen sie?
1362 1750 2416 1837 abgelegenen Ort flüchten, zeigt ein Feuilleton in der¬
2411 1774 3358 1843 lutionskomitees des um den Temple gele
314 1787 1379 1872 Im Residenz= und Trianontheater. Dort spielt
1363 1789 2417 1879 selben Nummer von Helene Höhnk: „Die Kremper
2406 1809 3365 1882 Stadtteiles solches Ansehen, daß er zum Präsid
313 1831 1374 1921 Richard Alexander in der Groteske „Gretchen“ von
1366 1845 2422 1917 Schützengilde"; Krempe, die kleinste Stadt Holsteins,
2407 1856 3358 1930 des Komitees ernannt und späterhin Aktuat
310 1884 1373 1959 Davis und Lipschütz eine veritable Erlaucht und
1367 1892 2431 1966 besitzt in den Lustbarkeiten dieser Korporation eine
3229 1905 3312 1954 3
2408 1896 3250 1977 Friedensrichters dieses Bezirks wurde.
312 1927 1373 2008 nimmt sich mit rührender Ritterlichkeit des tugend¬
1364 1925 2418 2015 historische Merkwürdigkeit, die vielleicht einzig da¬
2408 1935 3363 2016 ersten Julitagen des Jahres 1794 wurde Ge
1372 1964 2414 2055 steht, ein Erbe aus dem Tagerleben der „frumben“
317 1973 1378 2054 samen Schützlings des Mädchenhortes an, bis sie
2416 1984 3359 2060 Barras auf den jungen eifrigen Lautent auf
1366 1995 2421 2092 Landsknechte, von denen sonst nur das Volkslied und
308 2013 1384 2096 glücklich zur Präsidentin eines Jugendbundes
2415 2017 3367 2102 sam und als die Stelle eines Kerkermeisters
310 2071 1383 2142 avanciert ist; hier angelt sich eine „Pariser Witwe“,
2419 2058 3362 2152 jungen Ludwig XVII. zu vergeben war, hatt
320 2064 2375 2195 die eigentlich gar keine ist, sondern nur die sitzen= die Schwankanekdote Erinnerungen bewahrt hat. -
2405 2117 3361 2184 Kreole es Barras zu verdanken, daß er am 292
323 2096 2428 2240 gebliebene Geliebte eines Lebemannes, schließlich! Das Blatt bringt außerdem einen beachtens= und
2413 2154 3361 2241 „provisorisch mit der Aufsicht des im Templ
322 2142 2432 2274 doch noch einen rechtmäßigen Mann, nachdem sie! beherzigenswerten Hinweis auf die Wichtigkeit von
1369 2187 2419 2276 Parkanlagen für große Städte und die dafür maß¬
2420 2203 3364 2281 fangen gehaltenen Tyrannensprosses beau
1377 2230 2424 2320 gebenden Gesichtspunkte unter dem Titel „Park= und
318 2234 1395 2322 unter der Maske der trauernden Witwe eines armen
2421 2226 3362 2326 wurde.“ Es ist eigentümlich, daß bereits n
1384 2274 2426 2358 Gartenstudien“ von G. Brandes; der Autor zeigt in
320 2286 1382 2367 Verunglückten, der in Wirklichkeit munter fortlebt,
2416 2288 3361 2363 Tage nach dem Erscheinen Laurents im Temp
1384 2308 2440 2407 überzeugenden Ausführungen, wie Park und Garten
320 2330 1395 2416 das übliche französische Schwankpurée zusammen¬
1386 2336 3363 2430 Inicht bloß der Erholung, sondern auch der ästhetischen Lage des unglücklckichen Königsknaben etwal
324 2359 1400 2450 gerührt hat. Außer ihr selbst, die trotz alledem eine
1383 2368 3368 2487 Polksbildung und der Pflege von Spiel und Sportbessert wurde. Man gestattete Ludwig XVII
314 2417 1401 2500 charmante Person, ist nicht viel Amüsantes in dem
2423 2415 3337 2496 besseres Bett als bisher zu benutzen, und
1396 2448 2439 2531 hienstbar gemacht werden können. Der Schluß der
319 2466 1396 2553 Stück zu finden. Man argwöhnt manchmal, sie
2428 2450 3365 2538 Bäder wurden dem Knaben erlaubt, der bisher
1397 2488 2440 2579 Erzählung von Friedrich Freudenthal: „Beke vom
321 2492 1405 2590 mache es wie gewisse französische Lebedamen, sie
2428 2506 3353 2580 Gelegenheit gehabt, sich waschen zu können.
1392 2532 2445 2630 Höltinghof“ und ein frisches, humorvolles Gedicht:
332 2545 1392 2628 miete sich ausgesucht langweilige Gesichter zu Be¬
1386 2536 3367 2664 4.Der Buttermilchskrieg“ von Kurt Küchler, sind aus dem 3. Juli 1793 hatte der Dauphin die Maue
330 2582 1384 2677 gleiterinnen, die nur ihre Reize als „repoussoir“
1390 2593 3370 2710 dem unterhaltenden Teil hervorzuheben. Vorgeheftet! Temple nicht verlassen. Bis zum Januar 1794
326 2642 1071 2737 desto heller ins Licht setzen müssen.
1384 2626 3365 2748 ist der Nummer das Inhaltsverzeichnis des 14. Jahrier in der Familie des Schuhmachers Simo
2434 2684 3363 2762 gelebt, bis dieser den Temple verlassen
1382 2710 2456 2804 gangs (Oktober 1908—09), das eine eindrucksvolle
1378 2729 3369 2843 Vorstellung von der außerordentlichen Reichhaltig=der Knabe seit dieser Zeit völlig allein mit!
374 2740 1248 2875 nefeulleton.
1397 2765 3374 2883 keit der Zeitschrift bietet; zählt sie doch auch die ersten Schwester gelebt hatte. Im Oktober 1794 ver
991 2805 1172 2863 Steeee
1400 2808 3362 2929 Namen niedersächsischer Wissenschaft, Kunst und keine Anzahl Gegner Laurents, diesen um
448 2814 1411 2939 — Lagtsiches aus alter Zeit. Leidenschaftliche
2392 2846 3377 2939 — Stellung zu bringen und fast will es nach der
329 2884 1403 2982 Jäger hat es Ii Deutschland zu allen Zeiten gegeben,
1395 2896 2309 2986 Literatur zu ihren ständigen Mitarbeitern.—
1471 2885 3373 3016 Kf. Der Kerkermeister Ludwigs XVII. Dies teilungen Barbeys erscheinen, als ob die Leu
331 2913 1402 3017 und das edlel Weidwerk spielt auch heute noch in
1408 2931 3377 3068 Gefangenschaft des unglücklichen. Sohnes Lud=Revolution nicht mit Unrecht den Kreolen de
328 2972 1416 3058 Phantasie wie Alltagsleben unseres Volkes eine
1396 2972 3363 3106 wigs XVI. im Temple ist noch von manchem un= rates und der Teilnahme an einer Verschn
346 3020 1408 3110 große Rolle. Bei unseren Vorfahren war das
2445 3014 3370 3113 zur Entführung des Königsknaben aus dem 2
336 3076 1415 3138 aber noch in viel höherem Maße der Fall; war doch
336 3071 2455 3205 bei ihnen die Jagd zugleich die Vorübung für den durchdringlichen Rätsel umgeben. Eines der inter¬
349 3072 3358 3222 Krieg und vielfach die einzige Erholung. Ein Rück=essantesten ist Christophe Laurent, der vom Juli beschuldigten. Die verschiedensten Gerüchte ta
335 3121 3367 3280 blick auf die Geschichte der Jagd in Deutschland, wiel 1794 bis Anfang des Jahres 1795 die Stelle eines in jener Zeit in Paris über Ludwig XVII
346 3157 3370 3339 ihn Geh. Justizrat D. von Detten in der zweiten Kerkermeisters bei Ludwig XVII. versah und über Die einen behaupteten, er sei gestorben, die a
