3436 4256
1210 158 1633 252 box 14/7
842 174 1053 246 rtin
393 187 443 247 D
140 182 1072 287 9. 2 —16 Geunen nten
762 396 1038 485 4-MA10D
525 470 1046 583 Erbeiter-Eeituing, Wder
344 599 1372 682 Volksbühne. Auf eine wenig erfreuliche Art eröffnete
234 680 1374 733 gestern Albert Bassermann sein Gastspiel. Er zeigte sich
228 723 1387 778 in drei Rollen, aber in keiner gab er, was zu geben war.
230 771 1378 832 Zuerst spielte er in Schuitzlers Einakter „Die Gefährtin“
237 815 1384 871 den Professor, der die Frau, mit der er zehn Jahre gelebt hat,
233 864 1378 913 erst an dem Tage kennen lernt, an dem er sie begraben hat;
245 908 1384 970 spielte ihn ganz kalt, ohne alle Innerlichkeit. Famos wäre er
249 963 1382 1013 als Friedrich Stierwald in Hartlebens Komödie „Die
242 1011 1378 1070 sittliche Forderung“ gewesen, wenn er nicht seine Leistung durch
233 1056 1386 1115 Possenscherze verunstaltet hätte. In diesem Stück war Else
231 1118 1380 1169 Bassermann seine Partnerin. Zuletzt wurde „Eine Partie
234 1159 1390 1220 Piquet“ gegeben, ein Lustspielchen, das in alten Zeiten im
243 1196 1386 1258 Burgtheater oft aufgeführt worden ist. Bassermann war in der
233 1244 1396 1297 Rolle des streitlustigen alten Chevalier fast nur Hanswurst.
241 1296 1353 1362 Einem Teil der Zuschauer gefiel aber gerade das am besten.
1334 1334 1372 1396 1
826 1821 1076 1904 4-MAL 1013
337 1888 1374 1978 Illusiriertes Wiener Extrablatt, Wier
401 1987 1315 2055 Volksbühne. Albert Bassermann hat
313 2046 1309 2118 ein Gastspiel mit einem bunten Einakter=Abend
308 2089 1306 2137 ingemein glücklich eröffnet. Das Publikum jauchzte
304 2127 1318 2179 hm zu, als ob es noch immer Moissi gewesen wäre !
304 2173 1315 2227 Die drei Stückchen, in denen er gestern auftrat, sind
301 2208 1308 2252 wohl schon in Wien wiederholt gegeben worden,
429 2247 1307 2298 virkten aber mit ihm und durch ihn als
298 2246 356 2295 sie
298 2281 1196 2326 völlig neu und unverbraucht. Zuerst: „
449 2316 1316 2388 hrtin“ von Artur SchenAasser¬
291 2324 398 2378 Ge
543 2350 1315 2410 Schnitzlers empfindungsvöller anmut
299 2367 458 2411 mann
293 2391 1307 2449 unbedingt congenial. An Josef Schildkraut
289 2446 1317 2497 shatte der berühmte Gast einen geschmackvollen
288 2475 1314 2529 Partner. Herr Wol,gang und Frau Christine
295 2511 1304 2567 Fournter sekundierten gar nicht übel. — In der
293 2563 1307 2601 „Sittlichen Forderung" von Otto Erich
297 2588 1325 2635 Hartleben trifft Bassermann prachtvoll den Ton
300 2623 1315 2668 burschikosen jovialen Humors, der überlegenen Phikster¬
299 2666 1314 2719 satire. Sein Friedrich Stierwald, Inhaber der Firma
793 2708 1312 2749 in Rudolstadt, der den
315 2711 781 2756 C W. Stierwald Söhne
292 2738 1323 2796 holden Spuren internationaler Konzertängerinnen
302 2794 1306 2828 verliebten Sinnes folgt, ist ungemein drollig. Else
383 2815 1326 2860 ssermann bringt ihrem Gatten mehr als bloße
304 2857 1309 2913 Stichworte; sie hat viel hinzugelernt, seitdem wir sie nicht
293 2907 1313 2947 gesehen haben. — Im dritten und letzten Stückchen,
296 2934 1312 2987 der allbewährten „Partie Piquet“ bietet Basser¬
302 2981 1314 3019 mann als angejahrter, steifbeiniger Marquis von
306 3005 1306 3052 Rocheferrier, dem der Adelshochmut in alle Glieder
309 3048 1314 3085 gefahren ist, eine gar feine Charakierstudie, die von
308 3086 1314 3134 den köstlichsten humoristischen Lichtern erhellt ist.
309 3123 1318 3164 Vor langen Jahren reiste Friedrich Haase mit seinem
307 3161 1307 3215 Marquis des ancien régime. Ihm zu Ehren spielt wohl
306 3199 1317 3243 Bassermann die Rolle. Ist er doch heute der Besitzer
308 3242 1319 3292 des Iffland=Ringes, den er aus Haases Hand
299 3272 1311 3335 empfing. Getrost mag es gesagt sein, daß hier Basser¬
307 3314 1317 3366 mann auch der Erbe der Haaseschen Fein= und Klein¬
301 3351 1302 3399 kunst, des Haaseschen miniaturistischen Stils ist. Josef
332 3387 1314 3435 Schildkraut und das zierliche Fräulein
299 3432 353 3487 9
1146 3432 1307 3476 er als
599 3427 1045 3485 1, sowie Direktor Z i
308 3471 1311 3523 gemütlicher alter Kaufmann bestrebten sich, in ihren
303 3504 1302 3552 weit bescheideneren Aufgaben des Gastes und seiner
309 3554 1315 3598 virtuosen Meisterleistung würdig zu sein, was ihnen
307 3582 1308 3627 denn auch gelang. Unnötig zu sagen, daß  für
300 3627 1308 3677 Bassermann Beifall in Fülle gab nach jedem der
306 3666 1314 3727 exquisiten drei Gänge, den lautesten und pürmischesten
291 3693 654 3767 nach dem dritten.
1739 1106 1974 1203 AHAl, 131
1970 1031 2549 1216 #ugemeine Zeitung
2070 1211 2270 1287 Wien.
1662 1256 2822 1391 Theater, Kunst und Literatur.
2475 1360 2823 1440 Wien, 4. Mai.
1731 1421 2879 1513 (Volksbühne). Gastspiel Bassermann. Den
1631 1487 2863 1554 Beginn machte Artur Schnitzlers „Die Gefährtin“.
1635 1532 2875 1615 Die schwabblige Melanchölie dieses Aktes ist kaum mehr
1639 1580 2874 1665 erträglich und der Reiz seines erotischen Frage= und
1637 1628 2874 1697 Antwort=Spiels schon ein sehr weicher. Bassermann gab
1644 1671 2871 1744 den falsch verstehenden (aber immerhin verstehenden)
1629 1725 2888 1820 Professor mit großer Delikatesse. Seine Naturlaute sind
1617 1816 2889 1903 serlesene Kunstprodukte. Wie der Bauchredner glauben zu
1640 1878 2725 1954 machen weiß, daß seine Stimme aus dem Bauch,
1653 1923 2906 1996 Artist Bassermann, daß sie aus dem Herzen komme. Er ist
1653 1982 2682 2068 ein Herzredner, ein Cordiloquist, ersten Ranges.
1772 2010 2895 2100 In Hartlebens vermoderter „Sittlicher
1644 2071 2900 2167 [Forderung“ war er komisch. Aber das können andere
1650 2119 2892 2206 Komiker auch und besser. Ihm kommt zugute, daß man
1667 2171 2898 2257 seine Komik nicht absolut wertet, sondern relativ. Nicht
1665 2221 2885 2295 nach ihrem Abstand von der Normalebene, sondern von
1668 2265 2885 2350 jener tiefer gelegenen, dunkler gefärbten Sphäte
1665 2337 2894 2399 darstellerischer Kunst, in der wir ihn beheimatet wissen.
1666 2364 2899 2440 Er ist für unser Empfinden mit ernster Schauspielerei so
1662 2414 2891 2495 schwer bepackt, daß wir's ihm doppelt hoch anrechnen,
1656 2474 2890 2550 wenn er leichtbeschwingt daherkommt. Und an seiner
1643 2510 2893 2609 Possenlaune beklatschen wir nicht nur die Laune, sondern
1653 2577 2897 2653 auch die Leutseligkeit, die sich zu ihr herabläßt. Frau
1662 2609 2915 2675 E. Bassermann brachte ihrem Gemahl in Treuen die
1666 2681 1962 2757 Stichworte.
1773 2691 2927 2779 Das Beste: „Eine Partie Piquet“, der im
1661 2755 2904 2827 ehemaligen Burgtheater vielgespielte französische Schwank,
1661 2806 2907 2876 dessen altväterisch=weltfernen Humor man wie eine Lieh¬
1667 2853 2881 2924 kosung abgeschiedener Fröhlichkeits=Geister empfindet. Da
1665 2899 2911 2975 war Bassermann — von Fräulein Jacobsen umzirpt,
1662 2949 2896 3038 von Herrn Zieglers sastiger Possen=Manier und
1659 2988 2912 3104 Herrn Schildkrauts anmutiger Frische unterstützt
1768 3045 2915 3122 höchst erquicklich. Zahllose fein und listig hingesetzte
1671 3102 2922 3174 Strichelchen und Farbtüpfelchen weckten das grotesk¬
1674 3141 2933 3229 scharfe Profil der Figur aus Starrheit zu heiterstem
1675 3192 2947 3301 Leben. Es war sehr amüsant und bezaubernd langwierig
