<?xml version="1.0" encoding="UTF-8" standalone="yes"?>
<PcGts xmlns="http://schema.primaresearch.org/PAGE/gts/pagecontent/2013-07-15" xmlns:xsi="http://www.w3.org/2001/XMLSchema-instance" xsi:schemaLocation="http://schema.primaresearch.org/PAGE/gts/pagecontent/2013-07-15 http://schema.primaresearch.org/PAGE/gts/pagecontent/2013-07-15/pagecontent.xsd">
    <Metadata>
        <Creator>prov=University of Rostock/Institute of Mathematics/CITlab/Gundram Leifert/gundram.leifert@uni-rostock.de:name=ONB_Newseye_GT_M1+(htr_id=10810)::::v=2.4.2
prov=University of Rostock/Institute of Mathematics/CITlab/Tobias Gruening/tobias.gruening@uni-rostock.de:name=de.uros.citlab.module.baseline2polygon.B2PSeamMultiOriented:v=2.4.2
prov=University of Rostock/Institute of Mathematics/CITlab/Tobias Gruening/tobias.gruening@uni-rostock.de:name=/mnt/transkribus/LA/DEA/URO/LA_news_onb_att.pb:de.uros.citlab.segmentation.CITlab_LA_ML:v=2.4.2
Transkribus</Creator>
        <Created>2019-10-07T11:42:27.060+02:00</Created>
        <LastChange>2019-10-08T11:02:21.456+02:00</LastChange>
        <TranskribusMetadata docId="223988" pageId="9501578" pageNr="32" tsid="16534986" status="IN_PROGRESS" userId="40391" imgUrl="https://files.transkribus.eu/Get?id=RYVGXTQCUMDSSLKTTRMWKBUX&amp;fileType=view" xmlUrl="https://files.transkribus.eu/Get?id=HFFQMJNUERUYPPIWYYENCMQV" imageId="6191800"/>
    </Metadata>
    <Page imageFilename="223988_0032.jpeg" imageWidth="3436" imageHeight="4224">
        <ReadingOrder>
            <OrderedGroup id="ro_1711447042729" caption="Regions reading order">
                <RegionRefIndexed index="0" regionRef="r1"/>
                <RegionRefIndexed index="1" regionRef="r2"/>
            </OrderedGroup>
        </ReadingOrder>
        <TextRegion orientation="0.0" id="r1" custom="readingOrder {index:0;}">
            <Coords points="147,216 147,2570 1780,2570 1780,216"/>
            <TextLine id="r1l1" custom="readingOrder {index:0;}">
                <Coords points="1218,259 1306,266 1424,245 1464,263 1478,250 1526,265 1561,238 1604,259 1628,249 1628,186 1604,181 1494,180 1469,195 1437,182 1392,212 1314,207 1250,184 1219,194"/>
                <Baseline points="1226,239 1252,239 1278,239 1304,240 1331,241 1357,242 1383,243 1409,243 1436,244 1462,244 1488,244 1514,244 1541,242 1567,241 1593,239 1620,236"/>
                <TextEquiv>
                    <Unicode>box 14/7</Unicode>
                </TextEquiv>
            </TextLine>
            <TextLine id="r1l2" custom="readingOrder {index:1;}">
                <Coords points="588,262 1071,245 1070,215 973,189 892,206 817,191 774,214 715,194 638,211 587,192"/>
                <Baseline points="596,251 621,250 647,249 673,249 699,248 725,247 751,247 777,247 803,246 829,246 855,246 881,246 907,246 933,245 959,245 985,245 1011,245 1037,245 1063,244"/>
                <TextEquiv>
                    <Unicode>Gefaehrtin</Unicode>
                </TextEquiv>
            </TextLine>
            <TextLine id="r1l3" custom="readingOrder {index:2;}">
                <Coords points="139,283 1097,278 1070,232 587,256 428,190 347,228 140,192"/>
                <Baseline points="147,254 194,258 241,263 288,266 335,268 382,271 429,272 476,273 523,274 570,274 618,274 665,274 712,273 759,272 806,271 853,270 900,269 947,267 994,266 1041,264 1089,263"/>
                <TextEquiv>
                    <Unicode>9.2. Die  </Unicode>
                </TextEquiv>
            </TextLine>
            <TextLine id="r1l4" custom="readingOrder {index:3;}">
                <Coords points="630,722 943,719 1109,766 1372,757 1427,727 1548,745 1548,705 1473,713 1353,662 919,679 813,656 758,681 706,654 630,692"/>
                <Baseline points="638,728 683,726 728,725 773,724 818,724 863,724 908,724 953,725 998,727 1043,728 1089,729 1134,730 1179,731 1224,733 1269,733 1314,734 1359,734 1404,734 1449,733 1494,732 1540,730"/>
                <TextEquiv>
                    <Unicode>####s Drei Einakter</Unicode>
                </TextEquiv>
            </TextLine>
            <TextLine id="r1l5" custom="readingOrder {index:4;}">
                <Coords points="655,809 1509,811 1734,775 1627,735 1522,766 892,741 809,770 655,740"/>
                <Baseline points="663,799 716,799 769,800 822,800 875,801 928,801 981,801 1035,801 1088,801 1141,800 1194,800 1247,800 1300,799 1353,799 1407,798 1460,798 1513,798 1566,797 1619,797 1672,797 1726,797"/>
                <TextEquiv>
                    <Unicode>Knna=Deutsches Künstlertheater.“</Unicode>
                </TextEquiv>
            </TextLine>
            <TextLine id="r1l6" custom="readingOrder {index:5;}">
                <Coords points="656,868 1739,877 1775,833 1539,833 1458,797 1246,832 949,798 656,828"/>
                <Baseline points="664,850 719,853 774,855 829,857 884,858 939,859 994,859 1050,860 1105,860 1160,860 1215,860 1270,860 1325,860 1380,859 1436,859 1491,860 1546,860 1601,860 1656,861 1711,863 1767,865"/>
                <TextEquiv>
                    <Unicode>Man fragt sich vergeblich, warum Herp=Schnitzler uns eine so</Unicode>
                </TextEquiv>
            </TextLine>
            <TextLine id="r1l7" custom="readingOrder {index:6;}">
                <Coords points="578,899 1747,926 1777,873 578,880"/>
                <Baseline points="585,895 644,897 703,899 762,900 821,902 880,903 939,904 999,904 1058,905 1117,906 1176,906 1235,906 1294,907 1353,907 1413,907 1472,907 1531,907 1590,907 1649,906 1708,906 1768,906"/>
                <TextEquiv>
                    <Unicode>peinliche Situation durchleben läßt, um #le so banale Sache mit¬</Unicode>
                </TextEquiv>
            </TextLine>
            <TextLine id="r1l8" custom="readingOrder {index:7;}">
                <Coords points="583,959 596,959 607,947 613,952 653,945 662,951 691,949 699,942 715,950 739,943 761,959 782,954 781,922 767,922 736,904 719,910 704,898 671,911 663,903 631,901 598,922 582,924"/>
                <Baseline points="590,946 616,943 642,942 668,941 694,940 720,940 746,941 773,943"/>
                <TextEquiv>
                    <Unicode>zuteilezt.</Unicode>
                </TextEquiv>
            </TextLine>
            <TextLine id="r1l9" custom="readingOrder {index:8;}">
                <Coords points="816,946 1776,963 1776,926 1690,913 816,904"/>
                <Baseline points="824,945 871,946 918,946 965,947 1012,947 1060,948 1107,949 1154,949 1201,950 1248,950 1296,951 1343,951 1390,951 1437,951 1484,951 1532,951 1579,951 1626,950 1673,950 1720,949 1768,948"/>
                <TextEquiv>
                    <Unicode>ie Frau ist soeben als Leichegaus dem Haus getragen.</Unicode>
                </TextEquiv>
            </TextLine>
            <TextLine id="r1l10" custom="readingOrder {index:9;}">
                <Coords points="589,992 1659,1011 1780,995 1781,960 590,948"/>
                <Baseline points="598,978 656,980 715,981 774,983 832,985 891,986 950,988 1008,990 1067,991 1126,993 1185,994 1243,995 1302,996 1361,997 1419,997 1478,997 1537,997 1595,996 1654,995 1713,993 1772,991"/>
                <TextEquiv>
                    <Unicode>Die leßen Verren vom Gefolge sind=Noch da. Ein verspäteter</Unicode>
                </TextEquiv>
            </TextLine>
            <TextLine id="r1l11" custom="readingOrder {index:10;}">
                <Coords points="588,1015 739,1051 1785,1048 1774,1003 589,996"/>
                <Baseline points="596,1023 655,1025 714,1027 773,1028 832,1029 891,1031 950,1032 1009,1033 1068,1034 1127,1036 1187,1037 1246,1037 1305,1038 1364,1039 1423,1039 1482,1040 1541,1040 1600,1040 1659,1039 1718,1039 1778,1038"/>
                <TextEquiv>
                    <Unicode>Kranz win vom Diener hereingebracht. Die schwarze Stimmung,</Unicode>
                </TextEquiv>
            </TextLine>
            <TextLine id="r1l12" custom="readingOrder {index:11;}">
                <Coords points="589,1072 1685,1099 1779,1094 1780,1051 658,1045 590,1015"/>
                <Baseline points="597,1068 655,1069 714,1069 773,1071 832,1072 890,1073 949,1074 1008,1076 1067,1078 1125,1079 1184,1081 1243,1082 1302,1083 1360,1084 1419,1085 1478,1085 1537,1085 1595,1085 1654,1084 1713,1082 1772,1081"/>
                <TextEquiv>
                    <Unicode>die voll einem Sterbefall unzertrennlich ist, umfängt den Zuschauer.</Unicode>
                </TextEquiv>
            </TextLine>
            <TextLine id="r1l13" custom="readingOrder {index:12;}">
                <Coords points="593,1131 1154,1115 1762,1160 1774,1095 593,1075"/>
                <Baseline points="601,1113 659,1113 717,1114 775,1115 834,1116 892,1116 950,1117 1008,1118 1067,1120 1125,1120 1183,1122 1241,1123 1300,1123 1358,1124 1416,1125 1474,1126 1533,1127 1591,1127 1649,1127 1707,1127 1766,1127"/>
                <TextEquiv>
                    <Unicode>Und dann werden die Akten dieser im Tod erfrorenen Ehe ge¬</Unicode>
                </TextEquiv>
            </TextLine>
            <TextLine id="r1l14" custom="readingOrder {index:13;}">
                <Coords points="579,1157 600,1153 642,1178 654,1169 663,1176 691,1162 719,1165 734,1159 734,1143 718,1141 687,1113 674,1124 657,1125 644,1119 623,1122 619,1117 601,1131 580,1126"/>
                <Baseline points="588,1155 615,1154 643,1156 670,1157 698,1158 726,1157"/>
                <TextEquiv>
                    <Unicode>öffnet.</Unicode>
                </TextEquiv>
            </TextLine>
            <TextLine id="r1l15" custom="readingOrder {index:14;}">
                <Coords points="665,1203 1755,1226 1773,1159 665,1163"/>
                <Baseline points="673,1201 727,1202 782,1203 836,1203 891,1204 946,1205 1000,1206 1055,1207 1109,1208 1164,1209 1219,1209 1273,1210 1328,1211 1382,1211 1437,1212 1492,1212 1546,1212 1601,1212 1655,1213 1710,1213 1765,1213"/>
                <TextEquiv>
                    <Unicode>Die Frau hatte einen Liebhaber. Der Mann wußte es und</Unicode>
                </TextEquiv>
            </TextLine>
            <TextLine id="r1l16" custom="readingOrder {index:15;}">
                <Coords points="581,1252 1788,1269 1776,1213 582,1193"/>
                <Baseline points="590,1246 649,1245 709,1245 768,1246 828,1246 887,1247 947,1248 1006,1249 1066,1250 1125,1252 1185,1253 1244,1255 1304,1256 1363,1257 1423,1258 1482,1258 1542,1259 1601,1259 1661,1258 1720,1258 1780,1256"/>
                <TextEquiv>
                    <Unicode>fand sich damit ab. Sie war nicht dazu geschaffen, die Gefährtin</Unicode>
                </TextEquiv>
            </TextLine>
            <TextLine id="r1l17" custom="readingOrder {index:16;}">
                <Coords points="590,1285 1774,1301 1746,1260 1629,1255 590,1263"/>
                <Baseline points="597,1288 655,1289 713,1291 772,1292 830,1293 889,1294 947,1295 1005,1296 1064,1297 1122,1298 1181,1299 1239,1299 1297,1300 1356,1300 1414,1300 1473,1301 1531,1301 1589,1301 1648,1301 1706,1301 1765,1301"/>
                <TextEquiv>
                    <Unicode>eines Mannes zu sein, sie war Weibchen, Geliebte, Mätresse. Er</Unicode>
                </TextEquiv>
            </TextLine>
            <TextLine id="r1l18" custom="readingOrder {index:17;}">
                <Coords points="594,1328 1655,1358 1773,1349 1774,1307 594,1299"/>
                <Baseline points="601,1332 659,1332 717,1333 775,1334 833,1335 892,1336 950,1337 1008,1338 1066,1340 1124,1341 1183,1342 1241,1343 1299,1344 1357,1345 1415,1345 1474,1346 1532,1346 1590,1346 1648,1345 1706,1345 1765,1344"/>
                <TextEquiv>
                    <Unicode>hatte über ihre Natur keine Illusionen und wußte, daß sie ihm</Unicode>
                </TextEquiv>
            </TextLine>
            <TextLine id="r1l19" custom="readingOrder {index:18;}">
                <Coords points="593,1380 1721,1401 1778,1395 1779,1349 593,1334"/>
                <Baseline points="601,1374 659,1374 718,1375 776,1376 835,1376 893,1377 952,1378 1010,1379 1069,1380 1127,1381 1186,1382 1244,1383 1303,1384 1361,1385 1420,1385 1478,1386 1537,1386 1595,1387 1654,1387 1712,1386 1771,1386"/>
                <TextEquiv>
                    <Unicode>nach einigen Jahren des Sinnenglücks untreu werden mußte.</Unicode>
                </TextEquiv>
            </TextLine>
            <TextLine id="r1l20" custom="readingOrder {index:19;}">
                <Coords points="596,1434 1705,1437 1786,1429 1787,1392 596,1378"/>
                <Baseline points="603,1418 661,1418 720,1418 779,1419 838,1419 897,1420 955,1421 1014,1422 1073,1423 1132,1424 1191,1424 1249,1425 1308,1426 1367,1427 1426,1427 1485,1427 1543,1427 1602,1427 1661,1427 1720,1426 1779,1425"/>
                <TextEquiv>
                    <Unicode>Es erscheint der Liebhaber in dem Zimmer, aus dem man vor we¬</Unicode>
                </TextEquiv>
            </TextLine>
            <TextLine id="r1l21" custom="readingOrder {index:20;}">
                <Coords points="585,1453 1781,1491 1782,1432 585,1437"/>
                <Baseline points="593,1462 652,1461 711,1461 770,1462 829,1462 888,1463 947,1463 1006,1464 1065,1465 1124,1466 1183,1467 1242,1468 1301,1469 1360,1469 1419,1470 1478,1470 1537,1471 1596,1471 1655,1471 1714,1470 1773,1469"/>
                <TextEquiv>
                    <Unicode>nigen Stunden die Leiche der Frau hinausgetragen hat. Er</Unicode>
                </TextEquiv>
            </TextLine>
            <TextLine id="r1l22" custom="readingOrder {index:21;}">
                <Coords points="592,1498 1383,1537 1784,1513 1709,1468 592,1462"/>
                <Baseline points="599,1505 657,1505 716,1506 775,1506 834,1507 893,1508 951,1508 1010,1509 1069,1510 1128,1511 1187,1512 1245,1513 1304,1514 1363,1514 1422,1515 1481,1515 1539,1515 1598,1514 1657,1513 1716,1511 1775,1510"/>
                <TextEquiv>
                    <Unicode>kommt frisch von seiner Verlobung und ist so ausgesucht fein¬</Unicode>
                </TextEquiv>
            </TextLine>
            <TextLine id="r1l23" custom="readingOrder {index:22;}">
                <Coords points="590,1546 1749,1576 1775,1519 590,1519"/>
                <Baseline points="598,1547 656,1548 714,1548 773,1549 831,1549 890,1550 948,1551 1006,1551 1065,1552 1123,1553 1182,1553 1240,1554 1298,1555 1357,1555 1415,1555 1474,1556 1532,1556 1590,1556 1649,1555 1707,1555 1766,1554"/>
                <TextEquiv>
                    <Unicode>fühlend, das in dieser Sitüation mnitzuteilen. Wenn er's nicht täte,</Unicode>
                </TextEquiv>
            </TextLine>
            <TextLine id="r1l24" custom="readingOrder {index:23;}">
                <Coords points="590,1592 1773,1603 1773,1568 1689,1554 591,1552"/>
                <Baseline points="599,1589 657,1590 715,1591 773,1592 832,1593 890,1593 948,1594 1007,1595 1065,1596 1123,1596 1182,1597 1240,1598 1298,1598 1356,1599 1415,1599 1473,1599 1531,1600 1590,1600 1648,1600 1706,1600 1765,1599"/>
                <TextEquiv>
                    <Unicode>würde Herr Schnitzler nicht zu seiner feuilletonistischen Pointe</Unicode>
                </TextEquiv>
            </TextLine>
            <TextLine id="r1l25" custom="readingOrder {index:24;}">
                <Coords points="590,1644 1780,1657 1774,1609 590,1589"/>
                <Baseline points="597,1631 655,1632 714,1634 773,1635 832,1636 890,1637 949,1638 1008,1639 1067,1640 1125,1641 1184,1641 1243,1641 1302,1642 1360,1642 1419,1642 1478,1642 1537,1642 1595,1642 1654,1642 1713,1642 1772,1642"/>
                <TextEquiv>
                    <Unicode>kommen, und also tut er's. Das ist dem doppelt vereinsamten</Unicode>
                </TextEquiv>
            </TextLine>
            <TextLine id="r1l26" custom="readingOrder {index:25;}">
                <Coords points="579,1670 622,1697 730,1676 1414,1699 1453,1658 580,1648"/>
                <Baseline points="587,1671 629,1672 672,1673 715,1675 758,1676 801,1677 844,1678 886,1680 929,1680 972,1682 1015,1683 1058,1683 1101,1684 1144,1685 1186,1685 1229,1686 1272,1686 1315,1686 1358,1686 1401,1686 1444,1686"/>
                <TextEquiv>
                    <Unicode>Gatten nein aber doch zu viel. Er begehrt auf.</Unicode>
                </TextEquiv>
            </TextLine>
            <TextLine id="r1l27" custom="readingOrder {index:26;}">
                <Coords points="653,1718 1773,1747 1773,1691 1662,1667 1368,1700 653,1685"/>
                <Baseline points="661,1716 716,1718 771,1719 826,1721 881,1722 937,1724 992,1725 1047,1726 1102,1727 1157,1728 1213,1729 1268,1729 1323,1730 1378,1731 1433,1731 1489,1731 1544,1731 1599,1731 1654,1730 1709,1730 1765,1729"/>
                <TextEquiv>
                    <Unicode>Was? Dann ist meine Frau ja nicht einmal Ihre Geliebte</Unicode>
                </TextEquiv>
            </TextLine>
            <TextLine id="r1l28" custom="readingOrder {index:27;}">
                <Coords points="585,1776 1776,1789 1776,1732 1142,1750 648,1715 586,1744"/>
                <Baseline points="593,1764 651,1764 710,1764 769,1765 828,1765 886,1766 945,1767 1004,1768 1063,1769 1121,1769 1180,1770 1239,1771 1298,1772 1356,1772 1415,1773 1474,1773 1533,1773 1591,1773 1650,1773 1709,1773 1768,1772"/>
                <TextEquiv>
                    <Unicode>gewesen, sondern Ihre Dirne. Pfui, mein Herr! Verlassen Sie</Unicode>
                </TextEquiv>
            </TextLine>
            <TextLine id="r1l29" custom="readingOrder {index:28;}">
                <Coords points="574,1841 692,1813 801,1826 849,1807 868,1824 906,1823 989,1802 989,1775 976,1772 916,1785 793,1770 767,1784 737,1770 699,1781 640,1768 575,1782"/>
                <Baseline points="583,1805 609,1807 636,1808 662,1809 689,1809 715,1810 742,1810 768,1811 795,1811 821,1811 848,1810 874,1810 901,1809 927,1809 954,1808 981,1807"/>
                <TextEquiv>
                    <Unicode> das entweihte Haus!</Unicode>
                </TextEquiv>
            </TextLine>
            <TextLine id="r1l30" custom="readingOrder {index:29;}">
                <Coords points="656,1862 1782,1883 1783,1824 1169,1829 1052,1786 656,1819"/>
                <Baseline points="663,1846 718,1848 774,1850 829,1852 885,1854 940,1855 996,1856 1051,1857 1107,1858 1162,1859 1218,1859 1274,1859 1329,1860 1385,1860 1440,1861 1496,1861 1551,1861 1607,1861 1662,1862 1718,1862 1774,1862"/>
                <TextEquiv>
                    <Unicode>Als der seelenvolle Liebhaber hinaus ist, verrät eine Freundin,</Unicode>
                </TextEquiv>
            </TextLine>
            <TextLine id="r1l31" custom="readingOrder {index:30;}">
                <Coords points="587,1892 1735,1918 1773,1876 587,1855"/>
                <Baseline points="595,1891 653,1892 712,1893 770,1894 829,1895 887,1897 946,1898 1004,1899 1063,1901 1121,1901 1180,1902 1238,1903 1297,1904 1355,1905 1414,1905 1472,1906 1531,1906 1589,1906 1648,1905 1706,1905 1765,1904"/>
                <TextEquiv>
                    <Unicode>daß die verstorbene Frau von dem Verlöbnis seit langem wußte</Unicode>
                </TextEquiv>
            </TextLine>
            <TextLine id="r1l32" custom="readingOrder {index:31;}">
                <Coords points="1248,1927 1272,1932 1297,1928 1310,1934 1316,1930 1321,1935 1332,1930 1367,1931 1367,1916 1352,1916 1341,1906 1333,1906 1315,1917 1283,1905 1269,1913 1248,1909"/>
                <Baseline points="1255,1926 1281,1926 1307,1926 1333,1927 1359,1928"/>
                <TextEquiv>
                    <Unicode>nar</Unicode>
                </TextEquiv>
            </TextLine>
            <TextLine id="r1l33" custom="readingOrder {index:32;}">
                <Coords points="580,1930 1700,1963 1776,1950 1777,1908 580,1913"/>
                <Baseline points="587,1936 646,1937 705,1938 764,1939 823,1940 882,1941 941,1942 1000,1943 1059,1945 1118,1946 1178,1946 1237,1947 1296,1948 1355,1949 1414,1949 1473,1949 1532,1949 1591,1949 1650,1948 1709,1947 1769,1946"/>
                <TextEquiv>
                    <Unicode>und der kommenden Ehe als einer unvermeidlichen sozialen Not¬</Unicode>
                </TextEquiv>
            </TextLine>
            <TextLine id="r1l34" custom="readingOrder {index:33;}">
                <Coords points="585,1973 1592,2006 1755,1996 1776,1949 585,1942"/>
                <Baseline points="593,1982 651,1982 710,1982 769,1983 828,1983 886,1984 945,1986 1004,1987 1063,1988 1121,1989 1180,1991 1239,1992 1298,1993 1356,1993 1415,1994 1474,1994 1533,1994 1591,1993 1650,1992 1709,1991 1768,1989"/>
                <TextEquiv>
                    <Unicode>wendigkeit gelassen entgegensah. Der geknickte Hinterbliebene und</Unicode>
                </TextEquiv>
            </TextLine>
            <TextLine id="r1l35" custom="readingOrder {index:34;}">
                <Coords points="591,2027 1786,2057 1787,2003 591,1992"/>
                <Baseline points="599,2024 661,2025 723,2026 785,2027 847,2029 909,2029 971,2030 1033,2031 1095,2031 1157,2032 1219,2033 1281,2033 1343,2034 1405,2034 1467,2034 1529,2035 1591,2035 1653,2035 1715,2035 1778,2036"/>
                <TextEquiv>
                    <Unicode>der geneigte Zuschauer sing damit um die Erkenntnis reicher, daß</Unicode>
                </TextEquiv>
            </TextLine>
            <TextLine id="r1l36" custom="readingOrder {index:35;}">
                <Coords points="593,2076 1775,2084 1702,2037 593,2033"/>
                <Baseline points="601,2069 659,2069 717,2070 775,2070 834,2071 892,2072 950,2072 1009,2073 1067,2074 1125,2074 1184,2075 1242,2076 1300,2077 1358,2077 1417,2078 1475,2078 1533,2079 1592,2079 1650,2079 1708,2079 1767,2079"/>
                <TextEquiv>
                    <Unicode>derartige weibliche Naturen eine sehr realistische Auffassung der</Unicode>
                </TextEquiv>
            </TextLine>
            <TextLine id="r1l37" custom="readingOrder {index:36;}">
                <Coords points="588,2122 1773,2123 1760,2083 589,2079"/>
                <Baseline points="597,2112 655,2112 713,2113 772,2113 830,2114 889,2114 947,2115 1005,2115 1064,2116 1122,2116 1181,2117 1239,2118 1297,2118 1356,2119 1414,2119 1473,2120 1531,2120 1589,2121 1648,2121 1706,2121 1765,2121"/>
                <TextEquiv>
                    <Unicode>Liebe haben und ihrer Galan auch gern in eine Ehe entlassen, wenn</Unicode>
                </TextEquiv>
            </TextLine>
            <TextLine id="r1l38" custom="readingOrder {index:37;}">
                <Coords points="592,2165 1779,2173 1765,2124 592,2116"/>
                <Baseline points="600,2155 658,2155 717,2155 775,2155 834,2155 892,2156 951,2156 1009,2157 1068,2158 1126,2158 1185,2159 1244,2160 1302,2161 1361,2161 1419,2162 1478,2163 1536,2163 1595,2163 1653,2163 1712,2164 1771,2163"/>
                <TextEquiv>
                    <Unicode>sie dahinter nur keinen erotischen Geitbewerb wittern. Wer das</Unicode>
                </TextEquiv>
            </TextLine>
            <TextLine id="r1l39" custom="readingOrder {index:38;}">
                <Coords points="591,2196 1775,2213 1775,2174 1688,2167 591,2166"/>
                <Baseline points="599,2200 657,2200 715,2200 774,2200 832,2200 891,2200 949,2200 1007,2201 1066,2201 1124,2201 1183,2202 1241,2202 1299,2202 1358,2203 1416,2203 1475,2204 1533,2204 1591,2204 1650,2205 1708,2205 1767,2205"/>
                <TextEquiv>
                    <Unicode>noch nicht wußte, mag ja übert# worden sein. Wer die Bana¬</Unicode>
                </TextEquiv>
            </TextLine>
            <TextLine id="r1l40" custom="readingOrder {index:39;}">
                <Coords points="588,2247 1540,2265 1777,2258 1778,2216 589,2194"/>
                <Baseline points="596,2241 654,2241 713,2242 771,2243 830,2243 889,2244 947,2244 1006,2245 1065,2245 1123,2246 1182,2247 1241,2247 1299,2247 1358,2248 1417,2248 1475,2249 1534,2249 1593,2249 1651,2249 1710,2249 1769,2249"/>
                <TextEquiv>
                    <Unicode>lität als Banalität empfand, li####r der Skrupellosickeit, die hier</Unicode>
                </TextEquiv>
            </TextLine>
            <TextLine id="r1l41" custom="readingOrder {index:40;}">
                <Coords points="590,2291 1774,2312 1775,2258 1635,2246 591,2252"/>
                <Baseline points="599,2287 657,2287 715,2287 774,2287 832,2287 891,2287 949,2288 1007,2288 1066,2289 1124,2290 1183,2291 1241,2292 1299,2292 1358,2293 1416,2294 1475,2294 1533,2294 1591,2295 1650,2295 1708,2294 1767,2294"/>
                <TextEquiv>
                    <Unicode>im Dienst armfeliger Wirkungen Leichengeruch n#d sinnlichste</Unicode>
                </TextEquiv>
            </TextLine>
            <TextLine id="r1l42" custom="readingOrder {index:41;}">
                <Coords points="594,2326 825,2337 881,2360 918,2337 1066,2357 1106,2332 1186,2333 1186,2309 1149,2296 1011,2285 916,2304 818,2286 676,2304 595,2291"/>
                <Baseline points="602,2327 630,2327 659,2327 688,2328 717,2329 746,2329 774,2330 803,2330 832,2331 861,2332 890,2332 918,2332 947,2333 976,2333 1005,2333 1034,2332 1062,2332 1091,2331 1120,2330 1149,2329 1178,2327"/>
                <TextEquiv>
                    <Unicode>Sinnlichkeit ineinander wol. —</Unicode>
                </TextEquiv>
            </TextLine>
            <TextLine id="r1l43" custom="readingOrder {index:42;}">
                <Coords points="666,2391 1777,2387 1777,2346 1682,2326 1422,2359 936,2336 897,2366 666,2338"/>
                <Baseline points="674,2378 728,2379 783,2380 838,2380 892,2381 947,2382 1002,2383 1056,2384 1111,2384 1166,2385 1221,2386 1275,2387 1330,2388 1385,2388 1439,2389 1494,2389 1549,2389 1603,2390 1658,2390 1713,2389 1768,2389"/>
                <TextEquiv>
                    <Unicode>Nach dieser „Gefährtin“ die einen im wesentlichen harm¬</Unicode>
                </TextEquiv>
            </TextLine>
            <TextLine id="r1l44" custom="readingOrder {index:43;}">
                <Coords points="566,2446 1779,2446 1779,2404 1732,2394 751,2399 567,2357"/>
                <Baseline points="574,2421 633,2422 693,2423 753,2424 813,2426 873,2427 933,2429 992,2430 1052,2431 1112,2433 1172,2434 1232,2435 1292,2436 1352,2436 1411,2437 1471,2437 1531,2437 1591,2436 1651,2435 1711,2434 1771,2432"/>
                <TextEquiv>
                    <Unicode># los heiteren Abend einleitete, folgte Hartlebens bekannte „Sitt¬</Unicode>
                </TextEquiv>
            </TextLine>
            <TextLine id="r1l45" custom="readingOrder {index:44;}">
                <Coords points="570,2464 1775,2484 1775,2446 1728,2440 570,2442"/>
                <Baseline points="578,2465 637,2467 696,2468 756,2469 815,2471 875,2472 934,2473 994,2475 1053,2476 1113,2477 1172,2478 1231,2478 1291,2479 1350,2479 1410,2480 1469,2480 1529,2480 1588,2479 1648,2479 1707,2477 1767,2476"/>
                <TextEquiv>
                    <Unicode>Fliche Forderung“. Obwohl Framu Göse Bassermann</Unicode>
                </TextEquiv>
            </TextLine>
            <TextLine id="r1l46" custom="readingOrder {index:45;}">
                <Coords points="591,2527 1788,2525 1777,2479 591,2465"/>
                <Baseline points="599,2510 658,2511 717,2512 776,2513 835,2514 894,2515 953,2516 1012,2517 1071,2518 1130,2519 1189,2520 1248,2521 1307,2522 1366,2522 1425,2522 1484,2522 1543,2522 1602,2521 1661,2520 1720,2519 1780,2517"/>
                <TextEquiv>
                    <Unicode>v#r einer vorbildlichen Rita weit entfernt war, entfaltete das</Unicode>
                </TextEquiv>
            </TextLine>
            <TextLine id="r1l47" custom="readingOrder {index:46;}">
                <Coords points="858,2575 1533,2574 1530,2518 1493,2544 1394,2515 1354,2543 1244,2519 1215,2537 1147,2520 1118,2544 859,2529"/>
                <Baseline points="867,2558 899,2558 932,2558 965,2558 998,2558 1031,2558 1064,2558 1096,2558 1129,2559 1162,2559 1195,2559 1228,2559 1261,2560 1294,2560 1326,2560 1359,2560 1392,2560 1425,2560 1458,2559 1491,2559 1524,2559"/>
                <TextEquiv>
                    <Unicode></Unicode>
                </TextEquiv>
            </TextLine>
            <TextEquiv>
                <Unicode>box 14/7
Gefaehrtin
9.2. Die  
####s Drei Einakter
Knna=Deutsches Künstlertheater.“
Man fragt sich vergeblich, warum Herp=Schnitzler uns eine so
peinliche Situation durchleben läßt, um #le so banale Sache mit¬
zuteilezt.
ie Frau ist soeben als Leichegaus dem Haus getragen.
Die leßen Verren vom Gefolge sind=Noch da. Ein verspäteter
Kranz win vom Diener hereingebracht. Die schwarze Stimmung,
die voll einem Sterbefall unzertrennlich ist, umfängt den Zuschauer.
Und dann werden die Akten dieser im Tod erfrorenen Ehe ge¬
öffnet.
Die Frau hatte einen Liebhaber. Der Mann wußte es und
fand sich damit ab. Sie war nicht dazu geschaffen, die Gefährtin
eines Mannes zu sein, sie war Weibchen, Geliebte, Mätresse. Er
hatte über ihre Natur keine Illusionen und wußte, daß sie ihm
nach einigen Jahren des Sinnenglücks untreu werden mußte.
Es erscheint der Liebhaber in dem Zimmer, aus dem man vor we¬
nigen Stunden die Leiche der Frau hinausgetragen hat. Er
kommt frisch von seiner Verlobung und ist so ausgesucht fein¬
fühlend, das in dieser Sitüation mnitzuteilen. Wenn er's nicht täte,
würde Herr Schnitzler nicht zu seiner feuilletonistischen Pointe
kommen, und also tut er's. Das ist dem doppelt vereinsamten
Gatten nein aber doch zu viel. Er begehrt auf.
Was? Dann ist meine Frau ja nicht einmal Ihre Geliebte
gewesen, sondern Ihre Dirne. Pfui, mein Herr! Verlassen Sie
 das entweihte Haus!
Als der seelenvolle Liebhaber hinaus ist, verrät eine Freundin,
daß die verstorbene Frau von dem Verlöbnis seit langem wußte
nar
und der kommenden Ehe als einer unvermeidlichen sozialen Not¬
wendigkeit gelassen entgegensah. Der geknickte Hinterbliebene und
der geneigte Zuschauer sing damit um die Erkenntnis reicher, daß
derartige weibliche Naturen eine sehr realistische Auffassung der
Liebe haben und ihrer Galan auch gern in eine Ehe entlassen, wenn
sie dahinter nur keinen erotischen Geitbewerb wittern. Wer das
noch nicht wußte, mag ja übert# worden sein. Wer die Bana¬
lität als Banalität empfand, li####r der Skrupellosickeit, die hier
im Dienst armfeliger Wirkungen Leichengeruch n#d sinnlichste
Sinnlichkeit ineinander wol. —
Nach dieser „Gefährtin“ die einen im wesentlichen harm¬
# los heiteren Abend einleitete, folgte Hartlebens bekannte „Sitt¬
Fliche Forderung“. Obwohl Framu Göse Bassermann
v#r einer vorbildlichen Rita weit entfernt war, entfaltete das
</Unicode>
            </TextEquiv>
        </TextRegion>
        <TextRegion orientation="0.0" id="r2" custom="readingOrder {index:1;}">
            <Coords points="1769,670 1769,3194 3045,3194 3045,670"/>
            <TextLine id="r2l1" custom="readingOrder {index:0;}">
                <Coords points="1797,688 2999,713 2999,671 2925,662 1798,626"/>
                <Baseline points="1805,690 1864,690 1923,691 1982,692 2042,693 2101,694 2160,695 2220,696 2279,697 2338,698 2398,699 2457,700 2516,701 2575,702 2635,702 2694,703 2753,703 2813,703 2872,702 2931,702 2991,701"/>
                <TextEquiv>
                    <Unicode>muntere Stückchen auch im Künstlertheater seine ironischen Reize.</Unicode>
                </TextEquiv>
            </TextLine>
            <TextLine id="r2l2" custom="readingOrder {index:1;}">
                <Coords points="1797,735 2905,759 2998,714 1798,703"/>
                <Baseline points="1805,732 1864,733 1923,734 1982,735 2041,736 2101,737 2160,738 2219,739 2278,740 2337,741 2397,742 2456,743 2515,744 2574,744 2633,745 2693,745 2752,745 2811,745 2870,745 2929,744 2989,743"/>
                <TextEquiv>
                    <Unicode>Der ästhetische Glanz des Dialogs hätte im Spiel der Darsteller</Unicode>
                </TextEquiv>
            </TextLine>
            <TextLine id="r2l3" custom="readingOrder {index:2;}">
                <Coords points="1811,780 2984,789 2954,741 1811,740"/>
                <Baseline points="1819,778 1876,778 1934,779 1992,780 2050,781 2108,781 2165,782 2223,783 2281,784 2339,784 2397,785 2454,786 2512,786 2570,786 2628,787 2686,787 2743,787 2801,787 2859,786 2917,786 2975,785"/>
                <TextEquiv>
                    <Unicode>blendender funkeln können. Hartleben war ein sehr feiner Sprach¬</Unicode>
                </TextEquiv>
            </TextLine>
            <TextLine id="r2l4" custom="readingOrder {index:3;}">
                <Coords points="1801,825 2985,829 2985,788 2034,804 1801,770"/>
                <Baseline points="1809,818 1867,819 1925,820 1984,821 2042,822 2101,823 2159,824 2217,824 2276,825 2334,825 2393,826 2451,826 2509,826 2568,826 2626,826 2685,826 2743,826 2801,826 2860,826 2918,826 2977,825"/>
                <TextEquiv>
                    <Unicode>künstler und auch wohlgemeinte Einschiebsel wirken bei ihm leicht</Unicode>
                </TextEquiv>
            </TextLine>
            <TextLine id="r2l5" custom="readingOrder {index:4;}">
                <Coords points="1800,857 2986,874 2975,831 1800,825"/>
                <Baseline points="1808,861 1866,862 1925,864 1983,865 2042,866 2100,867 2159,868 2217,868 2276,869 2334,870 2393,870 2451,871 2510,871 2568,871 2627,871 2685,871 2744,871 2802,871 2861,870 2919,869 2978,868"/>
                <TextEquiv>
                    <Unicode>plump. Plump aber darf dieser Schmetterling, der treulos von</Unicode>
                </TextEquiv>
            </TextLine>
            <TextLine id="r2l6" custom="readingOrder {index:5;}">
                <Coords points="1791,925 2878,937 2991,919 2992,884 1792,856"/>
                <Baseline points="1800,901 1859,903 1918,905 1977,906 2036,908 2095,909 2154,910 2214,911 2273,912 2332,913 2391,913 2450,914 2509,914 2568,915 2628,915 2687,915 2746,915 2805,915 2864,915 2923,915 2983,915"/>
                <TextEquiv>
                    <Unicode>Blüte zu Blüte flattert, unter keinen Umständen werden. In der</Unicode>
                </TextEquiv>
            </TextLine>
            <TextLine id="r2l7" custom="readingOrder {index:6;}">
                <Coords points="1796,964 2590,967 2590,917 1796,916"/>
                <Baseline points="1804,943 1842,945 1881,946 1920,948 1959,949 1998,950 2037,951 2076,952 2115,952 2154,953 2193,953 2231,954 2270,954 2309,954 2348,954 2387,954 2426,954 2465,954 2504,954 2543,954 2582,954"/>
                <TextEquiv>
                    <Unicode>Grazie liegt sein geistiger Adel umschlossen.</Unicode>
                </TextEquiv>
            </TextLine>
            <TextLine id="r2l8" custom="readingOrder {index:7;}">
                <Coords points="1877,1002 2750,1022 2843,986 2972,1008 2993,956 1877,964"/>
                <Baseline points="1885,990 1940,991 1995,993 2050,994 2105,995 2160,996 2215,997 2270,998 2325,999 2380,999 2435,1000 2490,1000 2545,1001 2600,1001 2655,1001 2710,1001 2765,1001 2820,1000 2875,1000 2930,999 2985,999"/>
                <TextEquiv>
                    <Unicode>Was heute einen etwas faden Geschmack auf der Zunge</Unicode>
                </TextEquiv>
            </TextLine>
            <TextLine id="r2l9" custom="readingOrder {index:8;}">
                <Coords points="1794,1055 2878,1059 2999,1052 3000,1006 2580,1026 1795,978"/>
                <Baseline points="1802,1034 1861,1035 1920,1035 1980,1036 2039,1036 2099,1037 2158,1038 2218,1039 2277,1040 2337,1040 2396,1041 2455,1042 2515,1043 2574,1043 2634,1044 2693,1044 2753,1044 2812,1044 2872,1044 2931,1044 2991,1043"/>
                <TextEquiv>
                    <Unicode>hinterläßt, ist gerade der soziale Einschlag, auf den die Jugend</Unicode>
                </TextEquiv>
            </TextLine>
            <TextLine id="r2l10" custom="readingOrder {index:9;}">
                <Coords points="1795,1076 3025,1088 2930,1042 1795,1054"/>
                <Baseline points="1803,1076 1863,1077 1924,1078 1985,1079 2045,1080 2106,1082 2167,1083 2227,1084 2288,1085 2349,1086 2410,1086 2470,1087 2531,1088 2592,1088 2652,1088 2713,1087 2774,1087 2834,1086 2895,1085 2956,1083 3017,1081"/>
                <TextEquiv>
                    <Unicode>der achtziger Jahre Wert legte. Die schöne Courtisane Rita—</Unicode>
                </TextEquiv>
            </TextLine>
            <TextLine id="r2l11" custom="readingOrder {index:10;}">
                <Coords points="1801,1126 3001,1133 3001,1085 1801,1078"/>
                <Baseline points="1808,1117 1867,1118 1926,1119 1985,1121 2045,1122 2104,1123 2163,1124 2222,1125 2282,1127 2341,1127 2400,1128 2459,1129 2519,1129 2578,1129 2637,1129 2696,1129 2756,1128 2815,1127 2874,1126 2933,1125 2993,1123"/>
                <TextEquiv>
                    <Unicode>Rivera will uns glauben machen, daß die äußeren Lebensumstände</Unicode>
                </TextEquiv>
            </TextLine>
            <TextLine id="r2l12" custom="readingOrder {index:11;}">
                <Coords points="1795,1168 2996,1163 2996,1126 1796,1124"/>
                <Baseline points="1803,1162 1862,1162 1921,1163 1980,1163 2039,1164 2099,1165 2158,1166 2217,1166 2276,1167 2335,1168 2395,1169 2454,1169 2513,1170 2572,1170 2631,1171 2691,1171 2750,1171 2809,1171 2868,1171 2927,1171 2987,1170"/>
                <TextEquiv>
                    <Unicode>an der Entwicklung ihrer erotischen Vielseitigkeit die Schuld</Unicode>
                </TextEquiv>
            </TextLine>
            <TextLine id="r2l13" custom="readingOrder {index:12;}">
                <Coords points="1807,1208 2975,1228 2997,1182 1808,1175"/>
                <Baseline points="1816,1204 1874,1205 1933,1205 1991,1206 2050,1207 2109,1207 2167,1209 2226,1209 2284,1210 2343,1211 2402,1212 2460,1213 2519,1214 2577,1214 2636,1214 2695,1214 2753,1214 2812,1213 2870,1212 2929,1211 2988,1210"/>
                <TextEquiv>
                    <Unicode>trugen. Weil ihr Vater sie in eine Vernunftehe zu schicken ge¬</Unicode>
                </TextEquiv>
            </TextLine>
            <TextLine id="r2l14" custom="readingOrder {index:13;}">
                <Coords points="1798,1266 2999,1273 2999,1219 1799,1209"/>
                <Baseline points="1807,1246 1866,1247 1925,1249 1984,1250 2043,1251 2102,1253 2161,1254 2221,1255 2280,1255 2339,1256 2398,1257 2457,1257 2516,1257 2575,1258 2635,1258 2694,1258 2753,1257 2812,1257 2871,1257 2930,1256 2990,1255"/>
                <TextEquiv>
                    <Unicode>dachte, weil sie ins Proletariat hinabsank, darum mußte sie sich</Unicode>
                </TextEquiv>
            </TextLine>
            <TextLine id="r2l15" custom="readingOrder {index:14;}">
                <Coords points="1807,1299 2939,1311 2999,1308 3000,1273 1807,1259"/>
                <Baseline points="1815,1292 1873,1293 1932,1294 1991,1294 2050,1295 2109,1295 2167,1296 2226,1296 2285,1296 2344,1297 2403,1297 2461,1297 2520,1297 2579,1298 2638,1298 2697,1298 2755,1299 2814,1299 2873,1300 2932,1300 2991,1301"/>
                <TextEquiv>
                    <Unicode>einer finanziell außerordentlich lohnenden Vielmännerei ergeben.</Unicode>
                </TextEquiv>
            </TextLine>
            <TextLine id="r2l16" custom="readingOrder {index:15;}">
                <Coords points="1800,1338 2968,1357 2989,1308 1800,1295"/>
                <Baseline points="1807,1335 1865,1336 1924,1337 1983,1337 2041,1338 2100,1339 2159,1339 2217,1340 2276,1340 2335,1341 2394,1341 2452,1342 2511,1342 2570,1342 2628,1342 2687,1342 2746,1342 2804,1341 2863,1341 2922,1340 2981,1340"/>
                <TextEquiv>
                    <Unicode>Die gute Seele ist ein armes, unschuldiges Opfer der sozialen</Unicode>
                </TextEquiv>
            </TextLine>
            <TextLine id="r2l17" custom="readingOrder {index:16;}">
                <Coords points="1794,1388 2988,1397 2988,1352 2937,1346 1795,1328"/>
                <Baseline points="1803,1378 1861,1379 1920,1379 1979,1380 2038,1380 2097,1381 2156,1382 2214,1382 2273,1383 2332,1383 2391,1384 2450,1384 2509,1385 2568,1385 2626,1385 2685,1386 2744,1386 2803,1386 2862,1386 2921,1386 2980,1385"/>
                <TextEquiv>
                    <Unicode>Verhäl nisse geworden und die Jugend der achtziger Jahre lächelte</Unicode>
                </TextEquiv>
            </TextLine>
            <TextLine id="r2l18" custom="readingOrder {index:17;}">
                <Coords points="1799,1421 2900,1444 2992,1435 2993,1392 1799,1388"/>
                <Baseline points="1807,1420 1865,1422 1924,1423 1983,1424 2042,1424 2101,1425 2160,1426 2219,1426 2278,1426 2337,1427 2396,1427 2454,1427 2513,1427 2572,1427 2631,1428 2690,1428 2749,1428 2808,1428 2867,1429 2926,1429 2985,1430"/>
                <TextEquiv>
                    <Unicode>keinesnegs, wenn sie ihre revolutionären Anwandlungen hatte.</Unicode>
                </TextEquiv>
            </TextLine>
            <TextLine id="r2l19" custom="readingOrder {index:18;}">
                <Coords points="1795,1475 2996,1470 2952,1431 1795,1432"/>
                <Baseline points="1803,1464 1862,1466 1921,1467 1980,1468 2040,1468 2099,1469 2158,1470 2218,1470 2277,1471 2336,1471 2396,1471 2455,1471 2514,1471 2573,1470 2633,1470 2692,1470 2751,1469 2811,1469 2870,1468 2929,1467 2989,1466"/>
                <TextEquiv>
                    <Unicode>Ueberflüssig zu sagen, daß diese Rita durch kein Milieu erzeugt</Unicode>
                </TextEquiv>
            </TextLine>
            <TextLine id="r2l20" custom="readingOrder {index:19;}">
                <Coords points="1796,1515 2997,1523 2834,1469 1797,1474"/>
                <Baseline points="1805,1508 1864,1509 1923,1509 1982,1510 2041,1510 2101,1511 2160,1512 2219,1512 2278,1512 2337,1513 2397,1513 2456,1514 2515,1514 2574,1514 2633,1514 2693,1514 2752,1514 2811,1514 2870,1514 2929,1514 2989,1514"/>
                <TextEquiv>
                    <Unicode>wurde, sondern mit angeborenen Instinkten aus dem Schoß der</Unicode>
                </TextEquiv>
            </TextLine>
            <TextLine id="r2l21" custom="readingOrder {index:20;}">
                <Coords points="1802,1555 2989,1553 2942,1520 1802,1512"/>
                <Baseline points="1809,1548 1867,1548 1926,1549 1984,1550 2043,1550 2102,1551 2160,1552 2219,1553 2277,1554 2336,1555 2395,1555 2453,1556 2512,1557 2570,1558 2629,1558 2688,1559 2746,1559 2805,1560 2863,1560 2922,1560 2981,1560"/>
                <TextEquiv>
                    <Unicode>Natur hervorsprang. Wäre sie in fürstlichem Luxus groß ge¬</Unicode>
                </TextEquiv>
            </TextLine>
            <TextLine id="r2l22" custom="readingOrder {index:21;}">
                <Coords points="1796,1610 2859,1619 2990,1607 2991,1555 1797,1555"/>
                <Baseline points="1805,1592 1863,1592 1922,1592 1981,1593 2040,1593 2099,1594 2158,1595 2216,1596 2275,1597 2334,1597 2393,1598 2452,1599 2511,1600 2570,1600 2628,1601 2687,1601 2746,1601 2805,1601 2864,1600 2923,1599 2982,1599"/>
                <TextEquiv>
                    <Unicode>worden: sie wäre die gleiche geblieben; nur daß sich dann in einer</Unicode>
                </TextEquiv>
            </TextLine>
            <TextLine id="r2l23" custom="readingOrder {index:22;}">
                <Coords points="1806,1648 2995,1665 2981,1607 1806,1592"/>
                <Baseline points="1813,1634 1871,1635 1930,1636 1989,1637 2047,1638 2106,1639 2165,1640 2223,1641 2282,1642 2341,1643 2400,1643 2458,1644 2517,1644 2576,1645 2634,1645 2693,1645 2752,1644 2810,1644 2869,1643 2928,1642 2987,1641"/>
                <TextEquiv>
                    <Unicode>aristokratischen Ehe abgespielt hätte, was sich nun in der inter¬</Unicode>
                </TextEquiv>
            </TextLine>
            <TextLine id="r2l24" custom="readingOrder {index:23;}">
                <Coords points="1806,1682 1876,1702 2136,1689 2188,1708 2244,1687 2460,1691 2460,1654 2399,1645 2242,1657 2163,1632 2124,1655 2082,1635 1807,1652"/>
                <Baseline points="1815,1674 1846,1674 1878,1674 1910,1675 1942,1676 1974,1676 2006,1677 2037,1678 2069,1680 2101,1680 2133,1682 2165,1682 2197,1684 2229,1685 2260,1685 2292,1686 2324,1687 2356,1687 2388,1687 2420,1687 2452,1687"/>
                <TextEquiv>
                    <Unicode>nationalen Artistensphäre ereignet.</Unicode>
                </TextEquiv>
            </TextLine>
            <TextLine id="r2l25" custom="readingOrder {index:24;}">
                <Coords points="1877,1739 2994,1761 2984,1680 2882,1716 2820,1677 1878,1697"/>
                <Baseline points="1886,1730 1941,1731 1996,1733 2051,1733 2106,1734 2161,1735 2216,1736 2271,1737 2326,1737 2381,1738 2436,1738 2491,1739 2546,1739 2601,1739 2656,1739 2711,1739 2766,1739 2821,1739 2876,1739 2931,1739 2986,1738"/>
                <TextEquiv>
                    <Unicode>Hartleben will die rückständige Moral von Schilda und</Unicode>
                </TextEquiv>
            </TextLine>
            <TextLine id="r2l26" custom="readingOrder {index:25;}">
                <Coords points="1803,1783 2943,1799 3003,1787 3004,1750 2216,1764 1804,1727"/>
                <Baseline points="1812,1773 1871,1774 1930,1775 1989,1777 2048,1778 2108,1779 2167,1780 2226,1781 2285,1782 2344,1783 2404,1783 2463,1784 2522,1785 2581,1785 2640,1786 2700,1786 2759,1786 2818,1786 2877,1786 2936,1786 2996,1785"/>
                <TextEquiv>
                    <Unicode>Schöppenstädt geißeln. In der wehleidigen sozialen Begnündung</Unicode>
                </TextEquiv>
            </TextLine>
            <TextLine id="r2l27" custom="readingOrder {index:26;}">
                <Coords points="1799,1830 2562,1813 2986,1851 2996,1781 1799,1779"/>
                <Baseline points="1806,1819 1865,1820 1924,1820 1983,1821 2042,1822 2101,1823 2160,1824 2219,1825 2278,1826 2337,1826 2397,1827 2456,1828 2515,1828 2574,1829 2633,1829 2692,1829 2751,1829 2810,1829 2869,1828 2928,1827 2988,1826"/>
                <TextEquiv>
                    <Unicode>aber steckt eine letzte Furcht, ein letztes Sich=Beugen vor dem</Unicode>
                </TextEquiv>
            </TextLine>
            <TextLine id="r2l28" custom="readingOrder {index:27;}">
                <Coords points="1792,1891 2225,1855 3001,1899 3002,1844 1792,1837"/>
                <Baseline points="1799,1867 1858,1865 1918,1865 1978,1864 2038,1864 2097,1865 2157,1865 2217,1866 2277,1868 2336,1869 2396,1871 2456,1872 2516,1873 2575,1874 2635,1874 2695,1874 2755,1874 2814,1873 2874,1872 2934,1869 2994,1867"/>
                <TextEquiv>
                    <Unicode>gehaßten Philisterium. Er gibt seiner weiblichen Gestalt einen</Unicode>
                </TextEquiv>
            </TextLine>
            <TextLine id="r2l29" custom="readingOrder {index:28;}">
                <Coords points="1801,1912 2993,1912 2971,1873 1801,1877"/>
                <Baseline points="1808,1905 1866,1905 1925,1905 1984,1906 2043,1907 2102,1908 2161,1909 2219,1910 2278,1911 2337,1912 2396,1913 2455,1914 2514,1915 2573,1916 2631,1916 2690,1917 2749,1917 2808,1917 2867,1916 2926,1916 2985,1914"/>
                <TextEquiv>
                    <Unicode>moralinsauren tragischen Zug, weil er sie in ihrer freien Ur¬</Unicode>
                </TextEquiv>
            </TextLine>
            <TextLine id="r2l30" custom="readingOrder {index:29;}">
                <Coords points="1792,1959 2987,1962 2959,1913 1792,1898"/>
                <Baseline points="1799,1952 1858,1951 1917,1951 1976,1950 2035,1951 2094,1951 2153,1952 2212,1952 2271,1953 2330,1954 2389,1955 2448,1956 2507,1957 2566,1957 2625,1958 2684,1959 2743,1959 2802,1959 2861,1959 2920,1958 2979,1957"/>
                <TextEquiv>
                    <Unicode>sprünglichkeit, in ihrer angeborenen Vielseitigkeit, in ihrer amora¬</Unicode>
                </TextEquiv>
            </TextLine>
            <TextLine id="r2l31" custom="readingOrder {index:30;}">
                <Coords points="1796,2005 2991,2013 2964,1954 1796,1956"/>
                <Baseline points="1804,1993 1863,1993 1922,1994 1981,1994 2040,1995 2099,1995 2158,1996 2217,1997 2276,1998 2335,1998 2394,1999 2453,2000 2512,2000 2571,2001 2630,2001 2689,2001 2748,2002 2807,2001 2866,2001 2925,2001 2984,2000"/>
                <TextEquiv>
                    <Unicode>lischen Unbekümmertheit nicht zu zeigen wagt. Wenn Rudolstadt</Unicode>
                </TextEquiv>
            </TextLine>
            <TextLine id="r2l32" custom="readingOrder {index:31;}">
                <Coords points="1802,2043 2975,2068 3004,2017 1802,2002"/>
                <Baseline points="1810,2035 1869,2036 1928,2036 1987,2037 2047,2037 2106,2038 2165,2038 2225,2039 2284,2039 2343,2039 2403,2040 2462,2040 2521,2041 2580,2041 2640,2042 2699,2042 2758,2043 2818,2044 2877,2045 2936,2046 2996,2047"/>
                <TextEquiv>
                    <Unicode>nur in Ordnung gewesen wäre, wären so bedauerliche Dinge nicht</Unicode>
                </TextEquiv>
            </TextLine>
            <TextLine id="r2l33" custom="readingOrder {index:32;}">
                <Coords points="1792,2087 2995,2104 2995,2061 2925,2046 1792,2054"/>
                <Baseline points="1800,2083 1859,2082 1918,2082 1978,2081 2037,2081 2096,2082 2156,2082 2215,2082 2274,2083 2334,2083 2393,2084 2452,2085 2512,2085 2571,2086 2630,2086 2690,2087 2749,2087 2808,2087 2868,2087 2927,2087 2987,2086"/>
                <TextEquiv>
                    <Unicode>geschehen! Die heimliche Wertschätzung, die durch diesen Ge¬</Unicode>
                </TextEquiv>
            </TextLine>
            <TextLine id="r2l34" custom="readingOrder {index:33;}">
                <Coords points="1794,2135 2943,2143 2988,2100 1794,2086"/>
                <Baseline points="1801,2121 1859,2122 1918,2123 1977,2123 2036,2124 2095,2124 2154,2125 2213,2126 2272,2126 2331,2127 2390,2128 2448,2128 2507,2129 2566,2129 2625,2130 2684,2130 2743,2131 2802,2131 2861,2131 2920,2132 2979,2132"/>
                <TextEquiv>
                    <Unicode>dankengang dem symbolischen Städtchen widerfährt, müßte im</Unicode>
                </TextEquiv>
            </TextLine>
            <TextLine id="r2l35" custom="readingOrder {index:34;}">
                <Coords points="1803,2181 3003,2208 3004,2117 1804,2130"/>
                <Baseline points="1812,2162 1871,2164 1930,2165 1989,2166 2048,2167 2107,2168 2166,2169 2226,2170 2285,2170 2344,2171 2403,2171 2462,2172 2521,2172 2580,2173 2640,2173 2699,2174 2758,2175 2817,2176 2876,2178 2935,2179 2995,2181"/>
                <TextEquiv>
                    <Unicode>Grunde den Magistrat veranlassen, den Dichter noch nachträglich</Unicode>
                </TextEquiv>
            </TextLine>
            <TextLine id="r2l36" custom="readingOrder {index:35;}">
                <Coords points="1794,2223 2408,2217 2408,2187 2308,2174 1794,2179"/>
                <Baseline points="1802,2211 1831,2209 1861,2209 1891,2208 1921,2208 1951,2208 1981,2208 2011,2209 2041,2210 2071,2210 2101,2211 2130,2212 2160,2213 2190,2213 2220,2214 2250,2215 2280,2215 2310,2215 2340,2214 2370,2214 2400,2213"/>
                <TextEquiv>
                    <Unicode>zum Ehombürger zu ernennen. —</Unicode>
                </TextEquiv>
            </TextLine>
            <TextLine id="r2l37" custom="readingOrder {index:36;}">
                <Coords points="1869,2263 2842,2274 2988,2248 2988,2207 1869,2226"/>
                <Baseline points="1877,2253 1932,2253 1987,2253 2042,2254 2097,2254 2152,2255 2207,2256 2262,2257 2317,2257 2372,2258 2428,2259 2483,2259 2538,2260 2593,2260 2648,2260 2703,2260 2758,2260 2813,2260 2868,2259 2923,2258 2979,2257"/>
                <TextEquiv>
                    <Unicode>Den Beschluß des Abends bildete die „Partie Piquet“.</Unicode>
                </TextEquiv>
            </TextLine>
            <TextLine id="r2l38" custom="readingOrder {index:37;}">
                <Coords points="1787,2305 2975,2309 2910,2265 1788,2249"/>
                <Baseline points="1796,2296 1854,2297 1913,2298 1971,2298 2030,2299 2088,2300 2147,2301 2205,2302 2264,2302 2322,2303 2381,2304 2440,2305 2498,2305 2557,2306 2615,2306 2674,2306 2732,2307 2791,2307 2849,2307 2908,2307 2967,2306"/>
                <TextEquiv>
                    <Unicode>die einst Friedrich Haase zur Enfaltung seiner besonderen Fähig¬</Unicode>
                </TextEquiv>
            </TextLine>
            <TextLine id="r2l39" custom="readingOrder {index:38;}">
                <Coords points="1794,2344 2983,2354 2983,2308 1794,2304"/>
                <Baseline points="1802,2340 1860,2341 1919,2341 1977,2342 2036,2343 2095,2343 2153,2344 2212,2345 2271,2346 2329,2347 2388,2348 2447,2349 2505,2349 2564,2350 2623,2350 2681,2350 2740,2350 2799,2350 2857,2349 2916,2348 2975,2346"/>
                <TextEquiv>
                    <Unicode>keiten Anlaß gab. In der Rolle des Chevalier von Rochefervier ist</Unicode>
                </TextEquiv>
            </TextLine>
            <TextLine id="r2l40" custom="readingOrder {index:39;}">
                <Coords points="1792,2377 2898,2409 3000,2394 3001,2351 1793,2357"/>
                <Baseline points="1800,2384 1859,2384 1919,2385 1978,2386 2038,2387 2098,2388 2157,2389 2217,2390 2277,2391 2336,2391 2396,2392 2456,2393 2515,2393 2575,2394 2635,2394 2694,2394 2754,2394 2814,2394 2873,2394 2933,2393 2993,2392"/>
                <TextEquiv>
                    <Unicode>ein Rahmen geschaffen, in den ein schauspielerisches Spezialtalent</Unicode>
                </TextEquiv>
            </TextLine>
            <TextLine id="r2l41" custom="readingOrder {index:40;}">
                <Coords points="1788,2440 2999,2441 2999,2396 1788,2397"/>
                <Baseline points="1796,2427 1855,2427 1915,2428 1975,2428 2035,2428 2094,2429 2154,2429 2214,2430 2274,2431 2333,2431 2393,2432 2453,2433 2513,2433 2572,2434 2632,2434 2692,2435 2752,2435 2811,2435 2871,2436 2931,2436 2991,2436"/>
                <TextEquiv>
                    <Unicode>ein delikates Avistokratemporträt hinzeichnen kann. Bassers</Unicode>
                </TextEquiv>
            </TextLine>
            <TextLine id="r2l42" custom="readingOrder {index:41;}">
                <Coords points="1799,2487 2834,2498 2992,2467 1800,2446"/>
                <Baseline points="1807,2474 1865,2475 1924,2475 1983,2475 2042,2475 2101,2476 2159,2476 2218,2476 2277,2476 2336,2476 2395,2476 2453,2477 2512,2477 2571,2477 2630,2477 2689,2477 2747,2478 2806,2478 2865,2478 2924,2478 2983,2478"/>
                <TextEquiv>
                    <Unicode>mann besaß dieses Spezialtalent nicht. Was er bot, ging nir¬</Unicode>
                </TextEquiv>
            </TextLine>
            <TextLine id="r2l43" custom="readingOrder {index:42;}">
                <Coords points="1789,2534 2999,2545 2990,2466 2835,2499 1790,2491"/>
                <Baseline points="1798,2517 1857,2517 1917,2518 1977,2519 2036,2520 2096,2521 2156,2521 2215,2522 2275,2523 2335,2523 2395,2523 2454,2524 2514,2524 2574,2524 2633,2524 2693,2523 2753,2523 2812,2522 2872,2521 2932,2520 2992,2519"/>
                <TextEquiv>
                    <Unicode>gends über die kandläufige Charakteristik eines gealt#rten Aristo¬</Unicode>
                </TextEquiv>
            </TextLine>
            <TextLine id="r2l44" custom="readingOrder {index:43;}">
                <Coords points="1762,2842 2951,2813 2918,2761 1761,2813"/>
                <Baseline points="1770,2844 1828,2841 1887,2838 1945,2836 2004,2833 2062,2830 2121,2828 2179,2826 2238,2823 2296,2822 2355,2819 2414,2816 2472,2815 2531,2812 2589,2809 2648,2806 2706,2803 2765,2800 2823,2797 2882,2793 2941,2789"/>
                <TextEquiv>
                    <Unicode>kraten hinaus, blieb natürlich auch nirgends dahinter zurück, hinter¬</Unicode>
                </TextEquiv>
            </TextLine>
            <TextLine id="r2l45" custom="readingOrder {index:44;}">
                <Coords points="1768,2901 2898,2854 2951,2807 1766,2850"/>
                <Baseline points="1775,2887 1833,2885 1891,2883 1950,2880 2008,2878 2067,2876 2125,2873 2184,2871 2242,2869 2301,2866 2359,2863 2417,2861 2476,2858 2534,2856 2593,2853 2651,2851 2710,2847 2768,2845 2827,2842 2885,2839 2944,2836"/>
                <TextEquiv>
                    <Unicode>ließ aber doch eine leichte Enttäuschung, weil die Virtuosenrolle eine</Unicode>
                </TextEquiv>
            </TextLine>
            <TextLine id="r2l46" custom="readingOrder {index:45;}">
                <Coords points="1770,2935 2944,2886 2935,2838 1769,2902"/>
                <Baseline points="1778,2930 1835,2928 1893,2927 1951,2925 2009,2922 2067,2919 2125,2917 2183,2915 2241,2912 2299,2910 2357,2907 2414,2904 2472,2901 2530,2899 2588,2896 2646,2894 2704,2891 2762,2889 2820,2887 2878,2884 2936,2882"/>
                <TextEquiv>
                    <Unicode>virtuose Leistung erwarten ließ. In der „sittlichen Forderung“, wo</Unicode>
                </TextEquiv>
            </TextLine>
            <TextLine id="r2l47" custom="readingOrder {index:46;}">
                <Coords points="1761,2973 2964,2934 2962,2893 2903,2883 1759,2929"/>
                <Baseline points="1769,2978 1828,2975 1887,2972 1946,2969 2006,2966 2065,2963 2124,2961 2184,2958 2243,2955 2302,2952 2362,2950 2421,2947 2480,2944 2539,2942 2599,2939 2658,2937 2717,2935 2777,2932 2836,2930 2895,2927 2955,2925"/>
                <TextEquiv>
                    <Unicode>ich seinem Auftreten mit gemischten Gefühlen entgegensah, ging die</Unicode>
                </TextEquiv>
            </TextLine>
            <TextLine id="r2l48" custom="readingOrder {index:47;}">
                <Coords points="1768,3021 2724,2997 2967,2979 2966,2936 1766,2983"/>
                <Baseline points="1776,3018 1835,3015 1894,3013 1953,3010 2012,3008 2071,3005 2130,3003 2190,3001 2249,2998 2308,2995 2367,2993 2426,2990 2485,2988 2544,2985 2604,2983 2663,2979 2722,2977 2781,2974 2840,2972 2899,2969 2959,2966"/>
                <TextEquiv>
                    <Unicode>Sache um so besser. Er schuf hier aus dem schüchtenen Liebhaber</Unicode>
                </TextEquiv>
            </TextLine>
            <TextLine id="r2l49" custom="readingOrder {index:48;}">
                <Coords points="1773,3073 2959,3013 2928,2970 1771,3024"/>
                <Baseline points="1780,3060 1838,3058 1897,3055 1955,3052 2014,3051 2072,3048 2131,3046 2189,3043 2248,3041 2306,3038 2365,3036 2423,3034 2482,3031 2540,3029 2599,3025 2657,3023 2716,3019 2774,3016 2833,3013 2891,3010 2950,3006"/>
                <TextEquiv>
                    <Unicode>einen treuen deutschen Philister reiferen Alters; der vollkommen.</Unicode>
                </TextEquiv>
            </TextLine>
            <TextLine id="r2l50" custom="readingOrder {index:49;}">
                <Coords points="1770,3099 2854,3072 2961,3048 2960,3012 1769,3070"/>
                <Baseline points="1778,3101 1836,3098 1895,3096 1954,3094 2013,3092 2072,3090 2130,3088 2189,3086 2248,3084 2307,3082 2366,3080 2424,3078 2483,3075 2542,3073 2601,3070 2660,3067 2718,3063 2777,3060 2836,3056 2895,3051 2954,3046"/>
                <TextEquiv>
                    <Unicode>echt und glaubwürdig wirkte. In dem Schnitzlerschen Nichts; das</Unicode>
                </TextEquiv>
            </TextLine>
            <TextLine id="r2l51" custom="readingOrder {index:50;}">
                <Coords points="1763,3141 3053,3110 3051,3064 2907,3060 1762,3109"/>
                <Baseline points="1771,3142 1834,3142 1898,3140 1962,3139 2025,3137 2089,3135 2153,3132 2216,3129 2280,3126 2344,3124 2408,3120 2471,3118 2535,3115 2599,3112 2662,3110 2726,3108 2790,3106 2853,3104 2917,3103 2981,3103 3045,3103"/>
                <TextEquiv>
                    <Unicode>den vergnüglichen Abend grämlich einleitete, hatte er so wenig.</Unicode>
                </TextEquiv>
            </TextLine>
            <TextLine id="r2l52" custom="readingOrder {index:51;}">
                <Coords points="1769,3202 2461,3156 2894,3174 2997,3157 2995,3097 2448,3146 1767,3142"/>
                <Baseline points="1777,3183 1837,3184 1898,3184 1958,3183 2019,3182 2080,3179 2140,3176 2201,3174 2261,3170 2322,3166 2383,3163 2443,3159 2504,3156 2564,3154 2625,3152 2686,3151 2746,3150 2807,3151 2867,3152 2928,3155 2989,3159"/>
                <TextEquiv>
                    <Unicode>etwas zu spielen, wie die anderen. Erich Schlailjer</Unicode>
                </TextEquiv>
            </TextLine>
            <TextEquiv>
                <Unicode>muntere Stückchen auch im Künstlertheater seine ironischen Reize.
Der ästhetische Glanz des Dialogs hätte im Spiel der Darsteller
blendender funkeln können. Hartleben war ein sehr feiner Sprach¬
künstler und auch wohlgemeinte Einschiebsel wirken bei ihm leicht
plump. Plump aber darf dieser Schmetterling, der treulos von
Blüte zu Blüte flattert, unter keinen Umständen werden. In der
Grazie liegt sein geistiger Adel umschlossen.
Was heute einen etwas faden Geschmack auf der Zunge
hinterläßt, ist gerade der soziale Einschlag, auf den die Jugend
der achtziger Jahre Wert legte. Die schöne Courtisane Rita—
Rivera will uns glauben machen, daß die äußeren Lebensumstände
an der Entwicklung ihrer erotischen Vielseitigkeit die Schuld
trugen. Weil ihr Vater sie in eine Vernunftehe zu schicken ge¬
dachte, weil sie ins Proletariat hinabsank, darum mußte sie sich
einer finanziell außerordentlich lohnenden Vielmännerei ergeben.
Die gute Seele ist ein armes, unschuldiges Opfer der sozialen
Verhäl nisse geworden und die Jugend der achtziger Jahre lächelte
keinesnegs, wenn sie ihre revolutionären Anwandlungen hatte.
Ueberflüssig zu sagen, daß diese Rita durch kein Milieu erzeugt
wurde, sondern mit angeborenen Instinkten aus dem Schoß der
Natur hervorsprang. Wäre sie in fürstlichem Luxus groß ge¬
worden: sie wäre die gleiche geblieben; nur daß sich dann in einer
aristokratischen Ehe abgespielt hätte, was sich nun in der inter¬
nationalen Artistensphäre ereignet.
Hartleben will die rückständige Moral von Schilda und
Schöppenstädt geißeln. In der wehleidigen sozialen Begnündung
aber steckt eine letzte Furcht, ein letztes Sich=Beugen vor dem
gehaßten Philisterium. Er gibt seiner weiblichen Gestalt einen
moralinsauren tragischen Zug, weil er sie in ihrer freien Ur¬
sprünglichkeit, in ihrer angeborenen Vielseitigkeit, in ihrer amora¬
lischen Unbekümmertheit nicht zu zeigen wagt. Wenn Rudolstadt
nur in Ordnung gewesen wäre, wären so bedauerliche Dinge nicht
geschehen! Die heimliche Wertschätzung, die durch diesen Ge¬
dankengang dem symbolischen Städtchen widerfährt, müßte im
Grunde den Magistrat veranlassen, den Dichter noch nachträglich
zum Ehombürger zu ernennen. —
Den Beschluß des Abends bildete die „Partie Piquet“.
die einst Friedrich Haase zur Enfaltung seiner besonderen Fähig¬
keiten Anlaß gab. In der Rolle des Chevalier von Rochefervier ist
ein Rahmen geschaffen, in den ein schauspielerisches Spezialtalent
ein delikates Avistokratemporträt hinzeichnen kann. Bassers
mann besaß dieses Spezialtalent nicht. Was er bot, ging nir¬
gends über die kandläufige Charakteristik eines gealt#rten Aristo¬
kraten hinaus, blieb natürlich auch nirgends dahinter zurück, hinter¬
ließ aber doch eine leichte Enttäuschung, weil die Virtuosenrolle eine
virtuose Leistung erwarten ließ. In der „sittlichen Forderung“, wo
ich seinem Auftreten mit gemischten Gefühlen entgegensah, ging die
Sache um so besser. Er schuf hier aus dem schüchtenen Liebhaber
einen treuen deutschen Philister reiferen Alters; der vollkommen.
echt und glaubwürdig wirkte. In dem Schnitzlerschen Nichts; das
den vergnüglichen Abend grämlich einleitete, hatte er so wenig.
etwas zu spielen, wie die anderen. Erich Schlailjer</Unicode>
            </TextEquiv>
        </TextRegion>
    </Page>
</PcGts>
