3436 4256
943 171 1043 240 11
686 176 929 247 faehr
153 153 1651 293 9.2. Die Gern box 14/7
1220 748 2056 861 BERLINER TAGPAT
1203 935 1985 1089 Deutsches Künftlerih er.
1412 1067 1776 1144 Winakterabend.
1025 1106 2232 1182 H. F. Ein Einakterabend, der nicht von der Faust einer einzigen
989 1177 2240 1236 dichterischen Persönlichkeit zusammengeschlossen ist, bleibt in jedem!
988 1219 2218 1277 Falle eine höchst fragwürdige Einrichtung. Man kommt aus der
993 1254 2239 1317 fatalen Empfindung nicht heraus, Schaunummern vorgesetzt zu
984 1296 2241 1359 erhalten, die dramatische Bühne nähert sich dem Variété, und auch
994 1349 2228 1402 bei günstigstem Verlauf, fühlt man sich nur eben interessant unter¬
992 1372 2226 1447 halten, aber gewiß nicht im Innersten gepackt. Eine Sensation wird
988 1429 2215 1481 von der anderen totgeschlagen. Und dieser Eindruck der „Pro¬
989 1468 2245 1542 duktion“ der künstlerischen Zerrissenheit, tritt nur um so stärker
993 1510 2010 1578 hervor, wenn Ein Virtuose. der Darstellung am Werke ist.
1035 1540 2231 1606 Alberi Bassermann hatte sich gestern „tiesere Bedeutung.
993 1603 2259 1671 Ironie, Satire und Scherz“ gewählt, um alle Seiten seines eminenten:
986 1654 2241 1713 Könnens darin zu bespiegeln. Man gab Artur Schnitzlers
2132 1686 2288 1738 e
992 1700 2071 1750 „Gefährtin“, Otto Erich Hartlebens „Sittliche
988 1737 2243 1784 derung“ und fügte als Dessert an diese literarischen Delikatessen die
984 1777 1961 1833 von alter Komödiantenherrlichkeit umschwebte Harmlos
998 1819 2109 1872 Partie Piquet“ der Fournier und Meyer. Was B
995 1856 2110 1906 mann im ersten Stück zeigt, ist unbestritten erlesenste Kunst im
987 1896 2218 1971 Schnitzlers. Dieser Mann von fünfundfünfzig Jahren mit der
987 1935 2225 2000 vergrübelten Stirn des Gelehrten, der am Grabe der Frau
996 1985 2247 2043 noch einmal hellsichtig auf die ganze Bitterkeit seiner Ehe
1482 2027 2266 2088 te Enttäuschung, unbarmherzig gegen.
996 2039 1298 2100 zurückblickt, der
2091 2066 2242 2131 iums¬
1547 2074 1880 2135 kühl wie beim
1002 2086 1225 2142 sich selbst,
2142 2100 2242 2176 ägt
1590 2112 1802 2182 ltenem Schl
1005 2124 1201 2190 experiment
1654 2166 1749 2221 Wort
1065 2171 1158 2230 tie
1068 2219 1118 2263 di
1022 2301 1115 2351 — n
1045 2379 1107 2438 huh
1027 2426 1139 2481 unendl
1034 2465 1197 2521 eine sittli
1019 2505 1224 2575 bezwingende
1020 2552 1251 2612 höchst anim
1151 2595 1264 2649 Spottl
1006 2599 1089 2647 alle
1015 2632 1252 2694 Liebe zu dies
1004 2674 1263 2736 den Kulissen
1019 2722 1278 2780 agiert Bassern
1017 2766 1286 2821 Paraderolle, je
1012 2809 1205 2868 valier Ro
1582 2845 1625 2900 I#
1015 2840 1164 2905 nebst S
1838 2879 2012 2935 at die gra
1360 2888 1463 2943 nadel
1501 2886 1591 2942 empo
1009 2891 1159 2947 paar sdh
1845 2924 2045 2982 Klingsberg
1006 2935 1198 2987 heit des ul
1776 2970 2236 3020 ne, und er ist so echt, daß
1017 2976 1228 3035 So krächzt,
1788 3009 2253 3063 fel empordreht. Ein be¬
1345 3009 1491 3071 lligen N
1005 3016 1319 3077 er in der unfreit
1758 3046 2233 3110 leicht niemand nachmacht.
1015 3059 1516 3133 wundernswertes Mosaik, da
1060 3092 2233 3150 Bassermanns künsilerische Gefolgschaft war hier am besten.
1012 3131 2242 3198 Bruno Ziener gab den cholerischen Kaufmann mit einer sehr
1020 3180 2237 3247 frischen, natürlichen und gutmütigen Drolligkeit. Arthur
1024 3232 2244 3272 Schroeder war, im Sinne seiner Aufgabe, ein seidenweicher,
1012 3271 2246 3323 schmachtender Liebhaber, Charlotte Schultz ein sympathisches,
1011 3298 2243 3362 sehr niedliches Bräutchen. Else Bassermann konnte in der
1024 3359 2253 3409 gewiß dankbaren Rolle der Rita Revera bei Hartleben nur beschei¬
1019 3386 2245 3448 densten Ansprüchen genügen. Es fehlte ihr durchaus an Freiheit
1020 3426 2245 3484 des Ausdrucks, an Grazie und Gefühl im rechten Augenblick, sie
1022 3461 2264 3535 setze dafür eine brutale Härte, die den Jugendgeliebten gewiß nicht
1012 3515 2256 3568 ## die Knie gezwungen, sondern schleunigst aus dem Hause getrieben
1017 3559 2246 3607 hätte. Auch im Schntzlerstück fehlten die rechten Partner. Willi
1025 3591 2268 3649 Grunwald war jast hilflos, Emilia Unda etwas besser, ohne
1023 3636 2036 3723 doch viel mehr als eine Umgrenzung geben zu können.
2227 3665 2300 3749 1
1043 3682 1794 3761 Der Beifall des Publikums war stark.
