3392 4320
139 2028 197 2082 en
124 2125 191 2176 ne
132 2169 203 2233 da
136 2226 176 2273 Or
128 2363 208 2431 nd
122 2565 202 2620 en
120 2612 199 2675 nte
100 2669 201 2716 Ver¬
97 2706 205 2768 dor
92 2762 190 2820 rn¬
100 2800 201 2862 wie
99 2853 194 2917 sein
95 2910 198 2967 eser
103 2962 209 3008 sen
98 3001 208 3057 hten
93 3109 192 3171 Po¬
96 3237 207 3309 ähr
97 3296 203 3358 der
98 3394 196 3460 sche
143 1130 198 1195 18
1224 215 1270 266 S
1441 196 1910 285 box 36/5
105 193 1297 298 1. Panphlets, offprine.
2169 995 2283 1069 305
1230 1017 1864 1074 Die Motivgestaltung bei Schnitzler
810 1131 2281 1185 Konflikt und von hier aus wird er weiterhin ständig genährt. Die
824 1181 2282 1242 beiden für die Handlung selbst ganz unwesentlichen Gruppen sind des¬
814 1242 2276 1297 halb so eingehend geschildert, damit sie möglichst stark voneinander
815 1298 2289 1345 abstechen, ohne die Deutlichkeit und Selbstverständlichkeit dieses
822 1336 2280 1388 Abstandes würde das ganze Stück sinnlos. Der Hauptträger des Kon¬
820 1397 2282 1448 trastes auf der adeligen Seite ist der alte Herzog, den wir als
824 1432 2290 1478 Ersatzmann des Heliodor erkannt haben, sein Gegenspieler, der
819 1496 2288 1549 gegen Pathos und Leidenschaft die Skepsis und vernünftige Unter¬
824 1540 2286 1598 werfung unter die Wirklichkeit vertritt, ist der Sattlermeister Eschen¬
821 1584 2281 1639 bacher — der Onkel des Helden. So hat sich mit erstaunlicher
823 1627 2289 1681 Treue selbst dieses flüchtige Detail, auf das der Dichter gewiß kaum
810 1672 2281 1733 geachtet hat, wieder durchzusetzen gewußt, sobald das Motiv, dem
825 1724 1349 1788 es zugehörte, aufklang.
942 1768 2274 1822 Die Schwäche des Dramas liegt in der „nangelhaften Moti¬
827 1825 2286 1881 vierung des ersten Konfliktes. Es läßt sich nicht recht begreifen,
829 1876 2276 1920 warum eine so gütige und klare Natur wie Frau Klähr, auf einer
824 1921 2291 1967 nichtigen Bedingung besteht und ihre Tochter trauern und verblühen
824 1971 2284 2022 läßt, nur weil der blinde und halbnärrische Vater des Geliebten
828 2024 2286 2079 nicht als sein Freiwerber in ihr Haus kommen will. Ein ähnlicher
824 2066 2278 2123 Widerspruch zwischen Charakter und Handlungsweise wird sich
828 2115 2279 2164 wohl kaum in einem zweiten Werk Schnitzlers finden, der in
823 2163 2281 2228 Sorgfalt und Makellosigkeit der Technik entschieden das Muster¬
816 2227 2290 2275 bild nach-Ibsenscher Dramatik ist. Wir haben aus unserer
830 2261 2281 2315 Analyse erfahren, daß dieses Kontrastmotiv ursprünglich nur neben¬
825 2324 2287 2383 her ging, erst später wurde es mit dem danebenliegenden, aber
820 2363 2293 2418 inhaltsfremden Agidusmotiv in Verbindung gebracht. (Übrigens
823 2415 2289 2470 blieb die Verbindung auch äußerlich ziemlich indirekt, denn das eine
827 2469 2289 2507 tritt erst kurz vor Schluß in den Vordergrund, das andere ist nur
819 2516 2281 2587 am Anfang ausdrücklich betont: das Mittelstück, der eigentliche Kern
819 2567 2279 2619 der Tragödie wird von einem dritten Motiv beherrscht, das in einen
823 2623 2281 2667 anderen Zusammenhang gehört.) Wir müssen den Sprung in der
825 2655 2289 2711 Kausalität nicht mehr als Zufall betrachten, er bezeichnet die Stelle,
827 2720 2292 2773 wo es dem Dichter nicht gelang, die ursprünglich fremden Elemente
831 2756 2285 2826 seines Innern bis zum restlosen Ineinanderaufgehen zu vermischen.
1242 2860 1869 2946 „Zum großen Wurstel.e
935 2950 2284 3005 Schnitzler hat es dem Sammler seiner Lieblingsmotive und
831 3000 2284 3054 =gestalten leicht gemacht, Mit sicherem Griff hat er sie selbst zu¬
833 3062 2278 3105 sammengefaßt und kunstvoll ineinander geschachtelt zur Schau ge¬
820 3107 2285 3161 stellt. Die Burleske „Zum großen Wurstelg, die so entstanden
827 3148 2289 3208 ist, gilt mir als eine seiner reifsten und höchsten Leistungen. Zwei
819 3198 2290 3266 selten vereinte Vorzüge haben zusammengewirkt, um ein ungewöhn¬
811 3262 2288 3311 liches Ganzes zu schaffen: von der Selbstironie verliehene geniale
810 3310 2285 3355 Leichtigkeit, die den düsteren und tiefen Menschheitsproblemen des
825 3343 2283 3398 Dichters ihr Gewicht nimmt und sie in ausgelassenem Narrentanz
821 3397 2290 3456 herumwirbelt, und sorgsamste Technik, die in wenigen Zeilen, mit
878 3457 1078 3530 Imago II/3
