3392 4320
84 182 1249 283 1. Panphlets, offprints
1415 188 1882 283 box 36/5
898 1046 1008 1104 308
1496 1050 1769 1104 Hanns Sachs
897 1148 2360 1235 zu verlassen, den einzigen Halte, Herr von Sala fordert von seinem
895 1225 2373 1278 Arzt, daß er ihm nicht durch Verheimlichung den Genuß seiner
904 1260 2363 1331 Todesstunde swegeskamotierts. Wenn Etzelt mit Bitterkeit ausruft:
903 1316 2362 1358 „Du wärst meinethalben in den Armen der Prinzessin nie wieder
899 1379 2365 1427 aufgewachtlg so scheint er einer geheimen Sehnsucht seines Freundes,
909 1416 2365 1465 die von diesem Ausweg träumte, Worte geliehen zu haben, denn
904 1462 2365 1531 Medardus erwidert avor sich hine: Kein übler Wunsch, Etzelt,
895 1513 2363 1562 kein übler Wunsch. Im „Schleier der Beatrices stent das Motiv
897 1564 2374 1619 wiederum im Mittelpunkt. Aus dem Bewußtsein heraus, daß ihm
905 1607 2377 1660 und den Seinen der nächste Morgen den unentrinnbaren Untergang
905 1661 2362 1722 bringen muß, erhebt der Herzog Bentivoglio die unbekannte Schön¬
907 1710 2365 1771 heit, die Handwerkerstochter, zu seiner Gemahlin und lädt die
897 1756 2369 1798 blühende Jugend seiner Stadt zur Hochzeitsfeier. Das Fest wird zur
902 1815 2376 1881 Orgie, weil die ganze Stadt ihm nachfolgt und sich in Rausch und
907 1849 1977 1916 Taumel einer höchsten Lust für den Tod weiht.
1020 1899 2367 1953 Im sgroßem Wurstelz erhält dieses letzte #ick noch eine
903 1956 2367 2005 besondere Note, weil es durch eine Frau gewährt wird, die sich
904 2013 2361 2068 darauf kapriziert, nur einen Todgeweihten zu lieben. Auch dies hat
894 2055 2360 2097 sein ernstes Vorbild in der Kurtisane Lucretia, die ihren Schwur
893 2103 2371 2157 ausführt und nach der Liebesnacht den Jüngling, dem sie angehört
895 2145 2364 2197 hat, tätet. An diese reiht sich wieder die Tat der „Frau mit dem
899 2195 2367 2260 Dolchs an. Wie die Herzogin von Lawin stürzt sich auch Marie
901 2251 2370 2303 im PRuf des Lebensg in die Arme des Geliebten, von dem sie
894 2296 1888 2352 erfahren hat, daß er dem Tode verfallen ist.
1014 2350 2369 2413 Der Herzog, der nun die Szene betritt, ist eine amüsante
899 2401 2356 2445 Karikatur der Gestalt des vollkommenen Verführers, wie sie
904 2448 2370 2513 Schnitzler manchmal zu zeichnen liebt. Die dämonische Unwider¬
902 2499 2352 2556 stehlichkeit eines Herzog von Cadignan im Grünen Kakadus oder
900 2541 2361 2597 Herrn von Sala mußte sorgfältig von jeder Beimischung von Schwere¬
896 2598 2368 2658 nötertum rein gehalten werden. Hier und im „Tapferen Cassian¬
902 2636 2357 2701 hat sich der Dichter entschädigt, indem er ins entgegengesetzte Ex¬
898 2687 1298 2755 trem übersprang.
1007 2737 2354 2788 Durch den Selbstverrat Liesls erfährt der Held unvermutet,
903 2780 2354 2837 daß sie den Ilerzog geliebt hat, so wie Meister Cyprian aus dem
900 2838 2366 2891 eigenen Mund seiner Frau das Geständnis ihrer tiefen Neigung
901 2885 2358 2932 zu Paracelsus vernehmen muß, auch Filippo Loschi hört aus den
908 2938 2365 2978 Worten der nichtsahnenden Beatrice, daß er ihre Seele nicht mehr
899 2999 2353 3051 ganz besitzt. lronisch verwendet ist die Situation in der Anatol¬
903 3044 2364 3101 Szene zDie Frage an das Schicksalz, wo der Eifersüchtige aus
904 3080 2361 3148 Angst vor einer vollkommen wahrhaftigen Antwort darauf ver¬
899 3128 1883 3196 zichtet, die Frage an die Geliebte zu stellen.
1007 3173 2358 3236 Der Held weist die angebotene Versöhnung zurück und fordert
905 3233 2362 3276 nun selbst das Duell und damit den sicheren Tod von der Hand
900 3283 2358 3333 des Gegners. Ganz das Gleiche haben wir Agidius und Medardus
891 3325 2361 3389 tun sehen, deren Attitude hier wiederholt — oder vorausgeahnt
984 3377 1130 3451 wird.
1007 3417 2361 3490 Es folgt eine aufs äußerste verkürzte Wiedergabe der Ab¬
