3392 4320
1898 205 2228 275 —
777 272 867 346 0
453 280 581 345 h1e
1011 277 1230 348 rints
1416 280 1882 368 box 36/5
76 279 1258 391 1. PampiS
1555 1083 1823 1166 Hanns Sachs
951 1099 1071 1180 312
960 1212 2416 1313 griechische Tänzerins gewählt, die alle für das Opfer eines Herz¬
962 1263 2416 1348 schlages halten, nur der eine, der sie ohne Glück geliebt hat, ahnt,
960 1314 2422 1388 daß sie dem untreuen Gatten, für den sie gestorben ist, noch die
963 1367 2421 1435 Gewissensbisse wegen ihres Selbstmordes zu ersparen suchte, wie
959 1413 2425 1479 die Hofrätin ihrem Sohn. Im rSchleier der Beatrices läßt Filippo
971 1457 2434 1554 seine Geliebte glauben, er habe ihr heimlich Gift ins Glas gegossen,
976 1514 2433 1577 wie es Alfred im „Mördere tut, um sie zu erproben, ehe er mit
975 1560 2432 1644 ihr in den Tod geht. Ein letzter, humoristischer Ausläufer dieser
978 1621 2430 1679 Vergiftungsepisode ist die Idee des Albertus Rhon im „Zwischen¬
961 1672 2432 1758 spiel: =Du beschenkst mich mit einem Schluß zu unserem gestrigen
977 1708 2440 1790 Stück. Ich danke. Der ist mir zu abgeschmackt — den glaubt kein
972 1760 2432 1831 Mensch. Ich habe einen viel besseren: Du wirst vergiftet — ja.
1681 1805 2441 1876 Von einer ganz neuen Figur: einem
970 1822 1559 1891 Und weißt du, von wem?
966 1870 2441 1931 dir unbekannten Liebhaber deiner Frau.& Fast überall finden wir,
979 1904 2433 1983 soweit die Details überhaupt ausgeprägt sind, zwei gemeinsame
980 1968 2440 2031 Hauptmerkmale: Daß das Gift im Schlaftrunk genossen wird und die
983 2005 2436 2081 Absicht, einigen oder allen ein natürliches Ende vorzutäuschen, gelingt.
1104 2061 2436 2127 In den meisten Fällen wird das Gift von dem Geliebten dar¬
980 2105 2442 2212 gereicht, sei es nun direkt oder so, daß er nur der Anlaß, nicht der
994 2155 2444 2235 Täter ist. Zweimal sterben Eltern durch die Kinder, einmal ein Vater
997 2215 2382 2273 von der Hand der Tochter, einmal eine Mutter für ihren Sohn.
1108 2249 2429 2337 Wir dürfen uns nicht in Vermutungen verlieren, welche Ge¬
994 2310 2450 2381 stalt die ursprünglichste war, es ist sehr möglich, daß keine von
986 2359 2456 2430 diesen darauf Anspruch erheben kann, daß jede nur ein Stück
996 2421 2456 2491 aufbewahrt und alles übrige entstellt hat. Die Gewißheit, die wir aus
1000 2451 2451 2546 diesen. Material gewinnen können, reicht nur soweit wie die Über¬
1000 2502 2453 2583 einstimmungen. Um das andere zu erschließen, müßten wir ein Stück
990 2563 2456 2634 Kenntnis einsetzen, das nicht aus der Literatur geschöpft worden ist.
1345 2645 1929 2737 Was ist die Liebe, sag?
1333 2704 2127 2781 Zwei Seelen und ein Gedanke,
1335 2762 2100 2823 Zwei Herzen und ein Schlag.
1114 2834 2456 2918 Kann der Trieb, der den Menschen bewegt, sich aufzugeben,
1002 2900 2464 2964 sein Schicksal an die Gefühle eines anderen zu ketten, jemals völlige
997 2942 2465 3021 Befriedigung finden? Kann es gelingen, dauernd alle Winkel und
1007 2994 2459 3069 Heimlichkeiten einer fremden Seele zu durchdringen und sich selbst
1009 3037 2467 3107 ihr ebenso völlig aufzutun? Nur die flachste Schönfärberei, die den
1009 3090 2479 3172 Blick in die eigenen Seelenkämpfe scheute, konnte diesem geträumten
1011 3157 2466 3209 Ziel aller Liebe irdische Wahrheit und Verwirklichung leihen. Die
1015 3186 2477 3262 tiefen und schöpferischen Geister haben von Plato an, der seinen
1009 3230 2467 3317 Sokrates sich der Gabe berühmen läßt, überall einen Liebenden
1019 3293 2475 3356 und einen Geliebten zu erkennen, bis zu Dostojewsky ein uner¬
1012 3333 2467 3417 bittliches Nein gesprochen. So gleichmäßig ihre Antwort klang, so
1020 3386 2474 3462 verschieden war die Begründung, wer sie aus ihren Werken heraus¬
1016 3427 2485 3520 zulesen vermag, ist der wesentlichen Wurzel ihrer Persönlichkeit in
1021 3485 2234 3569 der Erkenntnis ein bedeutendes Stück näher gekommen.
2123 4003 2188 4049 40
2090 4054 2490 4143 K
