3243 5194
2544 406 2633 421 7
294 544 1439 618 soweit es sich nicht um Angelegenheiten der ehe-
294 608 1435 672 mals autonomen Verwaltung der Länder handelt
294 671 1439 737 erst an dem Tag wirksam, an dem die folgenden
300 718 1012 798 Gesetze in Geltung getreten sind:
435 778 1440 862 1. das Verfassungsgesetz des Bundes über die
300 842 1446 922 finanzielle Auseinandersetzung zwischen dem Bund-
300 911 1429 965 und den Ländern, beziehungsweise den Gemeinden
435 956 1439 1029 2. das Verfassungsgesetz des Bundes über den
300 1011 1440 1078 Wirkungsbereich des Bundes und der Länder auf
294 1082 1435 1141 dem Gebict des Schul-, Erziehungs- und Volkz-
298 1131 1429 1212 bildungswesens (Artikel 14 des Bundes-Verfassungs-
293 1196 495 1283 gesetzes);
440 1231 1439 1325 3. das Verfassungsgesetz des Bundes über
305 1299 1429 1378 die Organisation der Augemeinen staatlichen Ver-
294 1370 1430 1432 waltung in den Ländern (Artifel 120 des Bundes-
364 1493 1445 1572 Verfassungsgesetztes).
375 1569 1429 1643 a) Auf dem Gebiet der Gesetzgebung und Voll-
435 1622 1429 1702 ziehung wird die Verteilung der Zuständig-
440 1684 1445 1762 keiten zwischen Bund und Ländern gegenüber
440 1746 1456 1814 der bestehenden zwischen Staat und Ländern
447 1807 759 1887 nicht geändert.
368 1863 1449 1937 b) Alle Angelegenheiten der ehemals autonomen.
451 1917 1456 1989 Verwaltung werden von den Ländern im
450 1979 1342 2058 selbständigen Wirkungsbereich vollzogen.
435 2038 1457 2106 Alle übrigen Angelegenheiten der Vollziehung
438 2097 1445 2168 werden von den Ländern als Angelegenheiten.
435 2153 1450 2228 der mittelbaren Bundesverwaltung im Sinne
435 2213 1445 2288 des Bundes-Verfassungsgesetzes geführt, soweit
447 2285 1449 2350 sie nicht in den Wirkungsbereich der eigenen
451 2338 1439 2401 Bundesbehörden (Artikel 102 des Bundes-
438 2390 1466 2490 Verfassungsgesetzes) fallen; für die Führung
1634 502 2628 604 dieser mittelbaren Bundesverwaltung in Wien
1640 588 2100 664 gilt § 33 Absatz 5.
1565 625 2618 709 d) Die im § 8, Absatz 1, ausgenommenen Be-
1640 705 2624 778 hörden sind vorläufig Bundesbehörden, die
1634 752 2628 828 im § 9, Absatz 1, bezeichneten Angestellten
1633 817 2628 891 vorläufig Bundesangestellte. Die nach den
1624 871 2629 952 bisherigen Vorschriften den Landeshaupt-
1634 926 2622 998 maniern und den Landesregierungen zu-
1656 991 2628 1061 stehenden Befugnisse in den Personalangelegen-
1640 1065 2638 1128 heiten der im § 9. Absatz 1, bezeichneten
1644 1102 2294 1183 Angestellten bleiben bestehen.
1570 1146 2638 1232 e) Die Bestimmungen des § 6, Absatz 1, werden
1640 1216 2634 1290 nur insoweit angewendet, als sie nicht im
1644 1273 2649 1369 Widerspruch mit den Bestimmungen dieses
1656 1336 1991 1416 Absatzes stehen.
1569 1386 2618 1467 f) Auf dem Gebiet des Schul- und Erziehungs-
1652 1457 2635 1529 wejens können die Staatsgesetze, einschließlich
1633 1510 2622 1582 der früheren Reichsgesetze, nur durch über-
1652 1577 2638 1642 einstimmende Gerichte des Bundes und der
1644 1624 2644 1706 beteiligten Länder abgeändert werden; hievon
1644 1694 2644 1754 sind jene gesetzlichen Bestimmungen aus-
1650 1742 2644 1816 genommen, die das Hochschulwesen oder das
1650 1816 2644 1874 Ausmaß der Bezüge der Lehrpersonen
1652 1844 2628 1924 betreffen. Änderungen der bestehenden Landes-
1650 1917 2638 1996 gesetze können nur durch übereinstimmende
1652 1989 2639 2074 Gesetze des Landes und des Bundes erfolgen.
2003 2090 2166 2217 § 43.
1557 2176 2661 2284 (1) Dieses Gesetz tritt zugleich mit dem Bundes-
1505 2261 2087 2334 Verfassungsgesetz in Kraft.
1575 2295 2671 2410 (2) Mit seinem Vollzug ist die Staatsregierung
1493 2371 1694 2455 betraut.
2348 2587 2461 2605 Unleserlich
2358 2817 2983 2852 Unleserlich
1613 2830 2066 2852 Unleserlich
1593 3026 2227 3058 Unleserlich
2485 3055 2667 3103 Unleserlich
2484 3068 2945 3100 Unleserlich
1599 3208 2146 3257 Unleserlich
2389 3228 3010 3261 Unleserlich
2416 3421 2938 3453 Unleserlich
1613 3451 2097 3473 Unleserlich
2468 3637 2836 3672 Unleserlich
2433 3850 3017 3871 Unleserlich
1548 3860 2128 3910 Unleserlich
