3252 5283
2537 520 2658 542 3
338 625 1471 706 5. Dezember 1918, St. G. Bl. Nr. 91, über das
344 681 1476 754 Staatsbürgerrecht, die Staatsbürgerschaft ohne Er¬
348 746 1481 839 langung eines Heimatrechtes erworben haben, steht
338 803 1145 908 auch die Vollziehung dem Bund zu.
824 886 986 990 § 15.
631 1005 1168 1087 Zu Artikel 10, 3, 9.
472 1071 1476 1154 Die Verwaltung der Staatsstraßen (ehe¬
338 1128 1477 1211 maligen Reichsstraßen) ist bis zur Erlassung des
328 1191 1476 1263 im Artikel 10, 3. 9, vorgesehenen Bundesgesetzes
334 1259 1470 1315 über die Erklärung von Straßenzügen als Bundes¬
338 1311 1477 1377 straßen nach den bestehenden Vorschriften durch die
344 1376 1476 1448 bisher mit dieser Verwaltung betrauten Organe aus
326 1428 934 1514 Bundesmitteln zu besorgen.
830 1533 975 1617 § 16.
618 1629 1188 1718 Zu Artikel 10, 3. 10.
468 1707 1470 1769 Die Feststellung jener Gewässer, deren Regu¬
328 1771 1464 1835 lierung und Instandhaltung nach Artikel 10, Z. 10,
334 1821 1476 1890 Aufgabe des Bundes ist, erfolgt im Einvernehmen
328 1890 1476 1961 mit den einzelnen Ländern. Bis zu dieser Fest¬
328 1949 1477 2010 stellung ist die Regulierung und Instandhaltung
328 2002 1470 2066 dieser Gewässer nach den bestehenden Vorschriften
334 2065 1465 2143 durch die bisher damit betrauten Organe vorbe¬
328 2104 1481 2213 haltlich einer nachträglichen Aufteilung der Kosten
328 2173 658 2254 weiterzuführen.
832 2274 966 2369 § 17.
615 2343 1178 2436 Zu Artikel 10, 3. 15.
383 2418 1471 2502 (1) Gemäß Artikel 10, 3. 15, steht für die
334 2483 1465 2558 Fortdauer der durch die kriegerischen Ereignisse der
334 2542 1470 2613 Jahre 1914 bis 1918 hervorgerufenen außerordent¬
334 2615 1470 2680 lichen Verhältnisse bezüglich der zur Sicherung der
334 2664 1458 2732 einheitlichen Führung der Wirtschaft notwendig er¬
318 2730 1464 2797 scheinenden Maßnahmen die Gesetzgebung und die
334 2785 924 2862 Vollziehung dem Bund zu.
387 2830 1458 2926 (2) Der Zeitpunkt, von dem an die erwähnten
322 2899 1464 2976 außerordentlichen Verhältnisse als behoben anzu¬
338 2965 1366 3039 sehen sind, wird durch Bundesgesetz festgestellt.
824 3069 972 3150 § 18.
615 3149 1180 3240 Zu Artikel 15, Absatz 3.
403 3228 1465 3292 (1) In den Angelegenheiten der Artikel 11 und 12
328 3286 1470 3351 bleiben, solange neue Bundesgesetze noch nicht
318 3344 1450 3412 erlassen sind, entgegen den Bestimmungen des § 6.
310 3401 1458 3469 die in den bisherigen Gesetzen und Vollzugs¬
306 3464 1465 3529 anweisungen (Verordnungen) enthaltenen besonderen
328 3518 1454 3585 Vorschriften über die Zuständigkeit der Zentral¬
326 3573 1460 3664 stellen für die im Artikel 15, Absatz 3, gedachten
328 3637 885 3715 Fälle weiter in Geltung.
383 3683 1454 3767 (2) In Angelegenheiten der Artikel 11 und 12,
334 3754 1465 3810 in denen die bestehenden Gesetze und Vollzugs¬
328 3814 1464 3881 anweisungen (Verordnungen) derartige Fälle nicht
334 3869 1464 3973 regeln, tritt die Bestimmung des Artikels 15,
322 3928 895 4019 Absatz 3, sofort in Kraft.
2023 641 2170 723 § 19.
1897 728 2272 813 Zu Artikel 23.
1669 787 2661 884 Die Bestimmungen des Gesetzes vom 12. Juli
1530 869 2656 946 1872, R. G. Bl. Nr. 112 (Syndikatsgesetz),
1530 917 2645 1003 bleiben mit den durch § 12, Absatz 2, des Grund¬
1535 972 2646 1065 gesetzes vom 22. November 1918, St. G. Bl.
1520 1029 2662 1089 Nr. 38, über die richterliche Gewalt, vorgenom¬
1525 1086 2661 1151 menen Änderungen bis zur Erlassung des zur
1535 1143 2668 1220 Durchführung des Artikels 23 erforderlichen
1536 1194 2072 1291 Gesetzes in Wirksamkeit.
2033 1298 2173 1403 § 20.
1910 1387 2293 1491 Zu Artikel 24.
1585 1465 2646 1565 (1) Die auf Grund des Gesetzes über die Wahl¬
1519 1543 2645 1620 ordnung für die Nationalversammlung vom 20. Juli
1520 1603 2651 1662 1920, St. G. Bl. Nr. 316, gewählte National¬
1529 1665 2656 1727 versammlung ist der erste Nationalrat im Sinne
1530 1712 2218 1789 des Bundes=Verfassungsgesetzes.
1595 1767 2662 1841 (2) Die Gesetze vom 20. Juli 1920, St. G. Bl.
1519 1831 2656 1900 Nr. 317, über die Wahl und Einberufung der
1530 1888 2662 1971 Nationalversammlung, und vom 20. Juli 1920,
1529 1952 2656 2020 St. G. Bl. Nr. 316, über die Wahlordnung für
1536 2007 2661 2072 die Nationalversammlung, bleiben für den ersten
1520 2066 2668 2131 Nationalrat in Kraft. Die Gesetzgebungsperiode des
1530 2125 2662 2189 ersten Nationalrates bleibt demnach mit drei Jahren
1530 2184 2671 2248 festgesetzt und beginnt mit dem Tag seines Zu¬
1530 2235 1832 2313 sammentrittes.
1585 2287 2661 2374 (3) Die Mitglieder des Nationalrates haben,
1520 2359 2669 2430 soweit nicht im Bundes=Verfassungsgesetz anderes
1529 2417 2662 2479 bestimmt ist, bis zu neuer gesetzlicher Regelung die
1530 2479 2672 2542 Rechte und Pflichten der Mitglieder der National¬
1530 2532 2669 2597 versammlung. Sie haben auf die Aufforderung des
1525 2593 2668 2669 Präsidenten der Nationalversammlung über Namens¬
1519 2648 2661 2733 aufruf durch die Worte: „Ich gelobe" unverbrüch¬
1536 2710 2661 2769 liche Treue der Republik, dann stete und volle
1525 2765 2661 2830 Beobachtung der Verfassungsgesetze und aller anderen
1536 2824 2672 2903 Gesetze und gewissenhafte Erfüllung ihrer Pflichten
1519 2882 1805 2960 anzugeloben.
1590 2951 2645 3012 (4) Die Beamten und Diener der National¬
1520 3007 2656 3065 versammlung werden Angestellte der Kanzlei des
1520 3058 2661 3133 Präsidenten des Nationalrates; sie sind hinsichtlich
1520 3126 2661 3211 ihrer Stellung, ihrer Pflichten und Rechte den
1520 3170 2251 3266 Bundesangestellten gleichgehalten.
1799 3377 2398 3461 Zu Artikel 34 und 36.
1601 3443 2462 3531 (1) In den ersten Bundesrat entsenden:
1666 3516 2131 3593 Wien 12 Mitglieder.
1666 3560 2473 3676 Niederösterreich=Land 10 Mitglieder,
1665 3638 2235 3712 Steiermark 6 Mitglieder,
1660 3699 2288 3784 Oberösterreich 6 Mitglieder,
1670 3758 2121 3839 Tirol 3 Mitglieder,
1660 3819 2153 3889 Kärnten 3 Mitglieder,
1666 3872 2193 3946 Salzburg 3 Mitglieder,
1670 3931 2228 4034 Vorarlberg 3 Mitglieder.
