3344 4352
115 309 1357 408 1. Panphlets, offorints
185 1386 1360 1478 heit. Wieder begegnen wir zumeist der Stimmung des
177 1467 1352 1528 leisen Erinnerns, in der sich der Mensch aller Aktivität
173 1512 1356 1573 entäußert und ein neugieriger Beobachter seiner selbst wird.
191 1558 1355 1633 In der er sich nicht mehr im Geginsatz zu der Land¬
186 1617 1357 1680 schaft, die ihn umgibt, empfindet, vielmehr in seinem
175 1672 1351 1726 Fühlen und Denken völlig mit ihr zusammenfließt.
187 1698 1349 1768 Allenthalben herrschen bei Schnitzler seelische Zustände,
195 1759 1349 1815 nicht aber tätige, bestimmten Zielen zustrebende Menschen.
176 1801 1354 1878 Und er ist ein Meister in der Schilderung dieser Zu¬
183 1857 1356 1922 stände, die sich lose auf dem Faden einer ureinfachen
177 1912 1363 1968 Geschichte aufreihen. Wie wunderbar weiß er die
179 1948 1355 2010 Wechselbeziehungen des Empfindens und Denkens, wie
184 2013 1350 2067 eins ins andere übergeht, darzustellen. „Sterben“ ist
177 2055 1362 2123 die beste Schöpfung seiner Erzählungskunst. Ein junger
184 2103 1355 2157 Schwindsüchtiger, der sich in ohnmächtigem Lebenstrotz
179 2152 1362 2207 gegen die Gewißheit des nahen Todes aufbäumt. Mit
183 2204 1342 2262 ihm seine Geliebte, die das Dollgefühl gesunder Lebens¬
183 2252 1346 2316 kraft langsam und allmählich von seiner Seite reißt.
188 2300 1362 2359 Hier ist ein dem Leser Schnitzlers wohlbekanntes Motiv
188 2349 1360 2418 in seiner ganzen Breite und Fruchtbarkeit behandelt. So
183 2396 1351 2458 ist auch der lebensfrohe „Lieutnant Gustl“ dem Tode
180 2453 1362 2500 verfallen, aus dessen Fängen ihn nur ein tragischer
182 2492 1362 2563 Zufall reißt. Ein an sich unbedeutendes Geschehnis
183 2551 1356 2592 das Renkontre mit einem athletischen Bäckermeister,
177 2608 1364 2667 dessen Kraft den jungen Offizier zwingt, einen Affront
180 2639 1354 2703 ruhig einzustecken, ihm befiehlt, sich zu erschießen. Da
180 2693 1360 2744 befreit ihn der Tod von dem einzigen Mitwisser seiner
179 2746 1359 2805 Schmach. Diese leisen Tragödien des Lebens, die ein
183 2808 1351 2858 flüchtiger Hauch in eine Komödie verwandeln kann,
193 2843 1361 2893 seelische Geheimnisse, die mit einem Schlage die Farbe
189 2891 1355 2947 des Daseins verändern, sie bilden die eigenste Domäne
179 2943 1350 2988 dieser Erzählungskunst, die den ruhigen Atem des
188 2982 1345 3039 Lebens nur hier und da durch einen starken tragischen
185 3041 1335 3087 Accent unterbricht. So ist die „Frau des Weisen“
186 3088 1354 3139 ganz von jenem zarten lprischen hauch erfüllt, der in
191 3132 1347 3197 uns aufklingt, wenn wir, in Erinnerungen versunken,
183 3184 1360 3254 den stillen Rätseln des Daseins lauschen. Für einen
190 3234 1366 3304 Roman ist diese Note freilich zu schwach und zart, und
1453 304 1919 397 box 36/2
1913 1374 3081 1460 in „Frau BerthaGarlan“ reicht sie nicht aus, das
1916 1443 3054 1507 Wiederaufleben einer Jugendliebe und die notwendig
1917 1491 3082 1571 Enttäuschung uns als ein Lebensschicksal empfinden
1917 1545 2145 1611 zu lassen.
2003 1677 3079 1754 ArthurSchnitzler ist am 15. Mai(862 zu Wien
1922 1741 3075 1800 als Sohn eines bekannten Laryngologen geboren. Er
1921 1797 3078 1842 studiert Medizin. Wird 1885 Arzt. Veröffentlicht ein
1918 1830 3084 1897 Jahr hernach Gedichte, Novelletten, Dialoge in der von
1919 1892 3087 1945 Paul Goldmann herausgegebenen Zeitschrift „An der
1921 1947 3082 2000 schönen blauen Donau“. Erringt den ersten großen
1921 1980 2688 2045 Erfolg mit seinem „Anatol“ 1892.
2011 2027 3070 2096 Die Entwicklung des Dierzigjährigen ist in künst¬
1915 2091 3086 2142 lerischer Hinsicht noch nicht abgeschlossen. Er steht heute
1925 2142 3076 2189 in der ersten Reihe derer, die sich um eine Erneuerung
1917 2175 3083 2234 des deutschen Dramas bemühen. Er hat es um eine
1921 2227 3079 2282 Tat bereichert: die „Liebelei“. Und er hat zugleich
1919 2277 3079 2324 seine Zuschauer gewöhnt, aufzuhorchen auf die Stimme
1916 2327 3090 2387 eines Dichters, der es verschmäht, seine Kunst um des
1923 2367 3086 2436 blinden Erfolgs zum bequemen Erwerb zu erniedrigen.
1924 2433 3082 2494 Wohin diese Kunst strebt, wissen wir nicht. Nur, daß
1913 2476 2463 2563 sie ehrlich ist und adlig.
