3344 4320
248 219 1313 317 PamrhletsOfforints
198 1424 1367 1478 Leben ein Spiel, kein Kampf. Sie lebt in Gefühlen
191 1473 1359 1521 und Erinnerungen, nicht im Wollen und im Zu¬
203 1511 1355 1579 künftigen. Sie ist nicht trächtig von neuen Welten und
195 1568 1353 1630 neuen Menschen, denn mit dem Frühlingshauch ver¬
197 1624 1346 1672 spürt sie bereits vorahnend den Herbst, der alle jugend¬
209 1658 1350 1721 frohen Keime zu Grabe trägt. Modern ist das Leben,
204 1706 1356 1763 das diese Kunst wiederspiegelt, nicht die Kunst selbst.
206 1753 1363 1816 Sie nimmt vom Leben nur das an, was ihrem Aestheti¬
199 1807 1366 1881 zismus entspricht, statt wie die wirklich moderne Dichtung
212 1875 1359 1934 an eine unmittelbare Bewältigung des Lebens zu denken.
294 2063 1363 2125 Unter den modernen österreichischen Doeten ist Arthur
198 2107 1363 2157 Schnitzler zweifellos der begabteste. Nur Hofmanns¬
195 2148 1375 2200 thal, als Repräsentant eines höheren künstlerischen
204 2195 1368 2252 Typus, kommt neben ihm ernstlich in Frage. Schnitzler
205 2265 1376 2318 ist darum literarpspchologisch so interessant, weil er
205 2308 1374 2361 über das Oestreichertum, das er in seinen Gliedern
207 2361 1374 2409 spürt, hinausstrebt, um zu einer Dichtung großen
208 2403 1374 2463 Stils und starken Lebens zu gelangen. Wenn Einer,
211 2457 1373 2506 so erkennt er die Begrenzungen einer Kunst, die ihm
211 2503 1374 2557 Ansehen und Erfolg verschafft hat, und verspürt in sich
208 2547 1377 2609 den Höhentrieb des entwicklungsfähigen Menschen, der
221 2602 1368 2662 graß genug ist, eine Welt zu verlassen, die er ganz besitzt.
311 2643 1371 2707 In dem Spott, mit dem er wieder und wieder in
211 2707 1370 2752 seinen Dialogen und Lustspielen das Literatentum ge¬
213 2734 1367 2811 geißelt hat, glaube ich mehr als bloße Satire zu sehen.
207 2802 1378 2848 Es ist das Selbstbekenntnis eines Menschen, der sich
205 2848 1383 2900 durch das gewaltsame Mittel der Ironie von Zuständen
213 2903 1378 2948 und Anschauungen, in die ihn sein Beruf gestellt hat,
206 2941 1382 2998 losreißen will und zu einer freieren und höheren
215 2993 1378 3046 Menschlichkeit aufstrebt. So hat Goethe in seinen
217 3029 1369 3101 Jugendwerken nach und nach den Sturm und Drang,
218 3081 1397 3154 die Wertherstimmung, den Rousseauismus überwältigt,
211 3138 859 3203 um zu Eigenem zu gelangen.
307 3179 1370 3229 Was bei Schnitzler so ungemein wohltuend be¬
219 3238 1394 3300 rührt, ist die weiche, leise Art, mit der er aus dem Leben
1472 208 1927 300 box 36/2
2130 139 2201 196 —
1932 1390 3088 1461 nur das wegstreift, was in der künstlerischen Darstellung
1939 1451 3092 1513 als stilwidrig berühren würde. Etwa wie wir Menschen,
1933 1509 3095 1572 die uns nahe stehen, am liebsten in einer ganz bestimmten
1929 1570 3095 1622 Haltung sehen, die ihr Wesen am klarsten ausspricht.
1935 1604 3097 1666 Schnitzler ist nicht der Mann starker Accente. Er
1937 1638 3095 1704 unterstreicht nicht, er liebt es eher, erraten zu lassen.
1926 1696 3092 1773 kennt keine wesentlichen Zustände des Menschen,
1929 1755 3092 1810 vielmehr läßt er ihn, ganz in eine Stimmung ein¬
1939 1799 3094 1854 tauchen, in der die Konturen seines Wesens ver¬
1930 1852 3095 1913 schwimmen. „Der Mensch ist ungleich, ungleich sind die
1929 1911 3094 1963 Stunden“, heißt es im „Faust“, das mag als Motto für
1936 1958 3088 2008 Schnitzlers gesamte Dichtung gelten, die gern eine
1925 1985 3084 2049 Lebensepisode vor uns ausbreitet, die geschaffen ist,
1940 2032 3092 2112 seelische Lichter aufleuchten zu lassen, die ein anderer
1942 2097 2255 2157 Tag verhüllt.
2031 2124 3090 2206 Es begegnet uns bei ungleich größeren Dichtern,
1939 2192 3092 2246 bei Hebbel, Ibsen, Maeterlinck, daß wir ein Stück
1933 2233 3091 2307 weiblicher Ospchologie als falsch empfinden, etwa als
1943 2285 3100 2343 eine Orojektion des männlichen Ideales am Weibe.
1935 2351 3094 2395 Bei Schnitzler wird uns das nie passieren. Seine
1938 2390 3104 2447 Menschen handeln und sprechen ganz aus ihrer eigensten
1941 2440 3101 2499 Lebenssphäre heraus, und im kleinsten Detail empfinden
1935 2482 3105 2533 wir die Notwendigkeit grade dieses Zuges. In einer
1942 2539 3107 2594 Zeit, wo die Brutalität als poetische Licenz empfunden
1934 2594 3093 2655 wird und eine heikle Situation gern bis auf den letzten
1944 2629 3091 2693 Rest ausgebeutet wird, ist dieser seelische Adel, der
1939 2669 3101 2740 unsere Dichtung auch da begleitet, wo sie die Nacht¬
1934 2726 3090 2801 seiten des Lebens beleuchtet, nicht hoch genug ein¬
1944 2779 2174 2848 zuschätzen.
2031 2824 3101 2893 Und verstärkt wird diese Spmpathie durch eine
1944 2879 3091 2932 hohe Bildung, die gleichfalls nicht zu den starken Seiten
1940 2929 3093 2984 der modernen Dichtung gehört. Eigentlich erscheint es
1939 2973 3098 3038 ja selbstverständlich, daß der Dichter zum mindesten die
1939 3018 3099 3092 Bildung seines Dublikums besitze. Das ist aber
1942 3080 3099 3130 verhältnismäßig selten der Fall. Unter Bildung ver¬
1943 3115 3102 3184 stehen wir hier natürlich nicht ein großes Wissen, eine
1945 3173 3100 3235 starke Belesenheit, vielmehr die eigentlichen Lebens¬
1936 3235 3102 3278 formen, den gesellschaftlichen und individuellen Takt, der
