3344 4320
161 142 1426 259 1. BanphletsOffrintS
178 1377 1356 1454 seinen heinisierenden Eingangsversen so gut zu charak¬
182 1447 506 1509 terisieren weiß:
447 1489 965 1567 „Also spielen wir Theater,
444 1547 1022 1602 Spielen uns're eig'nen Stücke,
445 1598 1074 1643 Frühgereift und zart und traurig,
458 1624 963 1681 Die Komödie uns’rer Seele,
447 1669 1097 1722 Uns’res Fühlens Heut und Gestern,
448 1702 981 1763 Böser Dinge hübsche Formel,
454 1747 984 1802 Glatte Worte, bunte Bilder,
454 1780 1026 1859 Halbes, heimliches Empfinden,
448 1827 859 1897 Agonien, Episoden
271 1996 1344 2081 Schnitzlers „Anatol“ trägt seine Kritik in sich
191 2055 1345 2126 selbst. Es ist ein Buch des Uebergangs, wie man es
191 2105 1345 2172 schreibt, um sich völlig von Anschauungen zu lösen,
191 2167 1351 2217 die man innerlich bereits überwunden hat. Nichts
195 2215 1345 2275 falscher, als im Helden etwa ein Selbstportrait des
179 2251 1349 2305 Dichters zu sehen. Daß er mehr zu sagen hat, als in
194 2314 1355 2366 diesen niedlichen Blüten steckt, bewies er durch sein
190 2363 1352 2427 erstes großes Werk, das künstlerisch bisher sein reifstes
188 2403 936 2486 geblieben ist, durch die „Liebelei“
295 2462 1358 2526 Jetzt nimmt das süße Mädel selbst die führende
193 2511 1354 2570 Stellung. Wenn sich Schnitzler vordem nur mit der
188 2579 1360 2631 Ospcholoaie des vornehmen Müßiggängers beschäftigt
188 2627 1359 2677 hatte, so reizt es ihn jetzt, die Kehrseite der Medaille
191 2667 1363 2735 zu untersuchen. Wie gestaltet sich eine solche Episode
184 2708 1353 2769 aus dem Liebesleben eines jungen Mannes, wenn seine
192 2757 1363 2819 Liebe zufällig ein wirkliches Weib trifft, einen wahren
198 2807 1365 2868 Menschen, der außer der sinnlichen Neigung auch das
190 2870 1363 2923 sittliche Gesetz der Liebe in sich trägt. Und solch ein
187 2913 718 2981 Weib ist Christine.
279 2972 1358 3035 Die moderne Doesie sucht das Tragische nicht in
201 3022 1359 3073 den großen Wechselfällen des Lebens. Sie findet es
192 3082 1367 3129 durchaus im individuellen menschlichen Erleben. Unserer
197 3109 1361 3168 Anschauung nach hat auch der schwerste Schicksalsschlag
205 3172 1367 3222 nichts von innerer Tragik, solange nicht die sittliche
197 3217 1367 3278 Würde im Menschen beleidigt wird, solange der Nern
746 3322 793 3386 22
1498 137 1952 226 box 36/2
1943 1372 3110 1425 seines Wesens nicht angetastet oder gar vernichtet wird.
1954 1410 3108 1469 Es liegt also nichts Tragisches darin, daß ein Mann
1939 1473 3101 1524 seine Geliebte verläßt, um eine andere zu heiraten (und
1939 1536 3101 1577 unsere Dichter sollten sich das gesagt sein lassen!). Nichts
1955 1563 3102 1634 Tragisches darin, daß eine Frau, die ihrer Natur nach
1950 1614 3105 1677 zur Dirne geschaffen ist, den Mann betrügt (und wieder
1946 1675 3103 1726 sollten unsere Dichter aufhorchen). Alles das ist allein
1951 1724 3102 1773 traurig für den Betroffenen, dem wir unser Mitleid
1950 1761 3105 1816 nicht versagen werden, aber in höherem Sinne geht es
1951 1822 3110 1872 uns nichts an. Solche Prüfungen sind nur eine Auf¬
1943 1875 3105 1920 forderung der Natur, die Unzerstörbarkeit des Charakters
1953 1922 3107 1973 zu behaupten. Das Tragische kann allein in einer letzten
1944 1965 3112 2019 und höchsten Unwahrheit der Empfindungen liegen, die
1956 2017 3116 2068 natürlich mit der Aufrichtigkeit der rein sinnlichen
1954 2056 3113 2117 Neigung nichts gemein hat. So also einer der Liebenden
1947 2112 3105 2168 nicht mit derselben restlosen Hingebung, dem gleichen
1954 2154 3107 2202 Opfermut antwortet, der ihm entgegengebracht wird.
1960 2202 3121 2267 So er, für seine „Dersönlichkeit“ besorgt, etwas für sich
1944 2260 3123 2312 behält. So er nicht rein dasteht vor dem eigenen Richter.
1953 2300 3116 2365 Es liegt in der Natur des Weibes, unter dieser Lüge
1957 2354 3116 2415 stärker und dauernder zu leiden als der Mann, der
1953 2408 3119 2462 solche tragischen Zufälle nur als einen kostspieligen
1958 2453 3123 2509 Irrtum des Herzens empfindet, denn für sie hängt von
1951 2494 3116 2550 diesem Erlebnis die Entscheidung ab, ob sie das Dasein
1952 2551 3107 2612 selbst, das ihr die Liebe erst in seiner ganzen Fülle er¬
1962 2594 3126 2670 schlossen hat, als Wahrheit oder als Trugbild empfinden
1959 2655 3125 2709 muß. Hingegen der Mann eben nur Mann zu sein
1956 2701 3125 2758 braucht, um als Sieger aus solchen Kämpfen hervor¬
1949 2756 2251 2822 zugehen.
2062 2792 3120 2858 Die „Liebelei“ steht am Ausgange der langen Reihe
1956 2855 3127 2899 bürgerlicher Dramen, die Lessing vorausnimmt, Schiller
1960 2898 3125 2955 mit ,Kabale und Liebe“ eigentlich begründet, Hebbel in
1966 2948 3111 3003 seiner „Maria Magdalene“ auf die eigene Sphäre be¬
1960 2996 3126 3057 schränkt. Ehedem nämlich ergiebt sich der Konflikt
1963 3034 3130 3089 aus dem Selbstgefühl des Kastengeistes, der eine Heirat
1957 3086 3129 3142 zwischen dem Adel und Bürgertum als schmachvoll
1955 3147 3134 3194 empfindet. Dieser Konflikt entsprach durchaus dem
1959 3185 3136 3250 Empfinden der „Aufklärungszeit“, für uns ist er hin¬
