3344 4352
246 327 1338 428 Panphlets, offprints
243 1410 1398 1484 gleichzeitig erhöht die nahe Stunde des Untergangs
246 1456 1412 1530 einer ganzen Stadt die natürliche Unsittlichkeit der
233 1512 1414 1559 Renaissance, deren schrankenlosem Individualismus es
241 1567 1402 1612 an jedem Gefühl der Verantwortlichkeit gebricht. Wieder,
245 1615 1402 1680 wie so oft bei Schnitzler, wird ein wirksamer Kontrast
237 1666 1414 1727 geschaffen zwischen blühender Lebenslust und der bitteren
243 1702 803 1756 Notwendigkeit des Todes.
333 1748 1401 1811 Gleichwohl haben wir nicht den Eindruck eines
230 1817 1397 1855 organisch entwickelten Dramas. An Einzelschönheiten
224 1860 1400 1909 ungemein reich, versagt das Werk in seiner Totalität,
238 1904 1399 1967 weil es sich nach machtvollen Anfängen ganz in
239 1942 1396 2020 das Detail einer spitzfindigen Ospchologie verliert. Einer
234 2001 1392 2056 literarischen Zeitströmung folgend, setzt Schnitzler der
230 2061 1395 2117 älteren logisch=strengen, klassizistischen Verknüpfung
233 2106 1392 2169 von Schuld und Sühne ein mpstisches Chaos un¬
233 2150 1399 2202 entwirrbarer Linien entgegen. Er macht den Zufall
225 2196 1395 2269 zum alleinigen Gebieter irdischer Verwicklungen. Sein
221 2243 1396 2317 Held wird ein unschuldiges Hind, das, von natürlichen
230 2290 1385 2348 Regungen der weiblichen Seele geleitet, durch seine über¬
232 2348 1385 2417 irdische Schönheit Unheil und Derderben ausgießt. In
230 2383 1393 2448 Beatrice wollte der Dichter das Weib schildern in seinem
220 2447 1394 2502 grenzenlosen Liebeshunger und seiner natürlichen Un¬
216 2501 1392 2548 moral, das Weib, das, seinen Instinkten folgend, aller
221 2538 1391 2588 Kultur und aller sittlichen Banden spottet. Die ur¬
234 2582 605 2649 sprüngliche Eva:
694 2632 884 2692 „Du bist
374 2670 1200 2726 Zu staunen nicht gemacht. Niemals hat Dich
369 2724 1129 2761 Des Daseins Wunder namenlos erschreckt,
378 2757 1141 2801 Nie bist Du vor der Buntheit dieser Welt
366 2797 1090 2850 In Andacht hingesunken, und daß Du,
365 2832 988 2889 Die Beatrice ist, und ich, Filippo,
370 2871 1096 2926 Sich unter den unendlich Dielen fanden,
370 2915 1096 2954 Hat nie mit tiefem Schauer Dich erfüllt.
373 2947 1247 2998 Und daß Dein Dater toll, füllt nicht mit Bangen,
364 2995 1044 3039 Daß Dittorino starb, der Dich geliebt,
366 3022 1249 3079 Nicht mit dem fürchterlichsten Grau'n dein Herz.
362 3067 1076 3115 Und daß Du Fürstin von Bologna bist,
365 3103 1080 3161 Macht Dich so wenig staunen, Beatrice,
359 3152 1260 3208 Wie wenn sich eine Mück' auf deine Hand“ setzt.
303 3190 1371 3259 Beatrice also, der Idee nach ein Mensch, der gegen
222 3243 1375 3290 alle Wirrnis und Tragik so unempfindlich ist wie das
1496 329 1949 422 box 36/2
1966 1413 3139 1475 Leben selbst. Und als ihr Gegenbild wäre ein Mann
1975 1471 3128 1540 zu denken der jedem Schicksal gewachsen ist, ein Meister
1970 1519 3128 1562 des Lebens. Tatsächlich steht aber unsere Heldin nicht
1974 1573 3137 1614 weit ab von dem „lieben süßen Mädel“, das uns aus
1980 1620 3127 1674 den früheren Dramen so wohlbekannt ist. Hinwieder
1977 1680 3131 1727 Filippo Loschi das Leiden aller dargestellten Dichter
1968 1726 3128 1780 hat, sich soweit mit dem Autor zu identifizieren, daß er
1973 1765 3129 1817 im Grunde jenseits des Dramas steht. Dieser Doet
1974 1812 3137 1874 reflektiert zuviel. Er macht pspchologische Experimente.
2076 1863 3129 1906 Gleichwohl löst dieses edel gehaltene, empfindungs¬
1979 1906 3130 1969 warme Drama bei aller Unsicherheit des Stils, viel
1982 1954 3137 2009 von der modernen Empfindungswelt aus. Es hält sich
1976 2010 3131 2064 frei von der starren Engherzigkeit eines Dramas, das
1974 2055 3132 2120 sich noch immer von verlebten Konflikten nährt. Nur
1967 2104 3136 2158 verfällt es gegenteilig ins Unbegrenzte. So zerflattern
1968 2157 3131 2222 Töne, Worte, Empfindungen, die bei einer plastisch
1982 2205 3139 2258 sicheren Gestaltung uns ganz anders berühren würden.
2076 2253 3137 2309 Auch Schnitzlers jüngstes Drama „Der einsame
1977 2297 3134 2362 Weg“ ist nur ein Uebergangsstück, das uns gerade ob
1978 2356 3135 2412 seiner unverkennbaren Schwächen das Charakteristische
1969 2412 3144 2460 seiner Sphäre und seines Stils verdeutlicht. Dieses
1976 2461 3135 2510 Drama ist durchaus novellistisch gehalten, ohne
1985 2499 3127 2556 eine ausreichende Zuspitzung der Konflikte, ohne ge¬
1983 2547 3143 2605 nügende Plastik der Charaktere. Es kommt hier ein
1980 2598 3144 2655 sehr charakteristischer Trieb der modernen Literatur zum
1976 2661 3135 2702 Ausdruck, dem Tragischen seine gefährliche Spitze zu
1983 2691 3135 2747 nehmen, indem man es mit dem cynischen Gleichmut
1989 2738 3136 2791 anschaut, den das Leben selber bekundet, als welches nur
1979 2787 3142 2851 gesetzmäßige Notwendigkeiten anerkennt. In diesem
1982 2834 3142 2891 Gegensatz menschlicher Strebungen und Gefühle und
1985 2885 3139 2944 der natürlichen Brutalität der Geschehnisse, die die
1978 2929 3135 2993 Menschen gleichsam nur als Werkzeuge ihres geheimnis¬
1973 2985 3127 3044 vollen Wollens ansehen, liegt zweifellos ein höchst dank¬
1983 3046 3143 3092 barer tragischer Dorwurf. Nur ist das Genie allein
1971 3080 3143 3133 imstande, bis zur schonungslosen Unmoral der Natur
1971 3129 3138 3200 vorzudringen, sie glaubhaft darzustellen. Schnitzler rührt
1986 3186 3138 3240 nur an dieses letzte Geheimnis aller Dinge, indem er
1986 3224 3142 3285 seine Menschen darüber reflektieren und philosophieren
