3344 4352
158 314 1398 426 1. Panphlets, offprints
221 1413 1368 1470 läßt. „Wenn Sie im Mittelpunkt der Erde wohnten,
215 1470 1371 1523 wüßten Sie, daß alle Dinge gleich schwer sind. Und
209 1514 1380 1564 schwebten Sie im Mittelpunkt der Welt, dann ahnten
208 1569 1380 1616 Sie, daß alle Dinge gleich wichtig sind.“ Darin ist
209 1613 1380 1660 aber die Ohilosophie die stärkste Feindin aller Kunst,
207 1676 1373 1727 daß sie ihre Menschen an dem tätigen Genuß des Er¬
213 1707 1371 1763 lebens hindert. Ein Liebender, der philosophiert, wird
213 1764 1378 1811 seiner Geliebten leicht unerträglich. Und, frage ich, liegt
212 1811 1377 1855 nicht alle Tragik menschlichen Daseins in der Un¬
208 1855 1380 1913 möglichkeit, über seine eigentümlichen Lebensumstände
218 1900 1380 1970 hinwegzukommen, in der eigentümlichen Gebundenheit
212 1960 1381 2008 des Daseins, das den Menschen ohne die Duellen
207 2010 1302 2071 tragischen Erlebens in Einsamkeit verdursten läßt?
313 2054 1380 2103 Dielleicht haben wir es hier mit dem persönlichsten
212 2103 1372 2150 Werk des Dichters zu tun. Sein Drama schildert uns
212 2145 1369 2206 Naturen, deren sehnsüchtiger Trieb nach Lebensgenuß,
210 2195 1372 2265 der zu Derpflichtungen führt, durch das Bedürfnis
208 2250 1371 2292 persönlicher Freiheit fortwährend unterbunden wird.
214 2299 1381 2362 Das Einheitliche der vielfarbigen und verschwimmenden
209 2349 1381 2394 Motive besteht darin, daß auf dem Lebenswege
214 2393 1379 2450 jedes Einzelnen sich die Reue einstellt darüber,
210 2447 1373 2495 daß er sein Lebensglück aus Furcht vor dem Verlust
206 2497 1375 2548 der persönlichen Freiheit nicht festzuhalten verstand. Es
213 2540 1372 2615 ist die Tragödie des „Dorbeigehens“, die Ibsen freilich
214 2605 1370 2656 ungleich großartiger darstellt, weil er sie unmittelbar
212 2645 1365 2686 aus der Natur seiner Helden ableitet. Und es ist zu¬
202 2700 1377 2753 gleich in der Hauptfigur, dem alternden Maler, die
212 2743 1371 2796 Tragödie des ergrauten Anatol dargestellt, der sich
211 2793 1376 2832 darauf besinnt, daß er seine einsame Freiheit eigentlich
203 2835 1376 2888 mit den teuersten Gütern des Lebens erkauft hat. Nur
207 2889 1376 2937 schale Reste der Erinnerung bleiben ihm zurück: Ein
201 2939 1378 2986 Bild, das im Sonnenglanze seiner Liebe entstand. Ein
201 2986 1373 3033 Kind, das seine Zuneigung nicht erwidern kann, weil es im
210 3037 1376 3095 Gefühl einer anderen Daterschaft aufgewachsen ist. Diese
206 3082 1371 3152 Fichtner und Sala, Egoisten und Lebenskünstler, erleben
207 3141 1380 3197 den Bankrott ihres Handelns, weil sie dem Dasein nur
203 3183 1381 3227 als Nehmer, nicht als Schenkende gegenübertreten. Sie
204 3232 1390 3306 haben nach ihrem eigenen Bekenntnis nie ein Wesen
1496 313 1952 400 box 36//2
1920 1391 3089 1446 auf Erden geliebt. „Lieben heißt, für jemand andern
1933 1434 3091 1494 auf der Welt sein. ... Was hat das, was unsereiner
1928 1479 3092 1539 in die Welt bringt, mit Liebe zu tun? Es mag allerlei
1929 1543 3093 1596 Lustiges, Derlogenes, Zärtliches, Gemeines, Leidenschaft¬
1931 1576 3089 1638 liches sein, das sich als Liebe ausgibt, — aber Liebe
1933 1638 3090 1688 ist es doch nicht. ... Haben wir jemals ein Opfer
1929 1675 3089 1740 gebracht, von dem nicht unsere Sinnlichkeit oder unsere
1927 1737 3089 1796 Eitelkeit ihren Dorteil gehabt hätte? . .. Haben wir
1931 1796 3100 1837 je gezögert, anständige Menschen zu betrügen oder zu
1926 1820 3096 1893 belügen, wenn wir dadurch um eine Stunde des Glücks
1937 1878 2766 1936 oder der Lust reicher werden konnten?
2047 1900 3086 1982 Im „Duppenspieler“ liegen schon die keime dieses
1936 1965 3101 2020 verfehlten Lebens. Auch hier ein Lebensphilosoph, dessen
1939 2016 3090 2079 Hochmut an den schlichten Gesetzen des Daseins zu¬
1941 2075 3101 2136 schanden wird. Seine Duppen werden lebendig und
1943 2123 3094 2171 gewinnen ein sicheres Erdenglück, indes der vermeint¬
1931 2171 3106 2227 liche Meister des Lebens all der Güter, an die er sein
1939 2218 2550 2293 Herz gehängt, verlustig geht.
2045 2377 3101 2471 In Schnitzlers Novellistik finden wir die ganze
1937 2473 3105 2518 Summe der Konflikte, Motive, Stimmungen, Gestalten,
1948 2504 3102 2567 die uns in seinen Dramen begegnen, wieder. Nur, daß
1949 2568 3102 2621 seiner künstlerischen Wesensart das Nebeneinander der
1950 2602 3106 2670 Novelle besser entspricht als das dramatische Ineinander.
1946 2658 3103 2717 Schnitzler hat als Erzähler eine starke Verwandtschaft
1944 2710 3102 2765 mit Maupassant, nur ist er hier nie satirisch, sondern
1942 2769 3110 2807 im guten Sinne sentimental. Es gelingt ihm aus¬
1951 2793 3103 2869 gezeichnet, das Milieu mit den Gefühlen des Menschen
1949 2847 3108 2900 in Einklang zu setzen, ein einfaches Geschehen in der
1953 2910 3106 2956 ganzen Fülle der Nuancen, die seine Entwicklung mit
1955 2946 3112 3016 sich bringt, abzuschildern. Jede dieser Novellen besteht
1955 3003 3104 3054 aus einer Hette impressionistischer Szenen, die mit der
1950 3053 3109 3115 farbigen Weichheit eines Pastells wiedergegeben sind.
1944 3111 3109 3148 Widerstrebt die Wertgleichheit, die er allen Lebens¬
1949 3160 3106 3202 momenten beimißt, dem Dramatischen, so gibt sie der
1951 3187 3123 3257 Novelle ein Kolorit von wunderbar ebenmäßiger Hart¬
2501 3276 2544 3375 39
