3344 4320
223 226 1286 331 PamOffbrin
1455 216 1901 307 box 36/2
1176 1889 2297 1979 ei der Charakteristik eines Dichters fängt man ja
1120 1949 2298 2027 — wohl mit Abstammung und Milieu an. Man
1133 2013 2294 2067 zählt die Eigenschaften der engeren Familie auf und
1135 2046 2299 2107 auch wohl die des Stammes und der Nation, spürt
1132 2101 2307 2156 den Zeiteinflüssen nach und nicht zuletzt der herrschenden
1137 2164 2311 2211 literarischen Strömung. Schließlich kommt auch der
1133 2210 1940 2260 Doet und seine Schriften in Betracht.
1242 2254 2308 2317 Diese literarhistorische Methode beruht doch wohl
1146 2296 2304 2362 auf einem erklecklichen Irrtum. Sie hat Eigenwert nur
1145 2355 2302 2413 für den Selbstbeschauer seines Lebens, für den Auto¬
1135 2393 2309 2469 biographen. Wer sein Leben erzähit, ja ##er überhaupt
1136 2440 2310 2514 einmal über seine Eigenschaften und d: bewegenden
1146 2491 2305 2548 Kräfte einer allmählichen Umgestaltung es Charakters
1143 2552 2300 2604 nachgedacht hat, der mag fühlen, wie das Wesen des
1150 2589 2314 2652 Daters in ihm eine seltsame Wiedergeburt feiert, wie
1151 2636 2312 2709 gewisse Stammeseigenschaften der aufstrebenden Natur
1148 2700 2310 2750 zu Hilfe kamen oder hinderlich waren, wie endlich der
1150 2734 2305 2804 Jeischarakter und das besondere Milien in ihm Er¬
1144 2796 2303 2852 kenntnisse wachriefen, Enttäuschungen schafften, Ab¬
1156 2853 2313 2906 neigungen und Sympathieen begründeten. Aber je
1157 2883 2315 2963 persönlicher ein Mensch geartet ist, um so weniger ist
1147 2940 2314 2992 ein Fremder — und der Nächste ist hier oft der
1147 2980 2313 3053 Fremdeste — imstande, solche beilaufenden Elemente
1154 3026 2313 3091 richtig zu bewerten. Er ist durchaus auf die Totalität
1153 3079 2314 3131 der Dersönlichkeit angewiesen, die er analpsieren mag,
1162 3146 2324 3202 wie man ein Dichtwerk kritisch ergründet, nachdem man
1164 3182 2089 3256 seinen sputhetischen Charakter begriffen hat.
1256 3220 2321 3286 Gleichwohl vermögen wir auch in der Entwicklung
1148 3275 2323 3361 des Einzelnen typische Geistesgesetze zu entdecken. So
