3344 4320
417 48 477 111 A
287 209 1386 297 PamphletsOffrints
330 1411 1384 1472 In der Romantik haben wir bereits einen Dor¬
216 1453 994 1532 klang dieser müden Weltresignation:
340 1528 1285 1572 Was ist das Leben? Kommen nur und Schwinden,
335 1564 1136 1612 Ein Wechsel nur von Nacht und Cageshelle,
346 1600 1261 1654 Verlust und Schmerz, Sehnsucht und Wiederfinden.
336 1637 1287 1697 So schwebt durch Traum und Wachen hin die Welt.
1077 1692 1220 1750 Tieck.
321 1760 1379 1841 Oder man vernehme das Bekenntnis eines Brentano:
452 1829 959 1895 Wohl muß ich es gestehen,
339 1880 1151 1935 Daß Dinge mich umscheinen, menschengleich;
342 1918 1026 1975 Zu hören sie, ja leibhaft sie zu sehen
339 1939 1257 1995 Kann ich nicht leugnen; doch mir bleibt dies Reich
348 1991 1244 2035 Der Welt so fremd und hohl, daß all' ihr Drehen
352 2033 1215 2085 Soviel nicht schafft, daß mir der Zweifel weich',
348 2071 1204 2129 Ob Sein, ob Nichtsein seinen Spuck hier treibe,
341 2122 1162 2177 Ob solcher Welt auch Seele wohn' im Leibe!
315 2178 1387 2240 Man wird bei Doeten des jungen Wiens, etwa
224 2240 1388 2299 bei Hofmannsthal, ganz dieselben Töne wiederfinden.
236 2296 1398 2343 Das Wesentliche der romantischen Kunstart bleibt indes
227 2334 1400 2409 die Flucht vor der Gegenwart, die psochische Dor¬
242 2378 1405 2450 herrschaft der Vergangenheit: „Zierlich denken und süß
243 2434 1398 2485 Erinnern bildet das Leben im tiefsten Innern“. In
245 2483 1394 2548 der Erinnerung verliert alles Erlebte seine Härte und
239 2551 1403 2606 Herbheit, und es bleibt der Duft und Hauch der Dinge
233 2593 1404 2646 ein je ne sais quoi von träumerischer Schwermut, das
236 2638 1401 2694 allem Erinnern anhaftet. Man kann nun kraft einer
243 2675 1402 2735 eigentümlichen Veranlagung auch das Gegenwärtige
238 2740 1394 2791 als etwas bereits Vergangenes, der Seele fremd und
229 2775 1396 2850 wehmütig lieb Gewordenes voraus empfinden. Also
243 2824 1404 2889 tut der romantische Geist mit seinem unentwickelten
235 2876 1403 2941 Sinn für das unmittelbar Lebendige. Er hat bei jedem
243 2923 1403 2984 Erleben das Bedürfnis, das Bild, das wir uns später
231 2970 1401 3033 davon machen werden, vorauszunehmen. Während der
240 3019 1407 3077 realistische Dichter danach strebt, ein Bild der Welt in
244 3091 1404 3141 seinem jeweiligen Zustand zu geben, malt der
242 3119 1408 3181 Romantiker ein Bild des Bildes in einer Schönheit
250 3181 1405 3237 und Reine, die nur den kräftigen Dulsschlag, die rechte
250 3221 960 3286 Leidenschaftlichkeit vermissen läßt.
1511 204 1958 290 box 36/2
1966 135 2206 190 —.—
2024 1365 3134 1425 Während Hofmannsthal sich diesem angeborenen
1986 1442 3137 1499 romantischen Geist ganz hingibt, bekämpft ihn Schnitzler,
1989 1468 3084 1542 schon mit seinem Erstling, dem „Anatol=Cpklus.“
2095 1522 3139 1576 Den Schönheitsträumen stellt er die ganze irdische
1987 1562 3150 1640 Frechheit gegenüber, der liebenden Seele die Brutalität
1976 1623 3138 1682 der Sinne, dem anmutigen Spiele des Geistes und der
1980 1671 3138 1745 Gefühle den wahren Lebenstrieb. Nur kommt das
1975 1707 3140 1777 nicht groß und kräftig genug zum Ausdruck. Wir
1985 1761 3142 1823 beobachten, wie unser Dichter in den Tragödien des
1984 1805 3146 1873 Lebens eigentlich keine Hauptpersonen und =Ereignisse
1994 1860 3146 1924 kennt. Er hat ein Gefühl für das Gleichwertige aller
1992 1915 3152 1976 Existenzen und Zustände, das wir menschlich anerkennen
1991 1956 3152 2019 und vom künstlerischen Standpunkte bestreiten müssen.
1982 2016 3154 2074 Wir wissen freilich, daß das Leben den großen
1994 2053 3157 2123 theatralischen Ereignissen, die sich aus menschlichen Der¬
1996 2119 3163 2168 hältnissen entwickeln, nicht mehr dieselbe Beachtung
1997 2150 3151 2227 schenkt wie ehedem. Mord, Ehebruch, Familienzwist,
1992 2200 3156 2265 Not und Entbehrung, was ist das für uns anderes als
1997 2262 3161 2317 Schlußaccord in einer langen Entwickelungsreihe seelischer
1996 2301 3153 2374 Verstimmungen, die auch nach dem Abschluß noch
1990 2344 3159 2425 lunge, lange in uns nachklingen? Nicht das Ereignis
1999 2397 3151 2461 also ist das Wesentliche, sondern seine Dorstadien und
2000 2446 3158 2518 Nachwirkungen, das seelische Milieu des Geschehens.
1997 2489 3154 2550 Gleichviel! So muß eben das Nebensächliche von
2001 2544 3163 2625 gestern, das wir heute als das Wesentliche anschen, in
1991 2590 3152 2658 den Dordergrund treten. Es muß die Tragik des Er¬
1996 2643 3162 2712 lebens an Stelle der Tragödie des Geschehens treten.
1997 2695 3154 2758 Und diese neue Form des Dramas schuf Ibsen, bei
2002 2749 3162 2815 dem das phpsische Ende seiner Helden gleichgiltig, fast
1997 2798 3170 2873 zufällig geworden ist; bei dem wieder und wieder die
2005 2836 3163 2905 brutalen Ereignisse des Lebens hinter dem Erleben ver¬
2002 2885 3166 2965 schwinden. Schnitzler ist dies nicht in demselben Grade
2009 2935 3163 3001 gelungen, weil seine Ospchologie nichts Schöpferisches
2009 2983 3174 3062 hat. Sie läßt ihre Helden nicht etwas erleben aus dem
1999 3056 3170 3106 Willen des Schöpfers, der seine Gestalten trotz aller
2010 3107 3174 3155 scheinbaren Freiheit unter das Joch einer seelischen
2004 3129 3171 3199 Prüfung schickt, sie beobachtet vielmehr den Seelen¬
2003 3179 3183 3271 zustand des Erlebenden, den sie darstellen will. Oder
