3344 4352
186 301 1270 402 anphlets Offbrints
155 1392 1315 1457 fällig geworden. Wie viel mühselige Erfindung, ge¬
159 1449 1313 1506 waltsame Honstruktion, offensichtlichen Zufall muß
152 1496 1323 1538 aber noch Hebbel aufwenden, um den tragischen Aus¬
161 1562 1322 1603 gang seines bürgerlichen Dramas herbeizuführen. Wie
159 1596 1322 1644 selbstverständlich und natürlich wächst hiergegen die
163 1649 1315 1701 Tragik Schnitzlers aus einer fröhlichen Liebelei. Kaum
148 1695 1324 1741 daß die Wehmut der späteren Ereignisse in den lustigen
155 1751 1321 1806 ersten Aufzug hineinklingt. Dieses Präludium enthält
161 1793 1315 1843 bereits das ganze erschütternde Drama in nuce, und so
161 1844 1322 1889 muß es sein, keine willkürliche Fortführung, vielmehr
152 1898 1315 1960 Entwicklung. Jedes wahre Drama ist musikalisch ge¬
151 1948 1315 1992 artet, einer symphonischen Dichtung verglech bar. So
150 1998 1318 2042 gleicht hier der erste Akt einem lustigen Masch, in den
162 2041 1318 2100 ein paar drohend schwere Töne hineinklingen. Mit
162 2086 1321 2139 dem Erscheinen des beleidigten Gatten eine unüber¬
162 2137 1323 2197 trefflich wiedergegebene schwüle Stille, hernach gepreßte
157 2186 1324 2240 Heiterkeit. Der zweite Akt eine Idylle mit scherzhaften
159 2235 1327 2283 und schwermütigen Intervallen, der Schlußakt ganz der
152 2284 1325 2334 empörten Leidenschaft gewidmet, die sich mit der wachsenden
152 2332 1326 2383 Erkenninis des verübten Verbrechens, tiefer und tiefer
154 2380 1330 2437 hineinwühlt und den Helden, Christine, zu einer Größe
151 2428 1330 2480 aufragen läßt, wie sie nur eine lang verborgene sittliche
150 2476 501 2535 Uraft scheert.
256 2506 1319 2582 Künstlerisch angesehen hat hier der pspchologische
158 2577 1313 2631 Impressionismus etwas Ausgezeichnetes geleistet. Er
158 2624 1319 2675 verstand die Stimmung mit der fortlaufenden Handlung
156 2675 1311 2729 in Einklang zu bringen, den ganzen Kreis eines Da¬
163 2723 1320 2780 seins zu durchschreiten und die brutale Tatsachenwelt
155 2772 1315 2818 auf ihre seelische Rückwirkung zu reduzieren. Die
145 2824 1315 2860 Hauptpersonen sind sehr fein abgestuft. Zwei Gruppen
157 2873 1319 2929 junger Teute Theodor und Mizi, die das Leben als
152 2918 1316 2964 ein Fest vergnügter Stunden zu nehmen wissen, der
158 2971 1315 3021 Mann nicht ohne Ahnung und Gefühl des Tragischen,
156 3018 1315 3069 wenn man will darin schuldig, daß er die Hand an's
159 3068 1314 3116 Schicksal legt und seinen Freund aus einer gefährlichen
154 3116 1314 3168 Liebe durch eine Tiebelei zu retten sucht. Fritz und
162 3166 1311 3232 Christine, zwei Menschen, die das Leben in den Ab¬
160 3216 1321 3275 grund reißt, weil sie ihm widerstandslos angehören.
1428 297 1895 382 box 36/2
1897 222 2200 291 —
1926 1404 3079 1451 Sehr fein ist der alte Musikus gezeichnet, und nur
1935 1450 3083 1505 ganz von fern klingt in dieser echt lokalen Figur das
1929 1498 3091 1563 Urbild Miller's an. In diesem Manne finden wir
1919 1549 3091 1605 viel von Christines sanft hingebender Natur wieder,
1922 1596 3086 1645 nur daß hier ein langes mühseliges Leben eine Weisheit
1920 1666 3088 1713 eingab, die dem liebenden Weibe von Anfang an ge¬
1931 1699 3098 1756 hört. Diese Figur ist eines Anzengruber, der solche
1927 1745 3082 1807 wahrhafte Weisen freilich gern auch zu Meistern des
1931 1796 3083 1858 Lebens macht, durchaus würdig, und man vergißt
1929 1852 3093 1901 nicht leicht die Worte, die er der Frau Gevatterin
1920 1893 3091 1941 erwidert, da sie ihn als Beschützer und Wohltäter
1929 1942 3067 2002 seiner altjungferlichen Schwester preist: „Ja, das hab'
1933 1988 3085 2047 ich mir früher auch eingebildet, — wie sie noch ein
1932 2046 2614 2103 schönes junges Mädel war, —
2622 2039 3081 2102 und bin mir selber,
1928 2081 3079 2145 weiß Gott wie gescheidt und edel vorgekommen. Aber
1931 2137 3082 2195 dann später, wie so langsam die grauen haare ge¬
1933 2185 3083 2235 kommen sind und die Runzeln, und es ist ein Tag um
1933 2236 3008 2287 den andern hingegangen — und die ganze Jugend
1926 2281 3095 2346 und das junge Mädel ist so allmählich — man merkt
1931 2331 3001 2400 so was kaum — das alte Fräulein geworden,
1922 2381 3077 2450 da hab' ich einst zu spüren angefangen, was ich
1928 2434 3084 2485 eigentlich getan hab'! Ich sehe sie ja noch vor mir,
1921 2478 3094 2552 wie sie mir oft gegenübergesessen ist am Abend, bei der
1932 2520 3075 2596 Lampe, in dem Zimmer da, und hat mich so an¬
1934 2573 3085 2643 geschaut mit ihrem stillen Tächeln, mit dem gewissen
2284 2625 3028 2692 als wollt' sie mir noch danken; —
1925 2633 2232 2696 gottergebenen,
1921 2685 3079 2739 und ich — ich hätte mich am liebsten vor ihr auf die
1926 2725 3086 2789 Unie hingeworfen, sie um Verzeihung bitten mögen, daß
1929 2769 3080 2837 ich sie so gut behütet hab' vor allen Gefahren — und
1926 2824 2320 2898 vor allem Glück!“
2023 2859 3092 2933 Dieser alte Mann braucht seinem Kinde nicht zu
1933 2921 3094 2978 verzeihen — ein häßliches Wort —, er begreift es.
1919 2970 3083 3026 Hingegen sie es dem Geliebten nicht verzeihen kann,
1930 3025 3082 3086 daß er das „Liebesleben in ihr gemordet hat“ um
1925 3046 3079 3131 einen Ausdruck Ibsens zu gebrauchen. Sie fühlt sich
1922 3128 3083 3176 gefallen, weil er, da sie sich ihm hingab, innerlich einer
1916 3176 3097 3241 anderen Frau gehörte. Das Spiel ist ungleich. Sie
1914 3214 2219 3279 muß sterben.
2477 3289 2533 3375 25
2880 4161 3098 4238 Se
