3484 4256
1050 137 1408 243 box 6/8
301 144 894 235 46. Parabeln
543 182 877 266 SLEE
691 1725 1138 1819 „OBSERVER
610 1809 1272 1898 Wien, I., Wollzeile Nr. 11
698 1874 1151 1972 Telefon R-28-0-43
722 1937 1090 2076 Nene Proie Presst.
1087 2081 1175 2172 2
745 2077 1027 2183 18.SEP.
403 2162 1460 2253 Die eben erschienene „Nummer 4 der Zeitschrift „Das
332 2219 1458 2288 Blaue Heft“ enthält unter anderm Unveröffentlichtes aus
331 2282 1465 2330 dem Nachlaß von Arthur Schnitzler, „Ein Chinese macht
338 2324 1470 2378 Einkäufe“ von Walter Meckaner, „Lese“ von Jacques Deval,
330 2360 1458 2422 „Probleme moderner Währungspolitik“ von Professor Richard
323 2412 1459 2467 Kerschagl, „Amerika ist anders“ von Ferry Klebinder, eine Ent¬
329 2447 1457 2511 gegnung auf Sil-Varas Aufsatz „Warum kommt der Frieden
335 2495 1463 2573 nicht zustande?“ von Professor K. C. Schneider, „Hamlet in
332 2534 1467 2609 Moskau von Lina Goldschmidt, „Der Fall Geiringer", „Lapua¬
336 2575 1460 2639 bewegung in Finnland, „Radio Wien", Theaterkritiken,
329 2623 681 2701 Zeichnungen usw.
1653 353 2437 447 „OBSERVER
1758 440 2398 505 österr. behördl. konzessioniertes
1702 484 2424 561 Unternehmen für Zeitungs-Ausschnitte
1772 544 2364 607 WIEN, I., WOLLZEILE 11
1843 604 2294 665 TELEPHON R-23-0-43
1655 731 2015 816 Ausschnitt aus:
1634 803 2567 902 Das Slaue Heft, er lin-Nien
1984 888 2154 966 Nr 4
1648 958 1796 1033 vom:
1628 1405 2404 1521 Aus dem Nachlass
2518 1440 3044 1527 von Arthur Schnitzler
1724 1512 3047 1586 Als Symbol der Tiete im künstlerischen Sinn kann weder eine
1619 1566 3053 1640 Strübe, undurchsichtige, wenn auch bewegte Fläche gelten, noch ein
1637 1620 3055 1686 bodenloser Abgrund, in den kein Lichtstrahl zu dringen vermag. Nur
1632 1670 3053 1729 der ist als Künstler lief, der die rauhen Flächen der Wirklichkeit so
1633 1772 2375 1839 Himmeln und Höllen widerspiegelt.
1631 1857 2382 1952 Schicksal des Kunstwerks
1715 1943 2464 2000 Heiliger Augenblick des Empfangs.
1726 1992 2590 2049 Glück- und qualvolle Epoche der Arbeit.
1720 2028 2757 2095 Staunen und Enfläuschung nach der Vollendung.
1718 2083 3062 2163 Schmerzlicher Augenblick des Abschieds vor der Entsendung in
1634 2136 2046 2204 die Oeffentlichkeit.
1734 2164 3059 2243 Wenige warten mit Wohlwollen, in der Bereitschaft, gelten zu
1638 2231 1794 2298 lassen.
1730 2270 3055 2346 Noch Wenigere neigen sich verstehend oder gar in Andacht.
1645 2333 3053 2400 Von allen Seiten rast das Uebelwollen, der Neid, die Erbitterung
1633 2373 1790 2441 hervor.
1728 2405 3046 2484 Epoche des Innewerdens, der Abkehr, der Verwirrung, der Enf¬
1631 2483 2446 2538 fremdung zwischen Dichter und Werk.
1717 2500 3054 2589 Indessen aber vollzieht sich das Schicksal des Werks nach sei¬
1633 2578 3062 2635 nen immanenten Gesetzen. Es wandelt weiter durch die Zeil, un¬
1633 2628 3053 2686 verwundet und unverwundbar, wenn es darnach geschaffen ist, und
1641 2674 2287 2733 stirbl immer nur an sich selbst.
1617 2762 1864 2864 Parabel
1717 2842 3049 2906 An einem schönen Sommertage ritt ein Reiter in heiteren Ge¬
1636 2887 3046 2946 danken seines Wegs, als er am Rande der Landstraße einer
1630 2936 3050 2999 Kapelle gewahr wurde und nach seiner frommen Art sich gedrängt
1640 2991 3056 3042 fühlle darin seine Andacht zu verrichten. Er band sein Roß an einen
1632 3040 3056 3103 Baum, trat in die Kapelle und ließ ein inbrünstiges Gebet zu Golf
1633 3086 3053 3143 aufsleigen, als er merkte, daß sich die rechte Sammlung in seiner
1632 3141 3053 3192 Seele nicht einstellen wollte; und bald entdeckte er zu seinem
1632 3186 3040 3248 Schrecken, daß er, staft seine Gedanken zu Goft emporzurichten,
1643 3235 3038 3284 immer an sein Rößlein denken mußte, das draußen wohl ange¬
1637 3287 3047 3349 bunden, aber doch ohne weitere Bewachung des Herrn wartete.
1635 3330 3045 3395 Und binnen kurzem war ihm wirklich, als hörfe er draußen ein ver¬
1641 3382 3048 3439 dächtiges Geräusch. Rasch erhob er sich von den Knieen und kaum
1634 3432 3046 3488 war er ins Freie getreten, so sah er, wie er beinahe schon gefürchtef,
1635 3480 3045 3540 ein paar hundert Schritte entfernt einen Unbekannten auf dem Roß
1625 3526 3041 3590 ins Weite sprengen. Weit und breit war kein anderer Mensch zu
1640 3577 3040 3630 sehen, und als endlich auf sein Rufen und Schreien einige Landleute
1623 3626 3045 3676 herbeikamen, war der Dieb auf seiner leichtfüßigen Beute längsi
1638 3675 3038 3728 verschwunden. Schon drängte sich ein Fluch dem Bestohlenen auf
1638 3720 3051 3777 die Lippen, als ihm zur rechten Zeit einfiel, daß ihm nur nach Recht
1630 3758 3161 3843 geschehen war, indem Golt ihn auf solche Weise für seine Unauf- 103
