3248 4384
541 233 714 314 Hir
748 240 1095 313 enfloet
1271 239 1665 344 box 4/2
156 230 1146 354 25. Die mmsuumanusse
908 897 2080 973 WALLY ZEPLER: DIE NEUE FRAU IN DER NEUEN FRAUENDICHTUNG
2386 895 2475 980 61
910 999 2489 1066 und rufen, und immer wieder folgt sie, in Wonne, in Glut, in Wollust, zu¬
907 1066 2481 1127 letzt in Mord und Verderben. Dann kehrt sie zu dem Gatten zurück, der
912 1116 2488 1171 versprach sie stets wieder aufzunehmen, ohne je dem Schicksal nachzufragen,
915 1160 2484 1229 das sie durchlebte. Alle Leidenschaften haben indessen ihre Runen in ihr
914 1216 2474 1285 Herz gegraben. Und nun klagt sie den Mann an, der sie freiwillig ihrem
917 1274 1681 1316 wilden Geschick in die Arme trieb.
917 1314 2479 1366 „ln der Beschränkung, die du mir zuerst bereitet und wo alles Pflicht wurde, war
912 1350 2485 1415 mir versagt mich zu finden. Im Grenzenlosen, wohin du mich sandtest, und wo alles
905 1389 2473 1435 Lockung war, mußte ich mich verlieren. Ich weiß nicht, wer ich bin... Wärst du
909 1428 2481 1472 erschaudert vor dem Hauch der tausend Schicksale, der um meine Stirn fließt, so
911 1472 2481 1517 könnten wir einander verstehen ... So aber, graut mich vor der steinernen
899 1506 1405 1562 Fratze deiner Weisheit.e
902 1535 2478 1614 Mit diesem Schluß gibt, wie mir scheinen will, der Dichter sich selber un¬
908 1592 2476 1657 recht. Der wahrhafte Sinn seiner Dichtung steckt gerade in dem tiefern Er¬
904 1653 2478 1700 kennen seines Weisen, daß ein Mensch sein Leben nur erfüllte, wenn er alle
914 1690 2482 1739 seine Möglichkeiten ausgeschöpft hat. Freilich, welche Möglichkeiten in
903 1733 2480 1795 ihm schlummern: darauf gerade kommt es an. Und hier steht die Frau
908 1787 2476 1851 der Hirtenflöte ganz anders da als die Figur des männlichen Geschlechts,
908 1837 2478 1888 die man, oberflächlich gesehen, ihr an die Seite stellen möchte: der Don
908 1893 2474 1954 Juan. Sie ist (bei aller Aktivität im Leben) das ewige Passivum, bestimmt
912 1942 2482 2005 von Trieben, die sie selber nicht zu gestalten vermag, und die sie am Ende
916 1983 2480 2050 herunterziehen und sich selbst fremd machen müssen. Während Don Juan
908 2041 2478 2092 den Träumen des Herzens nachgeht und in dem ewig andern Spiel des
908 2091 2476 2150 Suchens und Findens das Verlangen nach dem Urbild seiner Sehnsucht formt
916 2141 2474 2192 und umformt, seine Liebe zur einzigen Donna Anna in wahnsinnigem Be¬
914 2177 2480 2233 gehren neu schafft (und noch die Zerlinen und die Kammermädchen neben¬
916 2224 2478 2288 bei in eine Sphäre hebt, von der sie nie wieder in das alte Nichts sinken
902 2271 1124 2346 können).
921 2325 2475 2407 Welch ein anderes Gesicht zeigt vorläufig der weibliche Don Juan. In der
906 2401 2478 2457 Erzählung Von Paul zu Pedro läßt Gräfin Reventlow die bunten Liebes¬
909 2447 2487 2507 episoden einer schönen Frau an uns vorüberziehen, die ihr Abenteuerdrang
914 2489 2488 2556 in einen Wirbel toller Liebesstürme reißt, oder richtiger: nicht toller Stürme
916 2536 2492 2595 sondern nur sanirer kosender Winde und lustiger Brisen.*) Denn freilich hat
917 2602 2483 2652 ihre Heldin für viele Frauen recht, wenn sie aller Romantik in der Auf¬
906 2648 2091 2701 fassung der weiblichen Liebe gegenüber realistisch sagt:
917 2696 2489 2741 Ach, mein Gott, wenn alles immer Liebe oder auch nur etwas Ahnliches sein sollte,
917 2728 2491 2789 wo käme man da hin? Jedesmal Seligkeit, wenn es anfängt, Konflikte, während es
912 2767 2484 2826 dauert, und große Tragik, wenn es zu Ende geht ... Es ist doch jedesmal etwas
915 2804 2105 2856 anderes, was uns zu den verschiedenen Menschen hinzieht
911 2848 2469 2907 Aber dieser Frau fehlt leider doch das beste, gerade das, was der Leiden¬
911 2889 2486 2952 schaft des Don Juan die Tragik und die Größe gibt: eben das Suchen nach der
908 2935 2482 2986 Schöpfung jenes Urbilds der Liebe, das in der eigenen Seele wohnt. Deshalb
920 2985 2486 3046 bleibt sie im Grunde nur eine mit Crotischem Firnis überzogene Dame der
907 3037 1220 3106 Gesellschaft.
915 3101 2493 3170 Weit ernsthafter packt eine Russin, zwar nicht das gleiche, aber doch ein
916 3160 2483 3218 verwandtes Problem an, die Frage: ob eine Doppelliebe möglich ist. Die
922 3211 2482 3276 Geschichte des Grafen von Gleichen, die Schmidtbonn in seinem Drama
911 3251 2495 3319 wiederzubeleben suchte, ist wohl die erste und bis dahin einzige dichterische
907 3300 2493 3346 Darstellung einer solchen Doppelliebe. Weder ohne seine Gattin noch ohne
914 3351 2500 3426 die junge Naemi, die ihn aus der Gefangenschaft befreite, vermag der Graf
918 3404 2496 3488 *) Der Roman Von Paul zu Pedro von F. Gräfin zu Reventlow erschien 1912 bei Langen in München.
