3296 4384
594 239 1066 313 Hirtenfloe
1319 240 1728 350 box 4/2
209 233 1204 347 25. Die Mle
1240 708 1988 962 1
1353 955 2521 1060 WALLY ZEPLER: DIE NEUE FRAU IN DER NEUEN FRAUENDICHTUNG
967 1099 2515 1162 und mit köstlicher Plastik hingestellte Figur) sind in all ihrer äußern Gegen¬
947 1145 2512 1201 sätzlichkeit dennoch Kinder des gleichen Erden- und Himmelsverlangens. Es
948 1188 2509 1257 sind die Phantasiereichen unter den Frauen, denen wie den Männern gleicher
935 1247 2517 1292 Art Liebe, Kunst, Naturgefühl, aller Aufschwung der Seele fast in ein Er¬
941 1287 2512 1359 leben zusammenfließt, die Künstlernaturen, denen die Kunstbegabung ver¬
945 1343 2511 1420 sagt ist, und die nun in der Wirklichkeit die Nahrung für ihren Schön¬
947 1378 1388 1452 heitshunger suchen.
939 1410 2508 1500 Ach ja, die ruhevollen Bäumel sie erschienen der unruhvollen Felsken wie lästige
935 1483 2518 1536 Prediger mit ihrer großen Geduld. Sie so vollständig, schön versorgt und bekleidet,
948 1522 2239 1557 und ihr Herz von sengenden Gefühlen durchfressen, voller Makel.
952 1552 2513 1613 Weil dieser Gegensatz so furchtbar ist, weil sie nicht ruhevoll und schön
950 1604 2519 1666 sein kann wie die Bäume oder wie das Meer, das sie einmal sah, weil ihre
942 1661 2520 1731 schäumende Tatkraft sich überall an der Enge des Lebens wund stößt,
930 1697 1839 1742 darum wird die Felsken trotzig und böse.
947 1738 2510 1801 Und meine Gefühle hören nicht auf wie Vögel mit den Köpfen an die Wände des
941 1799 2514 1850 gläsernen Käfigs zu stürzen. Das ungeduldige Herz klopft, klopft, als hätte es nun
943 1843 2512 1870 endlich einen andern Rhythmus verdient und sei der Einzelhaft und des abgeson¬
942 1873 2507 1938 derten Daseins müde; es möchte sich dahin wenden, wo es — ach ja, wohin?e
941 1905 1296 1968 Und anderswo:
943 1945 2514 2008 „Wohl den Unzufriedenen, den Unruhigen, den Hungrigen! Wehe den Bescheidenen,
946 1993 1404 2050 Behaglichen, Trägenle
942 2032 2089 2103 Endlich die wunderschöne und echt Siewertsche Stelle:
947 2093 2507 2144 Ast es nicht im Grunde ganz gleich, wann der Vorhang riß und das himmlische
941 2122 2516 2178 Genügen den Weg zu uns fand? Wenn es nur einmal den Weg zu uns fand, kann
949 2159 2518 2213 es jeden Augenblick wiederkommen. Und wenn es nicht wiederkommt, ist das
958 2198 2510 2262 Wissen darum, daß es so etwas gibt wie himmlisches Genügen, nicht genug Glück?
938 2237 2506 2313 Ach, es ist nicht genug Glück, aber das liegt an unserer Gier und Grobheit und der
935 2279 2164 2348 Entfremdung von unserer tatsächlich nährenden Lebensquelle,g
944 2321 2505 2388 Ja, das Genügene kommt für die armen sehnsüchtigen Menschenkinder eben
942 2385 2513 2442 nicht, die ewig nach der trunkenen Schönheit der hohen weihevollen Stunden
945 2438 2512 2493 dursten und in all dem traurigen Abstieg bis zu Verfall und Tod doch nie¬
949 2482 2514 2551 mals aufhören wollen wie gefangene Vögel an die Wände ihres Käfigs zu
949 2538 2520 2606 stoßen. Und die so sind, würden wohl bald an ihrer wilden Sehnsucht
936 2588 2519 2653 sterben, wenn nicht der Schöpfergenius ewiger Wiedergeburt auch in ihnen
935 2645 2514 2701 spräche, wenn sie nicht von neuem zur Freude erwachen und sich eins fühlen
936 2673 2515 2743 könnten mit der Erhabenheit des Alls, wenn sie nicht wüßten, odaß das Leben
933 2729 2510 2801 ringt und etwas will, irgendwo hinaus will, außerhalb des Augenscheinse.
947 2775 2498 2847 Das ist der Glaube, der schließlich alle Qual versöhnend löst. Er durch¬
936 2833 2521 2896 leuchtet Elisabeth Siewerts Welt und läßt sie jedes Große und Kleine dieser
939 2882 2514 2942 Erde mit jenem echten Humor betrachten, der für unsere vergänglichen
940 2927 2515 2989 Schmerzen zuletzt doch immer noch ein melancholisch heiteres Lächeln hat.
1120 2983 2511 3070 MRTHUR Schnitzler hat in einem psychologisch sehr interessanten
1131 3035 2516 3100 literärischen Versuch (der zwar nicht direkt, wohl aber dieses
1127 3091 2514 3175 innern Zusammenhangs wegen in unser Thema gehört) das Problem
1127 3141 2510 3203 behandelt, welche Liebes- und Lebensmöglichkeiten wohl in einem
945 3159 2518 3248 WMenschen schlummern mögen, der im alltäglichen Ablauf einer
949 3239 2520 3298 bürgerlich umhegten Existenz ein unangefochten ruhiges Dasein führt. Eine
947 3297 2518 3362 junge Frau, die den ältern Gatten mit zärtlicher Treue zu lieben glaubt, wird
1607 3342 1648 3366 .
951 3350 2522 3403 von ihm der Freiheit und ihren Fahrnissen preisgegeben, der sie folgen solle,
946 3401 2514 3464 um odas tiefste Geheimnis ihrer Seele zu weckene und zihr Schicksal zu er¬
941 3445 2526 3501 füllenz. Schon der erste Lockruf aus den Klängen einer Hirtenflöte zieht
934 3494 2509 3573 sie nach sich mit unwiderstehlicher Gewalt. Und andere Melödieen tönen
