3392 4256
219 994 383 1077 Die 2
-10 1126 392 1210 Motive des Selbs
3 1189 396 1261 Dr. Bernhaupt sch
0 1240 391 1310 inem, uns noch ve
-4 1290 389 1359 Verknüpfung wirch
1 1340 378 1409 beiden Fällen um
0 1389 390 1452 andelt. Eine rasc
0 1442 395 1507 allerdings in einen
-7 1486 394 1557 Der Dichter Alber
-10 1537 396 1605 Bergsteiger und D
0 1583 374 1652 tümliches Gefühl
2 1639 386 1705 man als erster bes
-2 1685 389 1751 sein ... Man kön
-6 1734 391 1801 ieber unterlassen
0 1776 392 1844 * Wollen wir diese
-1 1831 388 1897 Es ist kein Zweil
0 1880 378 1937 Liebesleben des
1 1932 389 1997 Vergleich auf ein
-1 1977 400 2051 wollte!. Es wären
-1 2029 395 2092 Absturz Dr. Bern
-1 2075 393 2149 sie sind psycholog
94 2128 381 2195 Es ist nicht
0 2165 389 2245 Ihr Gemeinsames
0 2228 376 2296 knüpfung finden,
-3 2281 396 2339 der eine etwas int
3 2322 390 2390 erfüllt. Wir sind
1 2375 394 2443 Zusammenhang,
1 2423 398 2491 so erhebt sich die
2 2474 402 2546 sammenhänge, nach
-10 2521 397 2588 gewöhnt, Verknüp
1 2571 393 2638 rotiker, vornehmli
-10 2619 399 2690 ihnen auf Grund
0 2667 385 2736 Zusammenhänge
-3 2725 394 2788 Assoziationen von
0 2765 392 2836 starke moralische
1 2817 399 2887 folge im Falle Dr.
3 2867 409 2943 habe, die Berufung
113 2964 381 3026 1 Das Symbol
-3 3010 391 3071 analitiker wohl bekan
0 3049 392 3107 Freud konnte das S
2 3089 380 3138 Traumdeutunge, 3.
2 3134 371 3188 selbe Symbolisierung.
-1 3167 386 3238 marcheure) und der W
106 3217 389 3267 2 Ein Hinweis
2 3266 391 3314 jetzt annehmen können
0 3301 389 3355 sIch habe nämlich die
0 3341 338 3394 war, gleichsam als
-2 3376 407 3434 Tod das Eheglück Ge
-9 3419 314 3487 hergestellt wird.
37 3477 252 3547 Imago II/3
2264 125 2698 202 —
1867 195 2335 304 box 36/5
524 209 1733 295 1. Panphlets, Offorints
2658 1109 2755 1160 321
1543 1124 2499 1168 Die Allmacht der Gedankens bei Arthur Schnitzler
1293 1217 2760 1295 Motive des Selbstmordes Korsakows und des Abstürzens des
516 1236 678 1339 amen
1294 1282 2751 1342 Dr. Bernhaupt scheinen sich zu verschlingen, sie stehen in irgend¬
528 1314 684 1379 Graz
1302 1327 2764 1396 einem, uns noch verborgenen Zusammenhang. Diese geheimnisvolle
521 1356 684 1434 einem
1309 1377 2764 1437 Verknüpfung wird klarer, wenn wir annehmen, daß es sich in
1307 1423 2756 1487 beiden Fällen um den Tod eines Nebenbuhlers Friedrich Hofreiters
526 1478 673 1554 den?e
1313 1502 2764 1553 handelt. Eine rasch vorüberziehende Dialogstelle im selben Drama,
518 1540 685 1603 o gut
1311 1526 2757 1589 allerdings in einem anderen Zusammenhang, fällt uns dabei ein.
1299 1573 2762 1644 Der Dichter Albertus Rhon bemerkt zu dem allmählich alternden
527 1585 676 1658 s ge¬
1298 1625 2769 1693 Bergsteiger und Don Juan Aigner: -Das muß doch ein recht eigen¬
1301 1673 2759 1735 tümliches Gefühl sein, so zu Füben eines Turmes zu sitzen, den
551 1665 678 1757 Wer
1297 1731 2764 1792 man als erster besriegen hat und selbst nicht mehr in der Lage zu
1309 1769 2769 1846 sein . .. Man könnte hier einen Vergleich wagen ... den ich aber
538 1773 687 1867 Aber
1312 1825 2764 1892 lieber unterlassen will  Aigner antwortet etwas gereizt:
1317 1879 2763 1936 *Wollen wir dieses Thema nicht lieber fallen lassen, Herr Rhonke
1306 1933 2762 1993 Es ist kein Zweifel möglich, daß hier eine Anspielung auf das
1300 1979 2770 2034 Liebesleben des Direktors vorliegt und der Dichter durch seinen
1316 2030 2770 2087 Vergleich auf eine Impotenz seines Gesprächspartners hinzielen
1311 2068 2720 2134 wollte!. Es wären demnach die beiden Motive (Tod Korsakows —
529 2064 680 2142 einen
1301 2130 2764 2182 Absturz Dr. Bernhaupts) im Unbewußten des Dichters verknüpft,
529 2130 672 2194 e mir
1306 2168 2426 2230 sie sind psychologisch identisch (Motivdoublierung).?
531 2180 679 2242 ver¬
1432 2222 2755 2282 Es ist nicht zu verkennen, daß alle diese Motive ähnlich sind.
533 2234 686 2294 es ist
1317 2264 2761 2329 Ihr Gemeinsames läßt sich in einer geheimnisvoll erscheinenden Ver¬
1314 2321 2772 2380 knüpfung finden, die zwischen zwei Menschen besteht, von denen
530 2342 676 2412 ollen,
1312 2384 2779 2431 der eine etwas intensiv wünscht, was der andere durch seinen Tod
527 2401 671 2470 u be¬
1311 2409 2769 2464 erfüllt. Wir sind nicht abergläubisch genug, einen tatsächlichen
521 2451 677 2512 gunbe¬
1309 2461 2776 2523 Zusammenhang, eine metaphysische Beeinflußung zu glauben, und
536 2502 677 2563 Leute,
1312 2536 2777 2576 so erhebt sich die Frage nach den seelischen Wurzeln solcher Zu¬
536 2549 676 2613 haben,
1319 2560 2768 2623 sammenhänge, nach der Realität des psychischen Erlebens, Wir sind
540 2599 684 2659 leicht
1316 2606 2776 2687 gewöhnt, Verknüpfungen dieser Art in der Analyse gewisser Neu¬
533 2648 690 2715 yper¬
1317 2655 2778 2716 rotiker, vornehmlich Zwangsneurotiker zu finden. Es werden von
530 2698 684 2760 tliche
1323 2733 2777 2780 ihnen auf Grund weitverzweigter Assoziationen die sonderbarsten
535 2748 685 2807 Beant¬
1308 2782 2771 2825 Zusammenhänge hergestellt. Freud hat nachgewiesen, daß solche
525 2797 688 2863 nlicher
1314 2806 2772 2866 Assoziationen von einem geheimen Wunsche getrieben werden, dem
539 2846 701 2915 Weg
1315 2852 2782 2924 starke moralische Bedenken gegenüberstehen. Wir würden demzu¬
529 2896 684 2958 änger
1318 2915 2779 2973 folge im Falle Dr. Reumanns vermuten, daß dieser intensiv gewünscht
529 2946 695 3011 lelden
1309 2953 2772 3043 habe, die Berufung nach Graz zu erhalten und daß in ihm der Ge¬
528 2994 698 3058 erben,
522 3047 693 3107 ntüm¬
1474 3076 2761 3120 Das Symbol des Bergsteigens für den Sexualverkehr ist dem Psycho¬
524 3092 695 3159 ndese
1320 3103 2774 3154 analitiker wohl bekannt. Es findet sich in allen Produkten des Unbewußten.
554 3145 700 3206 junge
1317 3142 2784 3204 Freud konnte das Steigen als sicheres Koitussymbol in Träumen aufdecken.
1316 3191 2781 3240 *Traumdeutungs, 3. Aufl., p. 210 f. Volkslied, Sage und Dichtung zeigen die¬
568 3190 685 3248 ebes¬
1326 3229 2784 3294 selbe Symbolisierung. Ebenso die Sprache (vgl. -Steigers, snachsteigeng, dun vieux
536 3239 705 3305 aß ein
1323 3273 1821 3332 marcheurs) und der Witz.
555 3287 697 3350 vor
1451 3291 2775 3361 2 Ein Hinweis auf den geheimen Sinn des Todes Korsakows (und wie wir
545 3334 698 3400 s Ge¬
1326 3372 2778 3421 jetzt annehmen können auch Bernhaupts) liefert eine Bemerkung Dr. Mauers:
545 3390 696 3451 junge
1335 3393 2784 3444 #lch habe nämlich die Überzeugung, daß Korsakow von der Vorsehung bestimmt
1322 3429 2782 3486 war, gleichsam als Opfer zu falleng, Er denkt nämlich daran, daß durch diesen
547 3438 705 3495 ck mit
1320 3469 2778 3530 Tod das Eheglück Genias und Hofreiters, das in Brüche zu gehen droht, wieder
537 3481 704 3545 es sich
1314 3525 1649 3599 hergestellt wird.
562 3535 697 3601 Die
1371 3582 1581 3646 Imago II/3
3310 132 3399 196 —
