3392 4320
83 226 1279 354 1. Panphlets, offprints
115 1157 1462 1230 zum Weibe lenken, die tiefgehende Einwirkung des Inzest¬
123 1219 1453 1291 wunsches. In unseren Träumen kehrt er verhüllt wieder
117 1306 1457 1348 und wird für den Neurotiker zum Kernkomplex, der sein
109 1361 1461 1411 Scheitern im Leben bedingt. Otto Rank hat in seinem
119 1411 1454 1472 kürzlich erschienenen Buche“)) geschildert, wie diese Phan¬
113 1454 1457 1525 tasie stärkste Impulse für das dichterische Schaffen aller
116 1513 1448 1587 Dichter liefert. Wir werden auch in jener so reizvollen
121 1587 1455 1651 Mischung von Mütterlichkeit und Mädchenhaftigkeit
116 1651 1458 1702 Schnitzlerischer Frauen die unbewußte Fortwirkung kind¬
111 1688 1457 1748 licher Phantasien dieser Art erkennen müssen. Einen
122 1769 1452 1829 schönen Beweis gibt dafür eine Szene des nWeg ins Freieg,
112 1829 1451 1883 welche Georgs Rückkehr zu Anna knapp vor ihrem Mutter¬
124 1869 1459 1929 werden schildert: -Und plötzlich kniete er vor ihr auf den
120 1928 1461 1988 Kies, ihre Hände in den seinen, sein Haupt in ihren Schoß,
122 1989 1456 2056 fühlte, wie sie ihm die Hände leicht entzog, sie auf sein
112 2070 1459 2118 Haupt legte — und dann hörte er sich ganz leise weinen,
113 2105 1456 2170 und es war ihm, wie in süß dumpfem Traum, als läge
116 2165 1460 2242 er, ein Knabe, zu seiner Mutter Füßen und dieser
124 2235 1460 2299 Augenblick wäre schen Erinnerung, fern und
124 2291 1211 2351 schmerzlich, während er ihn durchlebte.e
179 2343 1462 2399 In Arthur Schnitzlers Werken kündet sich ein neues
122 2384 1464 2477 Pathos an: er sieht das Leben nicht metaphysisch, nicht
120 2457 1453 2530 sub specie aeternitatis; sondern unter dem Gesichtspunkte
125 2517 1458 2590 der Sterblichkeit. Das Grundgefühl ist der Fatalismus
127 2575 1459 2641 eines Lebensbejahers. Das einzig ernste Schicksal, das
120 2651 1461 2703 Irdische erwartet, ist der Tod. Die Todesnähe treibt ins
124 2691 1461 2759 Leben zurück. Dieses menschliche Einsamkeitsgefühl (vor
126 2748 1468 2824 dem Hinübergehen) treibt zur Zweisamkeit; treibt die
122 2813 1456 2892 Menschen zu Paaren. Treibt sie dem Taumel zu, dem
123 2889 1465 2939 schmerzlichsten Genuß. Ein gieriges Erleben aller Schön¬
112 2948 1467 2999 heit dieses Lebens, das bestimmt der Güter höchstes ist:
119 2987 1461 3050 vor dem Ende, das uns gewiß ist. Unser Reich ist von
124 3045 1462 3113 dieser Welt. Aus dem „Medardusg nimmt man das Bild
132 3100 1471 3184 eines holden Liebespaares mit; wie diese Zwanzigjährigen
177 3224 1459 3289 *) „Das Inzestmotiv in Sage und Dichtung.e Wien, Fr. Deuticke.
126 3347 246 3413 134
2011 180 2125 240 —
1434 232 1895 332 box 36/5
1698 1170 3032 1234 an den Händen sich halten und dahinwandeln, im Früh¬
1698 1215 2675 1289 ling — den Weg ins dunkle Reich hinab.
1760 1289 3023 1344 Die stärksten, nachklingendsten Worte sind dem Me¬
1687 1332 3025 1406 dardus, diesem reinen, wirren Toren in den Mund gelegt.
1685 1413 3025 1466 Als die enstellte Leiche seiner Schwester aus dem Wasser
1686 1450 3020 1512 gezogen wird, schluchzt er, dem Ehre vor einer Stunde
1695 1510 3025 1575 das höchste Gebot schien, hervor: „Warum bist du nicht
1692 1564 3027 1620 lieber in die Welt hinaus mit ihm, Schwester? .. Schande
1691 1638 3023 1692 — erloschnes Wort! Deine Asche weht in alle Winde
1696 1673 3034 1758 vor diesem Anblicke ... Und hätt’ ich dich in einem
1691 1751 3029 1820 schlechten Haus gefunden mit geschminktem Gesicht, als
1687 1820 3031 1888 feile Dirne,wär’s nicht Seligkeit gewesen gegen jenes Bild,
1697 1860 2364 1928 das nun Wahrheit wurde?e
1755 1942 3033 1991 Eine Schwindsüchtige erlebt in einem Schauspiele
1694 1983 3031 2044 Schnitzlers gierig alles Menschenglück — ehe die Sonne
1690 2034 3028 2090 versinkt. Ein Mädchen vergiftet den totkranken, sie mar¬
1697 2091 3027 2155 ternden Vater, um die letzte Nacht vor dem Tode des
1696 2154 3028 2222 Geliebten ihm zu gehören. Gut und Böse schwinden selt¬
1692 2232 3032 2279 sam angesichts des Todes. Die Worte verlieren ihren
1697 2269 3048 2345 Sinn. Als diese Mörderin den Arzt gut nennt, spricht er
1701 2333 2356 2416 (am Ausgang des Dramas):
1776 2394 3021 2459 „Gut . ich? Ja. So wie Sie eine Sünderin sind.
1698 2446 2972 2523 Und wie diese Entschwundene eine Sünderin war ..
1699 2505 3024 2570 Worte! Ihnen scheint die Sonne und mir und denen.
1688 2562 3028 2628 Der da nicht mehr. Ich weiß nichts anderes auf Erden,
1703 2626 2131 2698 das gewiß wäre.g
1766 2685 3036 2752 Aus solchen Worten, heraufgeholt aus dem tiefsten
1704 2747 3031 2812 Grunde, aus solchen Stimmungen zwischen Todesschauern
1694 2795 3033 2867 und Daseinswonnen, klingt hell und tief, über alle kon¬
1696 2863 3040 2930 ventionellen und moralischen Beschränktheiten hinweg,
1699 2916 2637 2987 reinigend, einigend der Ruf des Lebens.
1772 3122 3042 3198 „Es bestimmt beinahe die Rangordnung, wie tief Menschen zu
1693 3178 2080 3254 leiden vermögen.
2765 3192 3015 3303 Nietzsche.
2910 3313 3040 3389 135
2273 4089 2471 4177 RE
