3392 4256
109 1042 295 1135 De Aul
250 1177 301 1257 0
217 2035 299 2098 hen
150 2135 299 2198 ermächt
207 2188 307 2251 gegel
176 2241 266 2287 n.
231 2529 291 2582 ze
212 2575 309 2641 Ei
231 2627 297 2689 hre
232 2723 311 2783 er
249 2850 312 2939 84
257 2926 301 2979 A
236 3022 312 3074 jes
145 3024 220 3088 en
157 3069 302 3135 im „V
58 3118 308 3185 t, als ihm d
160 3170 319 3230 #triss
-9 3174 91 3230 isch
40 3217 317 3287 Irgendein G
7 3268 304 3328 wir Menschen
3 3317 301 3379 de mir das?
-4 3353 357 3430 himmlische Ge¬
-10 3410 325 3478 en, die durften
-6 3458 327 3557 das eine hat
2148 148 2630 230 —
1792 219 2250 315 box 36/5
446 228 1630 347 1. Panphlets offbrints
2639 998 2759 1076 331
1545 1034 2497 1089 DieAllmacht der Gedankens bei Artkur Schnitzler
1291 1141 2757 1221 Dichter eigene Regungen, denen sein Bewußitsein den sonstigen Aus¬
442 1163 723 1241 der Wunsch
1296 1206 2755 1286 gang sperrt, durch den seelischen Mechani us der Projektion nach
440 1224 720 1293 leben lassen.
1296 1241 2760 1337 außen stellt, objektiviert. Auch die Paranoiker tun dasselbe, auch
435 1274 726 1340 Her Wunsch¬
1305 1291 2762 1378 sie sehen sich von den eigenen Regungen, die Personen geworden
452 1323 736 1390 ist. Durch
1306 1351 2767 1424 sind, umringt. Nur fehlt ihnen die intellektuelle Kritik, diese
435 1371 728 1443 nze Lebens¬
1310 1389 2771 1471 Personitizierungen als solche zu erkennen, Bei dem Dichter, den
432 1419 728 1490 troffen. Daß
1315 1433 2768 1518 die eigenen Gestalten bedrohlich werden, wehrt sich die Kritik
436 1473 736 1537 rd uns nicht
1306 1483 2774 1567 gegen dieses Lebendigwerden und sucht es als „Spiel der Einbildungs¬
435 1522 729 1581 wünscht hat.
1496 1531 2770 1622 — wie Kant sagen würde — zu erkennen. Dennoch läht
1309 1569 1459 1627 krafte
437 1571 728 1633 edanken im
1315 1586 2765 1664 sich der Pfad, der von solcher Selbstherrlichkeit der Phantasie¬
449 1622 725 1682 okönnte es
1316 1639 2650 1728 geschöpfe zum Wahne der Paranoiker führt, nicht verkennen.
435 1668 724 1743 l dämonisch
1425 1693 2774 1763 Hier ruhen, wie mir scheint, die seelischen Wurzeln jenes
445 1719 724 1785 Schnitzlers
1311 1731 2772 1806 Schwankens zwischen Wirklichkeit und Phantasie, zwischen Scheir
446 1767 725 1840 rztes. & Ein
1324 1785 2776 1868 und Realität, zwischen Wachen und Traum, das den Dichtungen
453 1817 726 1884 Dichter die
1320 1839 2595 1921 Arthur Schnitzlers so off die charakteristische Note gibt.
444 1863 728 1932 zerstörenden
1452 1903 2776 1958 Wir wissen auch, daß die Regungen, welche den Dichter zum
444 1918 730 1989 umt weinend
1315 1945 2775 2014 Personihzieren zwingen, selbstsüchtige und sexuelle sind, die mit
451 1967 728 2036 die schönste
1324 1979 2770 2056 seinem moralischen Bewußtsein unverträglich sind. Das Leben¬
448 2017 737 2080 bt auf einer
1323 2057 2785 2101 annehmen, das Schwinden des Scheincharakters bedeutet nichts anderes.
446 2054 733 2127 Der Dichter
1319 2092 2783 2168 als das Übermächtigwerden dieser unbewußten Strebungen. Es
448 2116 726 2181 icht hemmen.
1333 2130 2781 2219 zeigt, daß sie gegen den Willen des Dichters Macht über ihn ge¬
448 2164 725 2232 lieses Todes.
1326 2190 2784 2264 winnen wollen. Mit einem Wort: daf die Dichtung als seelische
450 2214 726 2280 1 Natur be¬
1331 2233 2778 2306 Abzugsquelle nicht mehr genügt und sie sich dennoch durchsetzen.
437 2260 729 2333 u vollender
1477 2301 2793 2361 Wir sind von eigentümlichen typischen Motiven der Schnitz¬
457 2313 731 2382 Zettel sagt:
1331 2335 2788 2399 lerschen Dichtung und ihrer Analyse ausgegangen und haben uns
454 2367 732 2428 Bermann in
1338 2400 2790 2466 fast in ihr zentrales Gebiet vorgewagt, das die Unverträglichkeit selbst¬
439 2413 729 2483 stalten eines
1324 2426 2796 2488 süchtiger und sexueller Wünsche und der Selbsterziehung zu
452 2464 729 2524 ie Phantasie¬
1329 2482 2785 2559 sozialem Leben zeigt. Konnten wir die „Allmacht der Gedankene
456 2514 742 2581 Dichter wie
1336 2522 2800 2598 auf narzißtische Einstellung des Dichters, auf die Libidobesetzung
1343 2571 2796 2650 des Ich zurückführen, so bleibt uns die Aufgabe zu zeigen, welche
1328 2619 2795 2703 Mittel zur Uberwindung dieses Glaubens und dieser Einstellung
1342 2670 2801 2755 herangezogen werden. Wir haben zu beweisen gesucht, daß sich
1344 2724 2804 2807 hinter der „Allmacht der Gedankens sogenannte aböseg Kegungen
1337 2775 2801 2847 verbergen. Als ein Versuch, sich mit diesen Regungen auseinanderzu¬
1339 2817 2801 2903 setzen, sie als allgemein menschliche zu erkennen und der bewußten
1341 2870 2808 2936 Verurteilung zum Zwecke der Sublimierung zu unterwerfen, stellt
1337 2931 2803 3004 sich der Determinismus dar, der die größere Hälfte der Schuld den
1352 2985 2088 3056 unglückseligen Gestirnen zuwälzt.
462 3003 738 3076 wir sie als
1468 3006 2806 3099 Georg im „Weg ins Freies hat sich die schwersten Vorwürfe
449 3063 743 3135 r Macht, die
1343 3070 2810 3133 gemacht, als ilm das Kind — wie er glaubte durc seinen eigenen
443 3121 744 3183 ausüben, zu
1367 3123 2808 3199 Wunsch — entrissen wurde. Er beruhigt sich durch die Erkenntnis:
1472 3173 2811 3243 zlrgendein Gesetz ist wirksam, unbegreiflich, unerbittlich, an
460 3200 746 3280 ist, an der
1345 3214 2813 3291 das wir Menschen nicht rütteln können. Wer darf klagen: warum
1781 3274 2812 3341 .Ein bis zwei Prozent trifft es eben, das ist
449 3269 743 3335 en, daß der
1354 3289 1752 3358 gerade mir das?
1354 3311 2811 3385 die himmlische Gerechtigkeit. Die Kinder, die da drüben im Garten
448 3331 750 3401 iich Flaubert,
1353 3374 2810 3439 lachten, die durften leben. Durften? Nein, sie mußten leben, so
446 3383 671 3442 en davon.V
452 3391 760 3493 ychoanal.e 1912
1356 3410 2824 3502 wie das eine hat sterben müben nach dem ersten Atemzug, be¬
