3392 4256
1951 83 2328 167 ——
1542 161 2003 258 box 36/5
192 174 1390 296 1. Panphlets offprints
1425 1047 1702 1132 Theodor Reik
827 1045 933 1136 324
827 1186 2270 1270 in *Der Schleier der Beatriceg als Filippo Loschi trotz seiner Bitte
814 1248 1448 1309 nicht zu ihm kommen will:
1070 1309 1989 1368 „So haben meine Wünsche keine Kraft mehr!
1074 1354 1945 1417 Und gab doch eine Zeit, da kaum gedacht,
1067 1407 1867 1469 Nicht ausgesprochen jeder ward erfüllt.
1071 1438 2042 1494 Nicht Wunder nahm's mich, wär’ Filippo Loschi
1073 1489 1890 1539 Mir auf den Weg begegnet den ich kam
1808 1540 1863 1592 „K
1064 1535 1777 1600 Nein, früher in Neapel oder Rom
953 1599 2281 1653 In „Frau Berta Garlang stellt die Heldin einen Zusammen¬
823 1650 2295 1707 hang zwischen der Erkrankung ihrer Freundin und ihren eigenen
826 1689 2297 1752 Hoffnungen her, die sich auf einen fernen Geliebten beziehen. Und
826 1751 2291 1800 zwar ist das Wesen dieses Zusammenhanges eine gegenseitige Be¬
827 1787 2290 1860 einflussung: Wieder war ihr, als würden durch die Erkrankung
840 1836 2307 1897 Annas ihre eigenen Hoffnungen beeinflußt: wenn Anna gesund wäre,
840 1896 2292 1963 müßte auch der Brief schon da sein. Sie wußte, daß das ganz un¬
833 1953 2287 2004 sinnig war, aber sie konnte sich nicht dagegen wehren.& An einer
838 1993 2295 2046 anderen Stelle: „Ob Anna auch hätte sterben müssen, wenn heute
840 2045 2299 2098 ein anderer Brief von Emil gekommen wäre. & Höhepunkt und Peri¬
836 2082 2294 2150 petie des Romans „Der Weg ins Freieg sind solchen Zwangs¬
840 2147 2297 2199 gedanken und Vorwürfen gewidmet, die eine Allmacht der Gedanken
837 2194 2291 2249 unzweideutig zur Voraussetzung haben. Georg hat Beziehungen zu
841 2229 2289 2278 einem jungen Mädchen angeknüpft und dieses ist schwanger geworden.
843 2281 2294 2336 In den letzten Wochen hat Georg eine kleine Erholungsreise ge¬
845 2351 2288 2399 macht und kehrt zurück, knapp bevor die Wehen bei Anna ein¬
847 2387 2294 2441 setzen. Das Kind stirbt sofort nach der Geburt, es ist von der
837 2426 2304 2482 Nabelsamur erdrosselt worden. An den Tod seines Kindes schließen
849 2477 2307 2534 sich für Georg Reflexionen, die immer mehr einen unlustbetonten
838 2526 2305 2584 Charakter annehmen. Das Resultat dieser Gedankenreihen wird in
848 2586 2304 2640 einem Gespräche offenbar, das Georg mit seinem Freunde Heinrich
850 2635 2304 2685 Bermann führt. sIch will Sie was fragen Heinrich, aber lachen Sie
841 2678 2304 2737 mich nicht aus. Halten Sie es für möglich, daß ein ungeborenes Kind
851 2725 2301 2782 daran sterben kann, daß man es nicht so herbeisehnt, als man es
851 2786 2296 2830 sollte, an zu wenig Liebe gewissermaßen?g Namentlich im Sommer
852 2832 2304 2887 während eines Aufenthaltes an einem schönen See hat er des Kindes
838 2868 2307 2925 und der Mutter vergessen — so vergessen, daß er eine tiefe Leiden¬
843 2929 2297 2986 schaft für eine andere Frau faßte: 2Es gibt Momenter gesteht er,
853 2975 2316 3031 oda kann ich mich des Gedankens nicht erwehren, daß zwischen
843 3020 2313 3073 jenem Vergessen und den Tod meines Kindes irgendein Zusammen¬
848 3066 2302 3143 hang bestehen müßte. Halten Sie so was für vollkommen aus¬
855 3120 1163 3190 geschlossen?e
968 3150 2305 3216 Ein solcher Zusammenhang ist nach unserer psychoanalytischen
848 3214 2305 3276 Einsicht wohl da, er ist nur kein realer, sondern ein psychischer,
857 3265 2307 3327 eine Verknüpfung des seelischen Lebens. Bevor wir aber diesen Zu¬
853 3327 2317 3384 sammenhang des näheren zu erklären versuchen, müssen wir eine
857 3372 2189 3427 literarische Reminiszenz erledigen, die sich uns hier aufdrängt.
970 3426 2313 3478 In Ibsens „Baumeister Solnessg ist eine ähnliche Situation.
841 3467 2320 3528 Auch dort Gewissensbisse des Baumeisters, der das Hinsiechen und
