3344 4352
1452 176 1903 252 box 34/6
244 186 1286 283 7. Der gruene Kakadu
525 1056 1505 1145 Angöburger Josezy
579 1201 836 1281 3-FER. 1919
1289 1231 1464 1296 DATESES
1708 1239 2501 1309 NOMMÉTÉE DÉGÉLE DÉFÉLÉRÉLES
1644 1309 2731 1370 dem Ausbruch der Liebesinbrunst zu einer deutschen Stu¬
844 1291 1253 1393 Feuilleton.
1648 1341 2727 1406 dentin absehen: es summt der Terkessel und die Men¬
1654 1378 2727 1428 schen reden sich in eine wahre Elstase hinein wegen der
758 1389 1391 1462 Münchener Nationaltheater.
1647 1423 2735 1484 Dinge, die hinter ihrem Rücken geschehen und in der Zu¬
596 1447 1599 1508 Das Schauspiel hat über drei Ereignisse zu berichten.
1647 1455 2727 1529 kunft noch geschehen sollen. Die Onintessenz ist, daß sich
513 1497 1615 1542 Er brachte im Kleinen Haus eine neu einstudierte
1653 1494 2728 1557 drei Frauen um einen Mann, drei Weibchen um ein
533 1532 1609 1582 Aufführung von Schnissers Einaktern: „Die große
1655 1533 2732 1602 Männchen, raufen und anleisen Das Wertgesecht zwischen
570 1571 1608 1620 zene“ und „Der grüne Kakadu“, zwei älteren
1650 1573 2711 1632 der russischen und der deutschen Studentin ist gar so
528 1623 1614 1662 Stücken, über die bei ihrer Erstaufführung hier schon ge¬
1651 1620 2722 1670 nüchtern verstandesmäßig, daß dieser Akt kalt ab ällt gegen
530 1653 1610 1690 suchen worden ist. Es gab diesmal einige Neubesetzungen.
1645 1649 2726 1721 den viel geschickter und strafser komponierten 1. Akt und
531 1690 1605 1735 Schade, daß Intendant Schwanneke die Role des
1636 1695 2726 1756 die magere Handlung statt anzuschwellen, immer dürrer
532 1727 1607 1768 Theaterdirektors im ersten Stück nun an Herrn Stett¬
1651 1736 2731 1795 und lebloser wird. Gespielt wurde gut. Frl. Bierkowski
514 1767 1611 1817 ner abgetreten hat, dessen mauschelnder Jargon und sor¬
1641 1775 2726 1848 und Frl. Hohorst und Herr Janssen gaben ihr
1651 1801 1782 1859 Bestes.
522 1806 1607 1867 cierter Humor auf die Dauer unerträglich ist. Herr Schwan¬
514 1843 1601 1896 neke hatte eine viel gemütvollere, natürliche Art, und wir
1719 1845 2718 1894 Die Aufführung von Hebbels „Judith“ am 3. Fe¬
512 1883 1611 1923 können es nicht verstehen, warum nun gerade er nicht meh:
1646 1874 2715 1955 bruar im Großen Haus sollte Frau Durieur in
523 1924 1607 1971 uns erfreuen soll, während der Spielleiter, Herr Stein¬
1651 1924 2710 1969 der Titelrolle Gelegenh'it geben, sich dem Publikum vor¬
514 1969 1608 2010 rück, den ganzen Abend nach seines Herz ns Lust auch
1649 1961 2621 2012 zustellen. Die übrige Besetzung war die bisherige,
2620 1980 2719 2022 nur
515 2000 1609 2052 als Darsteller beherrschen darf. Das ist keine demokrati¬
1649 2003 2725 2066 fiel uns auf, daß Herr Steinrück als Holofernes dies¬
520 2046 1612 2091 sche Gerechtigkeit, zumal Herr Steinrück wahrhaftig nicht
1642 2041 2713 2099 mal sich merkwürdig zurückhielt oder nicht recht im Zuge
642 2078 1603 2126 jedermanns Geschmack ist. Wer wird den
1617 2097 2719 2144 .war. Das Publikum aperlandierte lebhaft dem Gast. Frau
524 2119 1601 2156 künftig zähmen und seinem Hang zu Uebertreibungen. an
1641 2117 2719 2180 Durieux ist eine Indith, die hoch über den hiesigen Ver¬
524 2156 1598 2199 denen er es wiederum nicht fehlen ließ, steuern? Das
1635 2160 2718 2219 treterinnen der Rolle steht. Sie hat sie zu ihrer Parade¬
513 2199 1599 2241 Revolutionsstück „Der grüne Kakadu“ war sozusagen ganz
1636 2199 2711 2257 rolle gemacht und sich in ihr bereits im Künstlertheater
519 2240 1596 2283 auf Provokation eingestellt, so daß es sogar eine politische
1633 2237 2720 2298 mit Paul Wegener und im Residenztheater mit Steinrück
512 2287 1600 2325 Mißsallenskundgebung im Publikum heroorrief. Ein Zei¬
1641 2282 2714 2318 gezeigt. Mit ihrer großen Sprechkunst vermag sie beim
510 2319 1597 2367 chen, wie vorsichtig auch eine Bühnenleitung bei dieser
1638 2317 2724 2378 ersten Hören zu blenden, aber gar bald gewinnt man den
522 2356 1599 2401 Hochspannung der öffentlichen Meinung hantieren muß.
1640 2347 2717 2414 Eindruck, wie einstudiert alles ist und daß die Kraft der
512 2388 1594 2442 Und welche sozial=pidagogische Bedeutung die Bühm hat!
1637 2387 2711 2456 Leidenschaft und des Pathos nur in ihrer Kehle sitzt.
525 2422 1603 2466 Aehnlich war es bei dem Trama von Speyer „Der Revo¬
1639 2431 2720 2478 Ob diese eigenartige, eigenwillige und anspruchsvolle künft¬
509 2469 1599 2501 lutionär“, wo eine Tirade gegen die Unfruchtbarkeit re¬
1629 2477 2713 2530 lerische Persönlichkeit sich leicht in das Ensemble ein¬
511 2505 1598 2543 lutionärer Niederreißerei sofort auf of ener Stene l'bhaft
1644 2507 2710 2571 fügen und mit ihren Rivalinnen übereinkommen werde,
506 2546 1595 2594 applaudiert wurde. Sehr gut war Herr Janssen im
1625 2544 2715 2590 ist eine Frage, die auch der Spielleitung erst die Praxis,
514 2591 1586 2636 „Grünen Kakadu“. Frau v. Hagen hat ihre Rolle ver¬
1632 2588 2716 2643 beantworten muß. Zweifel sind sehr berechtigt. Demokralisch
514 2624 1599 2658 wachsen. Die wäre etwas für Frrn. Rietscher, wenn diese
1629 2635 2706 2687 wäre es allerdings, wenn jetzt auch Herr Stein:ück selbst
520 2663 1608 2720 Künstlerin sich im Sprechen und Benehmen nicht gar zu
1640 2662 2706 2726 irgendeinen, der „fremden Götter“, neben sich auf den
510 2697 893 2750 salopp gehen ließe.
1631 2708 2710 2767 Thron erken wurde. Aber darauf kann man lange
586 2731 1595 2779 Am 1. Februar wurde im Kleinen Haus zum ersten
506 2778 1601 2833 Male das Drama „Der Revolutionär“ von Wilh.
510 2811 1607 2871 Speyer gegeben. Es ist nicht so blutrünstig, wie sein
517 2857 1608 2915 Titel glauoen läßt, sondern mehr mit dem klügelnden
514 2892 1596 2950 Verstand, als mit dem leidenschaftlichen Herzen geschrieben
515 2936 1605 2986 und schildert den seelischen und sittlichen Zusammenbruch
511 2977 1591 3027 eines russischen Freiheitshelden, der im Zwiespalt der
505 3009 1570 3067 Liebe zu seinem Volke, zu einer Heimat und zu drei (1)
506 3044 1599 3088 Frauen zuletzt zur obligaten Pistole greift und in den
508 3085 1594 3142 Armen seiner schlampigen Studentenwirtin — es spielt
516 3120 1614 3188 in Leipzig — seelenvoll verröchelt. Außer zwei Geisterere
510 3157 1592 3222 scheinungen — den materiasisierten Gewissensbissen des
506 3216 1607 3270 „Selben“ — passiert nichts auf der Szene, wenn wir von
