3436 4192
1433 172 1917 272 box 34/6
238 186 1309 302 7. Der gruene Kakadu
1189 1008 1294 1098 4
248 1067 1171 1207 Ichsische Staatszeitung. Dresden
834 1194 1169 1281 ...
721 1335 1172 1458 12 SEP.1932
1688 1500 1947 1597 Immeuble
1501 1571 3308 1684 Weiring gab Hr. Albert Willi. (Die Schluß-1 Epernhaus. (v. Flotows „Martha“.) Die
1516 1638 3299 1700 worte: „Sic kommt nicht wieder!“ blieben fast Besetzung der Rolle des Plumkett bot Gelegen¬
624 1594 1516 1722 Wissenschaft und Kunst.
1518 1665 3304 1743 ungehört.) Der „Herr“, der das Junggesellen= heit, den neu verpflichteten Bassisten Willy
1508 1704 3317 1805 tdyll bei Fritz Lobheimer — mit Rosen, Vös= Baader in einer Spielpartie zu sehen, und da
392 1743 672 1832 Kumminutu
2395 1766 3306 1836 mußte er natürlich in den Schatten Ludwig
691 1775 2411 1832 Schnitzler=Abend in der Neustadt. lauer Rußlich und Musik, die übrigens in
2400 1808 3309 1881 Ermolds treten, der ihm die Gabe des Hr¬
442 1798 652 1891 ’Bsnv∙f
1516 1820 2414 1892 der Neustadt auch nicht viel Wienerisches an sich
703 1819 1531 1880 Der Kaffenerfolg des „Reigen“ ermutigte das
2407 1847 3312 1916 mors voraus hat. Dann wirkte aber auch der
1528 1876 2416 1929 hat — brüsk aufklingelt, müßte hereinbrechen wie
623 1872 1521 1945 Neustädter Schauspielhaus zu Schnitzler=Inszenie¬
626 1900 3307 1966 rungschaft gab — zum ersten Male -- die das leibhaftige Nennemurtten; müßte plötzlich vor spulde Stimmklang für den Eindruck nachtheilig.
1524 1941 3304 2011 dem Buben aufwachsen wie der eisige Tod. (E=) und so konnte man schließlich die Frage nicht
629 1961 1537 2022 „Liebelei“ und den „Grünen Kakadu“. Was die
1524 1982 3300 2058 sah man ihn in Wien von Mitterwurzer.) Herr (unterdrücken, welchen Platz in unserem Ensemble
621 2002 1536 2055 erstere betrifft, fällt sogleich eine kleine Ver¬
1531 2030 3301 2100 Werner Rasael ist von Anfang an ge- der anscheinend noch junge Sänger einnehmen
625 2048 1530 2114 Schiedlung in Theaterzettel auf, der das Stück
1528 2078 3301 2150 kränkler Gatte. findet sich erst kurz könnte; denn davon, daß er kein seriöser schwarzer
631 2098 1525 2151 in der „Gegenwart“ spielen läßt: wo es sich doch
2416 2115 3315 2182 Baß ist, hatte man sich schon bei seinem Sarastro
1526 2126 2424 2211 vor Abgang in die grausige Härte der
631 2139 1526 2205 vielmehr um das Schauspiel der Wiener Gene¬
2414 2166 3306 2226 überzeugen können. Im übrigen machte man an
1867 2170 2417 2246 als Kontrastbild zu dieser
1524 2182 1789 2241 Gestalt, die
636 2182 1524 2241 ration von 1894 handelt. Auch seelenklimatisch
632 2211 3303 2269 Et das Stück mannsponieres: ins Allgemein=Nord= aufgeführten Welt jungenhafter warenstor: Enq. dern Abend wieder einmal die Wohnnehmung, wie
1785 2237 3303 2324 keine Spur von Gefühlsleben wichtig für die Spieloper die Pflege der Stimm¬
1532 2273 1745 2331 sindeleien
634 2274 1526 2327 deutsche, in dem die paar Dialekltöne von der
627 2323 3292 2352 Wieben hif es ertrücken. Schnötzlerisch und wie- u.werten dorf. Eine tüchtige Verzältnsschen von kalktur und ungekehrt für diese wieder die Pflege
639 2357 3307 2428 nemisch sind eigentlich nur die Mezi Schlager der Grund ist Marie Leutz, aber für den wienerischen der Epielchen ist. Der Mangel der Kunst des
2409 2391 3264 2450 Parlando, des Sprechens auf den Ton, das für
626 2403 2425 2463 Lydin Busch (die hier sogar ganz hervorragend Himmelsstrich auch wiederum etwas zu spitz und herb.
2403 2433 3249 2497 die Klangwirkung der Ensembles Voraussetzung
1583 2447 2424 2500 Im zweiten Stück: „Der grüne Kakadu“ ver¬
637 2440 1545 2507 ist, stellenweise von einer sabelhaften Rouliniert¬
1537 2480 3277 2541 nißte man die Entschlossenheit der Regie (Leo den Werken dieser Gattung N. liß nicht nur da
630 2495 1538 2548 heit) und Wilhelm Straube als Theodor (mit
1524 2522 3285 2587 Mittler), den Kensikt zwischen lockerem Spiel Vertrete. der Rolle des Plumkeit häufig völl
634 2543 1535 2601 einer starken Dosis Anatol). Für den unseligen
1538 2591 3291 2643 und lobender Wirklichkeit, aus dem diese Gro- umhörbar werden, sondern auch den Sänger der
640 2576 1529 2640 Fritz Lobheimer, an dem die schlimmen Folge¬
2418 2615 2780 2692 Partie des Lyonel.
629 2618 2416 2689 erscheinungen jener bekadenten Wiener Mischung teske geboren wurde, reßlos auszutragen. Die
644 2664 2421 2721 von Beichmütigkeit und moralischer Schlappheit Schauspielerei in Prospères Keller zum „Grünen
2522 2646 3268 2725 — (Richard Wagners „Meistersinger
639 2709 2418 2765 demonstriert werden sollen, fand Ludwig Unger Kaladu“, okkupierte die Wirklichkeit, und diese
2418 2706 3263 2777 Den David gab gestern zum ersten Male Han
628 2752 2411 2813 nicht die adiquate Form; statt der tragischen Über¬ selbst kam dabei zu kurz. Nur ganz schwach
2419 2756 3258 2826 Lange. Die Grenze der Berufung für
1527 2803 2415 2860 drangen die Klänge der Marseillaise in diesen
635 2804 1540 2857 mannung eines jünglinghaften Lebensspielers durch
2412 2793 3304 2869 Fach des Spieltenors, das er vertritt, liegen
633 2847 3314 2893 die unterstückliche innere Wahrheit der Dinge schemenhaften Vereich. Ein paar macharte Typen: der Beschränkung seines sämmlichen und gebe
1542 2896 2420 2946 der Vicomte und Vergnügungsrat von Nogeant
641 2886 1539 2942 sah man konstante Verdatterung eines puerilen
2404 2890 3253 2954 technischen Vermögens. Der David liegt auf
1534 2937 2422 2987 (Wilhelm Straube), der gehörnte Marquis
646 2919 1538 2994 Erotikers. (Im zweiten Stück, als leidenschaft¬
2410 2934 3302 3006 halb dieser Grenze. Zum mindesten, wenn r
640 2981 2423 3040 licher Liebhaber einer Krkotte und Mörder des von Lausac (Ludwig Maeder) und seine Frau
2420 2979 3246 3041 an eine erste Vertretung des Fachs denkt,
1530 3026 2418 3077 Séverine mit dem sadistischen Tick (Friede¬
644 3020 1549 3086 Herzogs von Cadignan, ist dieser Darsteller er¬
2417 3018 3259 3084 man sie hier von Schloß, Marchion, Hofmüller
1529 3066 2421 3126 rike Lehner), der Wirt Prospère (Robert
2422 3067 3300 3137 an bis Rüdiger gewöhnt war. Das hindert 1
638 3068 1549 3145 heblich besser.) Eine ausgesprochene Fehlbesetzung
634 3116 2436 3175 war die Christine des Frl. Kristl. Schwer=Marlitz), der bereits genannte Henry des
2421 3121 3266 3181 natürlich nicht, die fleißige und tüchtige Leist
645 3140 3292 3213 bildig, mit dem Verstand arbeitend, ohne die Herrn Unger und seine Décendie (Irma anzurekennen, die der Künstler bot, und es
1739 3194 2432 3256 Sehr geschickt der Strolch und
2413 3197 3246 3268 begrüßen, daß man jedenfalls in ihm einmal ei
636 3201 1759 3256 lockende Leichtschwebigkeit, die selbst diese senti¬
648 3239 3246 3306 meutete Spielart des „lüßen Wildels“ noch mit Tautermücher Grain Walter Stroms. Der zweiten Vertreiben besitzen wird, wenn auf
650 3283 3301 3363 ihneren umsagbaren Zauber auspünkt, spielte sie Spielleitung ist naherzulegen, daß es dem Schmizkeo¬ Eschme für diese wichtige Ruße wieder eine
1529 3333 2427 3389 schen Pessimismus mißverstehen heißt, wenn man
635 3338 1546 3388 mehr eine nordische Louise Millerin, als die
2421 3337 2932 3417 Kraft zur Verfügung steht.
1535 3376 2430 3436 redselige citoyens, die der Bastillensturm begeistert,
640 3379 1534 3442 Wiener Musikerstochter, deren seelischer und
2861 3385 2967 3460 Imeuble
1597 3425 2425 3489 geflissentlich als großmäulige, blutrünstige
644 3432 1549 3488 sprachlicher Dialekt ihr völlig fremd ist. Einen
1538 3424 1615 3477 so
3203 3439 3313 3512 2
636 3450 2459 3545 brauen, aber etwas zu gedämpften Musiker Trunkenbolde sich gebürden läßt. Max Adler
