3344 4352
1410 160 1888 265 box 34/6
927 184 1106 250 Kak
220 180 1272 287 7. Der gruene hanadu
1669 1407 2779 1470 Um nur eine Einzelheit zu nennen, so wird eine Volks¬
556 1429 1668 1486 gewordenen mir auf den Leib zu hetzen. Irene Triesch
1676 1460 2783 1525 menge, die eben vom Bastillensturm her, bluttrunken
549 1461 1666 1533 ist schlank, wie eine Christine es sein muß. Sie giebt
1691 1511 2792 1560 in eine Spelunke einbricht, wesentlich anders sich ge¬
559 1511 1658 1572 die Gestalt in ganz einfachen, schlichten Linien. Sie
1687 1554 2777 1614 berden, als die Statistentruppe des Deutschen Theaters.
561 1570 1657 1622 ist lauter Hingabe, lanter sanfte Rührung, das liebende
1679 1607 2783 1665 Es ist selbstverständlich, daß in solchen Punkten
553 1611 1663 1674 Mädchen katexochen. Agnes Sorma bot ein reicheres
1691 1657 2782 1714 die Wirklichkeit jeder Nachahmung spottet. Etwas mehr
559 1668 1661 1726 Bild, sie bot mehr Einzelzüge und ein wenig Lokal¬
1686 1714 2790 1769 an Wildheit, an Aufregung könnte immerhin das
558 1711 1657 1774 färbung. Adele Sandrock war pathetischer, ten¬
1679 1753 2789 1800 Theatervolk sich leisten. Rosa Bertens als Marquise,
561 1760 1655 1818 denziöser. Aber in der Gesamtstimmung wirkt Irene
1694 1808 2787 1860 Fischer als Wirt, Rittner als Strolch gaben Vollendetes.
559 1812 1650 1867 Triesch geschlossener, und an Feinheit des Em¬
1683 1853 2793 1906 Auch Kayßler suchte als Herzog Kadignon etwas Eigen¬
563 1853 1662 1918 pfindens, an Zartheit des Ausdrucks steht sie keiner
1684 1889 2793 1966 artiges hinzustellen. Sommerstorff war nicht so über¬
553 1906 1663 1989 Rivalin nach. Nicht in jedem Zuge kann sich die
1681 1937 2799 2017 schäumend wie Kainz, den großen Zug aber hatte seine
560 1949 1665 2020 Neuaufführung mit der Erstauffiihrung messen, als
1688 2000 2095 2078 Leistung ebenfalls.
2481 2002 2764 2076 Heinrich Hart.
555 2004 1668 2068 Ganzes erschien sie mir ein wenig blasser und matter,
561 2055 1668 2118 so meisterlich auch Rittner, Reinhardt, Fischer ihren
561 2095 1660 2165 Part durch= und zu Ende führten. Jenny Rauch als
550 2151 1668 2215 Mizi hat nicht das Saftige, Derbe, Vollblütige Gisela
1828 2148 2644 2254 Volkstheater in München.
566 2202 1664 2263 Schneiders, aber sie wirkt ebenso echt und bestrickend
2173 2238 2296 2294 Bon
559 2250 1671 2318 und rein künstlerisch, vielleicht noch eigenartiger in
2045 2286 2427 2373 Josef Rnederer.
557 2300 1587 2374 dieser Verbindung von Gamin und süßem Mädel.
1772 2361 2791 2448 is ist am Ausgang der Katastrophe, eine Stunde
1697 2404 2787 2506 vor der Hinrichtung Martin Schalanters. Hutterers
596 2417 1656 2499 Im „Grünen Kakadu“ ist Schnitzler eigentlich wenig
1682 2488 2789 2551 sterbende Tochter, die an den reichen Stolzenthaler
557 2490 1664 2545 er selbst. Von dem, was seine Eigenart ausmacht,
1684 2540 2788 2595 Verkaufte, schenkt eine Blume der Josefa, die an viele
564 2535 1660 2595 steckt nicht sonderlich viel darin. Aber gerade deshalb
1685 2588 2800 2646 Verkaufte. In Lampen schleichen die alten Schalanters
564 2590 1657 2648 leistet er hier seltsamerweise mehr als sonst. Der
567 2628 1657 2691 Stoff hebt ihn gleichsam über sich selbst hinaus.
1693 2637 2789 2696 hinter dem Gartenzaun herum. „Mir hab'n a Unglück
1693 2688 2791 2740 mit dö Kinder," stöhnt Frau Barbara. „Ja, ja, mir
570 2684 1661 2741 Freilich nicht allzu sehr und nicht in jeder Hinsicht.
557 2735 1664 2784 Jedenfalls ist das kleine Werk ein Virtuosenstück, wie
1695 2740 2791 2811 mit sö oder — sö mit uns," sagt er darauf und schaut
556 2783 1671 2843 es vom rein theatralischen Standpunkt aus kaum
1685 2778 2797 2849 stier auf seine Umgebung. Dann gehen beide zur
565 2830 1661 2885 besser zu wünschen ist. An Geist, Temperament,
1686 2826 2796 2892 Fronveste. Doch der Sohn läßt sie nicht mehr herein,
559 2888 1669 2951 revolutionärem Geprassel enthält es genau die
1681 2885 2791 2946 und als ihn sein Seelsorger und Jugendfreund auf
562 2928 1661 2983 Dosis, die der Durchschnittszuschauer eben noch
1688 2925 2798 3004 das vierte Gebot weist, sagt er: „Mein lieber Eduard,
556 2970 1660 3030 verträgt. Die Aufführung des Stückes giebt
1677 2975 2789 3035 du weißt nit, daß's für manche ’s größte Unglück is,
554 3021 1664 3090 viel, wenn auch nicht alles. Sie vertrüge noch
1693 3027 2802 3083 von ihre Eltern erzogen zu werden. Wenn du in der
565 3075 2787 3161 grellere Lichter, noch kräftigere Höllen=Breugheistimmung. Schul den Kindern lernst. Ehret Vater und Mutter,
1971 3157 2065 3243 de ses
2812 1407 3304 1478 so sag's auch von der K
2818 1456 3238 1528 danach sein sollen."
2858 1507 3317 1576 Sind das die Töne e
2805 1556 3311 1621 nur auf ein Vorstadtthea
2822 1608 3314 1668 familien mit den Butte
2814 1657 3322 1726 Taschentüchern im Parke
2816 1707 3300 1768 erbittlichen Wahrheiten
2829 1753 3316 1822 wofür die beste Darstel
2822 1808 3312 1877 gerade gut genug ist?
2828 1848 3312 1925 wegs Gebildeten heute
2816 1904 3322 1969 erkläre ich, daß ich an
2812 1946 3321 2019 meinen Willen gedrängt
2824 1999 3318 2060 Münchener, die immer
2832 2042 3335 2112 was sie mit Anzengrube
2856 2101 3318 2170 Um etwa fünfzehn Jah-
2822 2143 3328 2211 mals führte das Theat
2821 2190 3313 2262 in München ein. Die
2814 2244 3314 2304 eigentliche Volkstheater
2820 2295 3328 2349 In diesem Sinne ward
2811 2339 3333 2407 von einer Aktiengesellsch
2818 2389 3323 2459 Sinne spielte sie Operet
2810 2435 3330 2504 und den bekannten ober
2812 2494 3326 2561 trutzigen Maderl und tre
2822 2540 3330 2614 gutem Erfolge, besonder
2818 2584 3277 2642 „Das vierte Gebot"
2819 2628 3339 2711 lehnung. „S's ist nichts
2817 2691 3328 2751 Anzengruber,“ seufzte d
2825 2727 3312 2804 Regiesitzung und gab
2826 2780 3332 2839 Schöpfungen des östen
2818 2828 3324 2900 willigst ab. Das Vol
2821 2879 3316 2950 lassung gebeten. Eine
2823 2979 3328 3039 maligen Singspielhalle.
2816 3032 3333 3087 Schauspieler vierten Ran
2805 3076 3341 3154 vom „geschundenen Raubt
