3436 4352
998 211 1224 280 Kaka
1501 211 1955 300 box 34/6
302 214 1339 310 7. Der gruene Minudu
1332 820 1790 902 Telephon 12801.
951 918 2181 980 Alex. Weigl's Unternehmen für Zeitungs-Ausschnitte
1172 980 2179 1112 „OBSERVEP“ Ausschnitt
2004 1036 2239 1131 Nr. 58
816 1135 2275 1179 I. österr. behördl. conc. Bureau für Zeitungsberichte u. Personalnachrichten
1046 1171 2067 1257 Wien, IX/I, Türkenstrasse 17.
1229 1238 1895 1322 - Filiale in Budapest: „Figyelö" —
827 1297 2266 1369 Vertretungen in Berlin, Chicago, Genf. London. Newvork Paris Rom Staabholm
1480 1371 2228 1462 Berliner Morgenpost
815 1442 1370 1523 Ausschnitt aus:
1496 1483 1763 1570 Berlin
1980 1498 2312 1603 II R.
822 1578 1444 1663 vom: 20/41902
1042 2009 1705 2121 Ober Deutsches Theater.
1032 2080 1863 2168 „Gestern neu einstudiert: „Liebelei"
1891 2096 2788 2165 durch. Sie hatte die ganze Gestalt nur zu schwer
990 2137 1866 2223 und „Der grüne Kakadu" von Arthur
1894 2132 2787 2209 angelegt, sie hüllte sich schon in der ersten Scene in
1892 2187 2783 2257 die dunklen Flöre des letzten Aktes. Vorzüglich war
991 2201 1263 2260 Schnitzler.
1040 2221 1882 2289 Das Deutsche Theater läßt die Saison nicht zu Ende
1902 2223 2783 2303 aber Jenny Rauch als Mizi, das
999 2277 1875 2345 gehen, ohne einen Trumpf von früher auszuspielen.
1896 2260 2792 2346 lustige Gegenstück der sentimentalen Christine.
1002 2313 1881 2383 Schnitzlers „Liebelei“, der dennoch ein längeres Dasein
1903 2319 2800 2377 Sie war echt. Das lustige, loddrige, vergnügungssüch¬
805 2350 926 2414 Für
1001 2358 1885 2425 beschieden zu sein scheint, als man ihr seinerzeit vor¬
1899 2364 2792 2431 tige, oberflächliche dabei gutmütige Wiener Mädl, als
1010 2400 1880 2470 hersagte, hat zu den besten Vorstellungen der
1904 2416 2798 2479 hätte sie Schließmann gezeichnet. Es kam alles so
1002 2447 1881 2508 Brahmschen Bühne gehört. Der Premierenabend
1913 2439 2802 2519 wenig studiert, so urwüchsig. Die Rauch ist nach
1003 2488 1875 2555 war unvergeßlich gewesen, die Tragödie des „süßen
1908 2498 2798 2552 dieser Probe ein recht kräftiges Talent. Hoffent¬
851 2540 917 2590 "
1012 2531 1880 2604 Mädels“ saß fest im Herzen. Nun sind Viele in
1902 2537 2799 2602 lich nicht nur in Heimatstönen. Statt Jarus giebt
1001 2578 1885 2642 die Ferne zerstoben, die damals durch des Dichters
1904 2587 2803 2659 jetzt Hans Fischer den Theodor. Er hat nicht die
826 2601 990 2661 Abonnet
1004 2633 1894 2690 Kraft mit der eigenen Kunst erschütterten. Für ein
1908 2618 2802 2701 Eleganz des leichtfertigen Bonvivants, aber er fand
819 2648 1004 2718 Abonnen
1006 2673 1887 2727 Theater, das vortreffliche Kräfte seines Bestandes
1917 2666 2795 2742 heitere Wirkungen mit dem ihm eigenen Humor. Die
1016 2717 1884 2789 verloren hat, wird es immer ein Wagnis sein, durch
1903 2709 2800 2783 Episode des Herrn spielte Oskar Sauer in seiner kalten,
1020 2761 1890 2832 eine Neueinstudierung jedem eine Parallele an die Hand
1920 2769 2796 2831 gemessenen Art ganz in der Stimmung der Situation.
819 2767 1004 2824 Inhaltsa
1016 2802 1897 2869 zu geben. Vergleiche zwischen einst und jetzt machen zu
826 2818 1008 2874 blätte
1917 2800 2805 2887 Ritters Fritz ist die vorzügliche Leistung von
824 2853 1002 2902 wodurch
1010 2847 1890 2910 lassen. Man muß dann auf die „Reserve“ große
1910 2869 2057 2941 früher.
819 2885 1007 2939 Leben d
1021 2892 1898 2950 Stücke halten. In beiden gestern gegebenen Dramen
1972 2895 2808 2965 Im „Grünen Kakadu“ ist Sommerstorffs
828 2925 1005 2995 theilung
1011 2933 1904 2998 fehlen Namen wie Kainz Sorma, Nissen, Gisela
1920 2936 2803 3003 Henri schon erwähnt als weniger hinreißend
1018 2982 1669 3059 Schneider, Jarno. Das sind Gewichte.
1914 2983 2804 3057 wie der Kainzsche. Sommerstorff ist zu schwer,
1068 3022 1901 3099 Die Wagschale des Deutschen Theaters ist nicht
1921 3036 2810 3107 zu barytonal. Köstlich ist Ritters haatsträubend
1025 3070 1895 3133 gesunken. Die „Liebelei“, Schnitzlers unverwelklich
1923 3081 2813 3143 echter Rauhmörder. Rosa Bertens gab die
1027 3110 1893 3181 schönes Wiener Stück, kam gestern mit derselben Wir¬
1908 3109 2809 3200 Marquise an Stelle der Luise Dumont. Viel
1022 3148 1899 3221 kung heraus wie ehedem, und auch der grüne Kakadu
2289 3153 2816 3222 machen, aber daß die
1917 3179 2284 3234 ist da nicht zu
1024 3199 1902 3266 wirkte. Daß Irene Trinsch eine minder schlichte
1924 3213 2820 3273 Bertens keine Pointen fallen läßt, ist vom Residenz¬
1021 3248 1908 3304 Christine ist wie die Sorma, und daß sie
1923 3255 2488 3343 theater her in gutem Gedächtnis.
1019 3280 1915 3353 weniger Wiener Volkskind ist wie die Niese und daß
2378 3296 2816 3384 Norbert Falk.
1032 3333 1918 3407 sie darum nicht der Glanz der Vorstellung bedeutet,
1020 3383 1913 3446 will bei dem brillanten Zusammenklingen des
1027 3411 1913 3490 Ensembles ebentowenig bedeuten, wie daß Otto
1019 3474 1910 3524 Sommerstorff als Komödiant Henri weniger Dä-
1029 3501 1908 3583 monie hat wie einst Kainz vorsprühte. Immerhin
1026 3548 1909 3625 faßte die Triesch den Schluß in der Liebelei sehr
1016 3602 1962 3671 kräftig und rang sich zu einigen echten Gemütstönen
