3344 4256
1429 180 1890 264 box 34/6
697 196 822 256 uei
945 187 1115 255 Kak
222 190 1269 301 7. Der glückliche
1086 1922 1726 1996 Gastspiel Theodor Grieg.
958 1979 1835 2064 In Artur Schnitzlers Einaktern: „Der
953 2020 1302 2087 grüne Kakabu
1316 2031 1839 2087 und „Komtesse Mizzi"
1119 2066 1697 2120 im Schauspielhaus am Freitag.
998 2120 1849 2191 Grieg brachte die zwei Einakter von Schnitzler
954 2179 1838 2233 wieder: Die tragische Wucht des von den Feuer¬
966 2228 1848 2292 säulen der Revolution überfiammten „Grünen
951 2272 1832 2338 Kakadu“ und die feingeistige, vom Abglanz ver=
949 2328 1841 2387 jährten Leides nur ganz stillchtig überwölkte „Kom-
953 2380 1297 2443 tesse Mizzi".
1020 2411 1842 2479 Es war das erste, völlig ausverkaufte Haus
954 2470 1839 2543 dieser Saison: Erinnerung an das sketchhaft
946 2523 1847 2585 wirkungsvolle, aber mit mehr als Sketch¬
953 2567 1852 2649 psychologie geschaffene Werk und Erinnerung
944 2612 1853 2698 an Griegs, blutvollen Henry lockte herbei.
934 2685 1846 2734 Grieg hat die Mittel, den saszinierenden Schau¬
955 2720 1847 2779 spieler und den Menschen zu geben, der über
955 2772 1841 2827 lebensvolles Spiel zu noch stärkerem Erleben
950 2821 1849 2898 hinauswächst. Im Zusammenprall von Spiel und
951 2849 1866 2930 Wirklichkeit zeigt er noch die Kraft, hoch Gestei¬
941 2916 1843 2987 gertes zu übersteigern. Die „Erkennungsszene“
1905 1422 2137 1520 Imeuble
1849 1496 2773 1562 zwang die Zuhörer zu ängstlicher Atempause:
1845 1536 2756 1607 glockenhaft reinstimmig klingt das erste vertrauens-
1854 1605 2768 1661 volle Liebesbekenntnis dieses „reinen Toren" zur
1830 1641 2752 1706 Dirne: untheatralisch, mit dem Sturmatem un¬
1845 1686 2749 1758 widerstehlicher Leidenschaft braust sein Schmerz
1856 1738 2754 1809 in das Kulissenfeuer der anfänglichen Spielszene.
1897 1796 2775 1882 Helles, wirksames Gegenstück ist der Fürst Egon
1848 1845 2767 1929 in „Komtesse Mizzi". Maske der Blasiert-
1861 1904 2773 1955 heit und kühle Beherrschtheit, die alle Narben des
1844 1953 2763 2020 Lebens deckt. Auch hier Maskenspiel, aber jeder
1855 2001 2745 2056 leise Schmerz in Lächeln gebändigt. Der Gast —
1850 2048 2764 2116 schade, daß wir nun Gast sagen müssen — zeigte
1861 2105 2775 2167 hier alle seine vornehme Kunst an bezwingender
1862 2146 2758 2216 Lustspielgrazie. Trotz des drängenden Spielplans
1859 2199 2756 2254 dieser Woche klappte auch der schwierige „Grüne
1851 2244 2763 2316 Kakadu“ bis auf eine — rasch verstopfte — Spiel¬
1867 2290 2757 2368 lücke. Direktor Modes erfüllte vorzüglich die
1858 2335 2768 2423 schwierige Forderung des Dichters, im engsten
1863 2404 2756 2456 Kelleransschnitt ein Stück Weltgeschichte vorüber¬
1857 2449 2760 2509 branden zu lassen. Der Jubel über den Fall
1850 2496 2754 2560 der Bastille wird optisch und akustisch zu einem
1865 2546 2545 2610 Eindruck von zerschmetternder Wucht.
1906 2600 2764 2666 Grieg wurde nach beiden Stücken mit Blumen
1858 2657 2757 2719 und mit jubelnder Herzlichkeit gefeiert. Auch
1862 2707 2758 2765 wenn er jetzt nach Frankfurt geht, zwischen ihn
1872 2744 2757 2820 und die Grazer legt sich keine trennende Main¬
2477 2802 2713 2860 Dr. A. M.
1866 2802 1973 2868 linie.
2216 2875 2449 2944 —
2513 2931 2783 3005 E. E. W.
