3392 4352
1475 207 1920 293 box 34/6
978 210 1053 281 K
275 219 1320 317 7. Der gruene Jakadu
1341 1007 1632 1093 Telephon 12
671 1116 834 1173 HÄMÈN
843 1114 1484 1260 “.OBSERVER“
637 1234 1697 1317 tösterr. behördl. konz. Unternehmen für Zeitungs-Ausschnitt
767 1298 1600 1390 Wien, I., Concordiaplatz 4.
955 1382 1395 1455 Vertretungen
623 1423 1717 1496 in Berlin, Budapest, Chicago, Christiania, Genf, Kopen¬
631 1475 1725 1536 hagen, London, Madrid, Mailand, Minneapolis, New-York,
682 1517 1676 1576 Paris, Rom, San Franco, Stockholm, St. Petersburg.
965 1561 1398 1617 (Quellenangabe ohne Gewähr).
631 1603 1818 1698 Ausschnitt aus Hamburger Correspondent
620 1734 770 1790 vom:
868 1752 1091 1821 0F7/99
755 1764 1047 1844 DATESES
896 1844 1605 1930 Kleines Feuilleton.
901 1979 1619 2065 Vierte Montor-Vorlesung.
685 2052 1890 2100 Es war ein interessanter Abschluß der Zyklusvorträge, der Künst¬
622 2079 1902 2148 ler las Arthur Schnitzler... nicht den Verkörperer vom
616 2130 855 2187 charmanten¬
1043 2136 1895 2181 Mädels, wie wir ihn von den Bühnen
607 2182 1892 2225 längst kennen, sondern einerseits den packend gestaltenden Dramatiker,
617 2222 1904 2267 der uns in der einaktigen Groteske „Dergrune Kakadu“ gegen¬
617 2259 1903 2302 übertritt, und andererseits Schnitzler, den Aestheten, der mit feinem
622 2294 1892 2338 Pinsel sich auf zarteste Seelenmalerei versteht, nicht ohne seine
612 2331 1897 2383 sattrischen Lichter überall sein berechnet aufzusetzen. Das novellistische
622 2382 1883 2427 Selbstgespräch des „Leutnant Gust!“ ist für dieses bis ins Kleinste
617 2412 1899 2465 klar herausgearbeitete Detail ein wundervolles Beispiel. Wieder
617 2462 1894 2500 waren es unbekannte Werke, die Montor bot, und so bot, daß diese
605 2501 1881 2554 letzte Vorlesung getrost als Höhepunkt der dieswinterlichen Dar¬
607 2534 1891 2598 bietungen bezeichnet werden darf. Außerordentlich schwierig ist die Wie¬
608 2581 1888 2626 fergabe des grünen Kakadu“. Diese Szenen in der Pariker Spelunke,
625 2620 1894 2673 deren zweifelhafte Schauspieler ihren hocharistokratischen, perversen
616 2651 1891 2702 Gästen Verbrechen vortäuschen, sind vom Dichter so bewegt gehalten,
615 2703 1890 2748 daß das Verschwimmen von Schein und Wirklichkeit, wie es Schnitz¬
602 2744 1876 2785 ler hier schildert, dem Hörer beim Lesen nur durch höchste Kunst so
615 2781 1884 2834 lebendig vor Augen tritt, wie das gestern durch Montors Rhetorik
606 2824 1881 2868 geschah. „Wirklichkeit geht in Spiel über, Spiel in Wirkichkeit“, es
610 2869 1888 2911 bedarf der vorsichtigsten Stimmennuancierung des Einzelnen, um
612 2907 1888 2962 dieses Maffenbild wirksam zu gestalten. Ein Ensemble guter Schau¬
615 2941 1880 2994 spieler hat von der Bühne herab eine wesentlich leichtere Aufgabe,
615 2994 1879 3041 und für den Regisseur wäre diese Szene dankbarstes Feld. Max
604 3023 1889 3067 Montor zwang sich als Einzelner den hochdramatischen, satirischen
603 3062 1880 3103 Stoff zu Willen und riß in jeder Phase den Hörer mit sich fort. —
595 3105 1883 3160 Ein Kabinettstück der Vortragskunst bescherte er uns dann noch mit
604 3156 1887 3212 „Leutnant Gustl“. Diese militärisch gefärbte Dichtung hat Schnitzler
600 3185 1884 3244 den Abschied von seinem Regiment gekostet. Sie schildert die
604 3228 1886 3266 Empfindungen und Gedanken eines jungen, leichtsinnigen Offiziers
604 3269 1879 3319 während einer einzigen Nacht meisterlich, halb lachend. halb schluch¬
600 3314 1878 3352 zend. Es ist ein prachtvolles Gemisch von Humor und Ernst, von
603 3354 1880 3409 Todesangst, die sich in Lachen löst, von Blasiertheit, die Sich in Zorn
614 3395 1883 3430 wandelt. Es ist wohl anzunehmen, daß nach der gestrigen Aus¬
604 3431 1879 3474 grabung durch Montor mancher Vortragskünstler diese dankbare Szene
601 3472 1882 3510 seinem Repertoire einreihen wird. Mit Spannung folgte das Publi¬
595 3512 1869 3561 kum dem Künstler bis zum Schluß. Alle Farben ließ er spielen, las
606 3548 1869 3611 mit sprühender Laune und zarter Weichheit, reizte zur Heiterkeit.
615 3594 1873 3647 rührte zu Tränen — diese Leistung war Höhepunkt, war Festtags¬
601 3630 824 3693 geschenk. —
821 3632 1875 3684 Der Zyklus ist zu Ende. Liliencron, Byron, Grillparzer
609 3670 1926 3731 und Schnitzler reichten einander die Hände, gemeistert von Einem 1
1928 1746 3193 1873 nur, und von diesem einen Künstler in ihren wenig getannten Werken
1927 1804 3182 1919 uns nahe gebracht. Montors Vorlesungen sind lebensfähig, der Be¬
1927 1839 3181 1949 weis ist erbracht; in Zukunft gehören sie zum eisernen Bestand der
2992 1876 3152 1945 E. Gr.
1926 1919 2593 2008 literarischen Winterveranstaltungen.
