3392 4352
1448 175 1899 259 box 34/6
963 184 1133 250 Kak
253 195 1287 293 7. Der gruene Natur¬
147 1455 943 1501 der Stelle“, gewiß nicht mit fröhlichem
987 1431 2092 1518 seinem Volke. Wohlgemerkt: wenn es an einem
143 1511 953 1566 en in Rede stehenden, in ihren Folgen
983 1513 2085 1564 anderen Wege fehlt. Ist das nicht der Fall, und muß
152 1562 943 1621 Versuchen entschlossen hat, so geschah
988 1569 2069 1619 eine bestimmte Aufgabe bedingungslos gelöst werden,
154 1610 952 1661 Grund der im Burenkriege einwandfrei
991 1622 2070 1681 dann giebt es natürlich keinerlei Rücksichten für den
987 1718 2085 1781 schimpfen. Otto Brahm aber könnte das geradezu
147 1716 832 1786 sitzlers „Liebelei" und
996 1769 2070 1820 ehrenrührig finden, er könnte darob einen Beleidigungs¬
148 1784 690 1859 Grüner Kakadu".
977 1822 2075 1863 prozeßanhängig machen. Wie immer, verdient er auch für
157 1854 821 1940 führung im Deutschen Theater.
986 1865 2081 1928 diese Saison den Nichtentdeckungspreis. Paul Lindau hat
989 1916 2072 1968 doch wenigstens ein jüingeres Talent den Berlinern
156 1921 943 1989 stet sich zur Hochzeitsfeier, zur Maien¬
979 1966 2079 2025 vorgestellt, den Samosatanischen Lukian, der bloß
153 1984 949 2048 lingsum jauchzt das Land in Knospen
993 2017 2069 2062 1800 Jährchen warten musjte, um entdeckt zu werden.
146 2026 949 2089 Ueberall grünt es, blüht es und duftet
992 2057 2067 2110 Den Trinmph jedoch, jetzt schon zum fünften oder
165 2083 951 2147 Welt wird neu... nur die Weltstadt
985 2109 2071 2170 sechsten Mal genau dasselbe Häuschen Premieren¬
154 2135 947 2195 mit. Auch in ihre Winkel dringt der
989 2164 2083 2227 dichter in genau derselben Reihe vorzuführen, den
155 2184 938 2239 j, aber seine Kraft versagt an Ministerial-
979 2213 2060 2261 läßt Otto Brahm von keinem andern sich be¬
151 2230 937 2294 schlagssäulen und Asphalt. Für die
981 2264 2073 2314 streiten. Hauptmann, Sudermann, Schnitzler, Dreyer,
152 2284 935 2344 utet der Frühling nur: es staubt, es
986 2314 2068 2365 Hirschfeld. Rien va plus. Es steckt ein großer Zug in
167 2328 948 2397 es gastet. Das Gasten ist die Er¬
986 2364 2079 2406 dieser Selbstbeschränkung, in dieser eisernen Beharrung.
174 2377 949 2441 der das Theater seine Frühlings¬
988 2407 2073 2474 Sie hat unbedingt etwas Spartanisches. Eine gewisse
186 2436 952 2489 Einzeln oder truppweise pilgern von
980 2450 2078 2510 Aehnlichkeit zwischen Leonidas und Otto Brahm ist
158 2471 944 2531 päste herbei, um bei der Auskehr der
980 2506 2073 2575 unverkennbar. Hundert Talente drängen sich sehnsüchtig
157 2530 950 2589 eimsen, was noch an Resten von Gunst
976 2560 2061 2611 vor den heiligen Pforten des Deutschen Theaters.
153 2569 952 2631 rhaschen ist. Und nicht nur die Mimen
978 2600 2079 2670 Brahm aber stirbt lieber an der Seite seines Georg
169 2637 933 2692 Stücke, die bei Seite gelegt waren,
983 2654 2075 2702 Hirschfeld, als daß er mit einem Neuling lebt und
152 2677 950 2735 amal sich ans Rampenlicht und erinnern
990 2701 1103 2764 siegt.
165 2722 945 2774 s Gastspiel an ihre Existenz. Wie die
169 2773 934 2838 den Anfang, so beherrscht die Neu¬
1027 2807 2065 2863 Nur nichts Neues, nur kein Wagnis, nun keinen
199 2819 937 2880 Ende der Saison. Dank diesem
981 2855 2070 2911 Kampf. Lieber nochmals Sudermann und nochnmals
155 2873 939 2936 gesetz haben wir das Vergnügen, heuer
983 2900 2065 2944 Schnitzler und zum dritten Male Schnitzler, als ein
195 2925 947 2984 Schnitzlers Christine sterben und
980 2942 2069 2994 Ritt ins Unbekannte, als ein Ringen mit dem Publikum
160 2968 568 3035 ri morden zu sehen.
979 3000 2053 3047 um neue Ziele, neue Menschen. Schnitzlers „Liebelei"
976 3048 2061 3102 ist eine sichere, ganz sichere Sache, zu riskieren ist
165 3079 940 3148 ihnenleiter, einer wie der andere, dürften
973 3098 2073 3151 damit nichts. Der erste Akt hat seine Reize für den
163 3138 953 3211 isten, wollte sie jemand Talententdecker
973 3148 2080 3199 ästhetischen Menschen, die andren beiden Akte sind voll
2121 1444 3230 1537 nung tragen: breitere Fronten; verhältnismaßig vonne
2117 1525 3216 1583 Schützenlinien; Aufnahme des Feuers vom Eintritt in
2108 1592 3203 1638 die mittleren Entfernungen. d. i. etwa von 8—900 m
2108 1641 3204 1692 an, weil schon auf solche Entfernungen die Engländer
2116 1728 3206 1789 süßer Rührung, wie sie edlen Herzen behagt. Jedes
2120 1780 3207 1839 dieser edlen Herzen ist empört, wenn es draußen in
2121 1827 3200 1886 der Wirklichkeitswelt auf ein Mädchen stößt, das mit
2117 1881 3195 1942 einem „fremden Herrn“ in dessen Wohnung soupiert
2107 1925 3198 1995 und sich ihm hingiebt, ohne aufs Standesamt zu
2112 1981 3201 2025 rechnen. Aber im Theater rührt und begeistert das.
2111 2024 3196 2076 Und auch dadurch erfreut diese Christine, daß sie eine
2116 2072 3211 2122 der vertrautesten Bühnenerscheinungen ist. Ein Gretchen
2109 2125 3187 2177 en miniature. Man bleibt ganz auf gewohntem Em¬
2119 2160 3196 2235 pfindungsgebiet. Und daß der Faust dieses Gretchens
2118 2228 3207 2284 alles andere als ein Faust ist, hat gleichfalls seinen
2108 2272 3193 2312 Wert. Er fordert geistig und seelisch nicht die geringste
2107 2316 2841 2386 Anstrengung, dieser liebe, böse Fritz.
2141 2466 3203 2528 Irene Triesch giebt die Christine. Sie gehört zu den
2103 2504 3205 2577 Künstlerinnen, die nicht dick werden. Das will etwas
2105 2562 3190 2607 besagen für den, der im Laufe der Jahre fast alle Lieb¬
2112 2611 3189 2655 linge des Publikums aus dem Schlanken ins Rund¬
2102 2663 3198 2729 liche, aus der Grazie zur Putte oder auch zur Pute hat
2096 2707 3198 2757 wachsen sehen. Die Gunst des Publikums nährt, aber
2110 2753 3197 2815 diese Wirkung hat künstlerisch ihr Bedenkliches. Wenn
2103 2812 3187 2865 der Mime oder die Minin den menschlichen Normal¬
2096 2858 3199 2926 umfang allzu sehr überschreitet, sollte er nach Marienbad,
2095 2910 3194 2960 und da das auf die Dauer nichts hilft, mutigen
2101 2953 3192 3018 Herzens zu einer anderen Beschäftigung übergehen. Bei
2101 3010 3191 3068 einem Dichter oder Denker kommt es aufs Aeußere
2095 3061 3192 3100 nicht an, aber bei Bühnenerscheinungen kann ein Fett¬
2107 3115 3188 3169 zusatz verhängnisvoll wirken. Ich könnte Beispiele
2091 3153 3191 3222 nennen, unterlasse es aber, um nicht alle Fett¬
2083 3273 2152 3369 de
