3344 4320
767 1259 1198 1352 Telephon 12801.
372 1344 1576 1440 Alex. Weigl's Unternehmen für Zeitungs-Ausschnitte
1405 1406 1588 1478 Ausschnitt
1239 1445 1305 1496 Dec
1454 1469 1664 1547 Nr. 53
633 1441 1252 1585 „OBSERVER
280 1543 1695 1649 I. österr. behördl. conc. Bureau für Zeitungsberichte u. Personalnachrichten
514 1614 1493 1728 Wien, IX/I, Türkenstrasse 17.
696 1683 1295 1770 Filiale in Budapest: „Figyelö“
293 1737 1707 1844 Vertretungen in Berlin, Chicago, Genf, London, Newyork, Paris, Rom, Stockholm.
293 1911 778 1993 Ausschnitt aus:
1010 1926 1543 2061 Meine Freie Pr
284 2017 867 2131 vom: 21/4/1902
547 2303 1607 2369 — Man berichtet uns aus Berlin: Im Deutschen
467 2359 1616 2412 Theater wurde Arthur Schnitzler's Drama „Liebelei“ mit
473 2407 1599 2460 Irene Triesch in der weiblichen Hauptrolle wieder aufge¬
467 2438 1604 2501 commen. Das schöne Stück fand die starke Wirkung wieder, die
479 2483 1605 2534 s hier bei seiner Première geübt hat. Auch die gleichfalls neu
466 2540 1613 2590 instudirte Groteske „Der grüne Kakadu“ von demselben Autor
472 2567 842 2651 atte großen Beifall.
791 2743 1284 2817 Bezugs-Bedingungen :
1521 2801 1695 2859 inclusive
309 2796 1421 2889 Für 50 Zeitungsausschnitte (Artikel oder Notizen) Kr. 15
1381 2842 1456 2890 28.—
1546 2847 1668 2898 Porto
1312 2879 1443 2933 „ 50.
1530 2881 1682 2937 Zahlbar
1352 2913 1463 2968 110.—
428 2917 511 2961 200
1488 2918 1718 2991 im Voraus.
428 2952 511 3000 500
1319 2946 1493 3015 „ 200.—
419 2991 515 3050 1000
346 3003 402 3061 „
441 2978 1743 3084 Im Gegensatze zu anderen Bureaux für Zeitungsausschnitte ist das
1402 3027 1749 3094 auch steht es den
339 3049 1346 3129 Abonnement durch keine bestimmte Zeitdauer begrenzt;
332 3084 1619 3182 Abonnenten frei die aufgegebenen Themen zu ergänzen oder zu ändern.
458 3152 1748 3256 Der „OBSERVER“ veranstaltet täglich einen Auszug enthaltend die
332 3202 1741 3298 Inhaltsangabe aller wichtigen Mittheilungen der Wiener Morgen¬
331 3236 1736 3349 blätter (Tagesjournale ausser „Neue Freie Presse“ und Wiener Zeitung“
512 3276 1746 3363 eine Uebersicht über das gesammte politische und wirthschaftliche
527 3313 1749 3411 s In- und Auslandes in drastischer Kürze geboten wird. Diese Mit¬
492 3379 1351 3450 in werden in Wien um 9 Uhr Früh verschickt.
670 3450 1436 3548 Prospecte gratis und franco.
2198 633 2630 714 Telephon 12801.
1820 709 3012 802 Alex. Weigl's Unternehmen für Zeitungs-Ausschnitte
2822 765 3012 834 Ausschnitt
2620 800 2748 883 Das
2449 814 2502 872 17
2555 832 2641 892 4
2886 827 3086 909 Nr. 54
2050 833 2604 938 „OBSERVE
1880 866 1950 958 0
1701 908 3138 1009 I. österr. behördl. conc. Bureau für Zeitungsberichte u. Personalnachrichten
1937 976 2922 1076 Wien, IX/I, Türkenstrasse 17.
2126 1035 2739 1127 Filiale in Budapest: „Figyelö“
1714 1099 3146 1192 Vertretungen in Berlin, Chicago, Genf, London, Newyork, Paris, Rom, Stockholm.
1720 1265 2228 1351 Ausschnitt aus:
2441 1254 2934 1387 neue riessissie zim
1720 1401 2300 1507 vom: 21/41902
2262 1631 2851 1725 Theater und Musik.
2358 1704 2757 1775 Deutsches Theater.
2055 1738 3165 1833 Neu einstudirt: „Liebelei“, Schauspiel in 3 Akten von Arthur
1947 1774 2178 1843 Schnitzler
2289 1805 3167 1890 „Der grüne Kakadu“. Groteske in 1 Akt von
1926 1821 2810 1894 Arthur Schnitzler. Aufführung am 19. April.
2035 1874 3159 1952 Der Hauptreiz der Neueinstudirung bestand in der Besetzung
1935 1897 3158 1997 der Rolle des „füßen Mädels“, das durch die Frivolität eines jungen
1938 1947 3165 2026 Mannes in den Tod getrieben wird, mit Irene Triesch. Wir
1933 1986 3160 2066 haben in dieser Rolle an derselben Stätte einst Agnes Sorma ge¬
1928 2026 3160 2104 sehen. Wir haben in Berlin außerdem auch Adele Sandrock und
1932 2069 3151 2142 Hansi Niese als Christine kennen gelernt. Ich möchte die
1908 2099 3157 2188 die Freue Triesch uns am Sonnabend vorführte, für die
1934 2161 3161 2236 beste erklären. Aus demselben Grunde, aus dem sie manchem im
1763 2190 3163 2272 Für 5 Hause, vielleicht der Mehrheit, weniger gefiel, als ihre Vorgängerinnen.
1932 2247 3164 2316 Nämlich weil sie im Schlußa't bis zum letzten Moment in ihrer
1932 2288 3156 2357 schönen, auch in den Schmerzensausbrüchen noch immer schlichten
1947 2325 3174 2401 Menschlichkeit verharrte. So erschien auch der ganze Charakter
1787 2343 1905 2421 „ 10
1944 2368 3172 2433 einheitlich. Eine rührende Innigkeit bildete seinen hervor¬
1925 2399 3154 2476 stechenden Zug. Und wie wußte sie im Schlußakt die ver¬
1769 2448 3164 2512 Abonnenzehrende Unruhe, die unsägliche Qual, die sie im Gespräche mit
1764 2499 3180 2556 Abonnen dem Vater, dann mit Mizi und Theodor beherrscht, zum Ausdruck zu
1935 2522 3183 2594 bringen! Es weinten vielleicht weniger Zuschauer in diesem Alte -
1903 2564 3184 2632 Nam Sonnabend, als sonst, aber heißer waren die Thränen derer, die
1784 2605 3196 2681 Inhaltsrdu weinten. Rudolf Rittner war der gleiche typische Fritz wie e
1779 2651 3188 2718 blätt früher. Neu besetzt aber waren alle übrigen Rollen. Max Rein¬
1788 2697 3154 2752 wodurelhardt gab mit schön sich bescheidender Lebensphilosophie des Alters
1784 2722 3153 2786 Leben Christianens Vater und ergreifend waren seine Schlußworte: „Die
1781 2769 3145 2827 theilun kommt nicht wieder!“ mit denen dieses Mal das Schauspie
1922 2790 3153 2872 schloß. Die Mittheilung vom Selbstmorde Christinens war gestrichen.
1926 2836 3141 2899 Gut wienerisch waren die Mizi des Frl. Jennty Rauch und der
1932 2871 3133 2937 Theodor Hans Fischers und ein kleines Kabinetstück die klatsch¬
1919 2908 3147 2982 süchtige Frau Binder der Frau v. Poellnitz. Oskar Sauer als
1922 2951 3152 3018 betrogener Gatte hatte etwas von starrer Unerbittlichkeit, aber sein
1917 2985 3142 3055 Wuthaufschrei war zu sehr — Schrei. Auf den Schreib hin hätten
1919 3023 3140 3109 doch die Mädchen und Theodor sofort aus dem Nebenzimmer herein¬
1918 3061 2189 3130 stürzen müssen.
2025 3081 3151 3173 Einen durchschlagenden Erfolg hatte wieder Dergrüne
1917 3129 3140 3218 Kakad u“ mit seinem grotesken Humor, die leidenschaftdurchwehte groß=
1920 3185 3139 3253 zügige Dichtung, die im engen Nahmen mehr vom Geist der Zeit bietet,
1907 3239 3149 3292 als alle Sardouschen vielaktigen Revolutionsdramen zusammen, und
1916 3258 3133 3335 in der die Aneldote der eigentlichen „Handlung“ so gut in Einklang
1910 3304 3141 3376 gebracht ist mit dem starkfarbigen Kulturhintergrund. Josef Kainz
1919 3343 3139 3411 war einst groß als Schauspieler Henri, der Schein und Wahrheit so
1906 3378 3116 3450 erschütternd durcheinander mengt. Otto Sommerstorff
1911 3416 3126 3489 der jetzt die Rolle spielt, gerieth bei dem gleichen Bemühen
1907 3454 3129 3529 zu sehr in die Pose hinein und gleich der Ton in seiner ersten Scene
1905 3497 3135 3566 war nicht der richtige. Hier giebts doch wirklich nur ehrliche, echte
1914 3529 3126 3602 Empfindung. Hans Fischer (Wirth) Max Reinhardt (Philosoph
1907 3569 3120 3654 Grasset), Rudolf Rittner, in der Charge des wirklichen Mörders
1903 3611 3132 3686 Grain, und andere noch hatten ihre früheren Rollen behalten. Die
1900 3643 3123 3724 leichtfertige Léocadie spielte Irene Triesch mit einer gewissen Zurück¬
1899 3685 3130 3758 haltung, während Rosa Bertens die perverse Marquise stark
1897 3725 3120 3800 in den Vordergrund zu schieben bemüht war. Aus der Aristo¬
1894 3754 3123 3848 kraten=Gruppe ragte Oskar Hoffmeister als Vicomte der Nogeant
1893 3798 2037 3853 Hervor.
