3392 4256
1036 99 1171 167 Kal
1165 109 1373 201 kadu
313 105 1106 212 7. Der gruene
461 645 1534 736 ich ohne Rücksicht auf sich selbst gegeben hat, sieht
458 708 1524 757 ich plötzlich des Geliebten durch ein Duell beraubt.
453 746 1511 806 Das macht den ganzen Unterschied, den Abgrund,
461 783 1516 834 per zwischen ihrer und seiner Liebe klaffte,
453 835 1516 889 offenbar. Auch er hat sie geliebt, wie er konnte: in
448 859 1534 933 manchem Augenblick ahnt er, daß hier vielleicht
441 926 1514 986 zum erstenmale ein wahres Glück ihm nahe
438 973 1526 1030 trat. Dennoch hat lediglich das Gefühl des
1484 994 1523 1037 5
445 1006 1500 1068 sozialen Abstandes, das Bewußtsein, daß sie ja „nur"
443 1044 1527 1112 seine Geliebte war, ihn davon abgehalten, auch ihr
445 1105 1519 1154 gegenüber die Empfindung einer vollen Verantwort¬
433 1186 1517 1237 tung einzutreten, wie er von ihr nach jeder Richtung
434 1233 1517 1294 das Opfer ihrer Persönlichkeit entgegennahm. Er
440 1270 1513 1335 ist von ihr gegangen, ohne das Gefühl ge¬
433 1315 1517 1378 habt zu haben, daß er auch ihr etwas
438 1358 1518 1408 schuldig sei, einen Teil von seinem Ich, daß
438 1409 1517 1456 er gegenüber ihrer Liebe, die er dankend kostete, eine
444 1453 1521 1504 Pflicht habe. Ob er weiter lebt, ob nicht, es hat
442 1484 1524 1543 ihr eben recht zu sein. An seiner Bahre stehen
436 1539 1518 1586 Eltern. Geschwister, Cousin und Consinchen; nur sie
442 1583 1507 1639 nicht, die sich ihm uäher fühlte, die ihm näher war,
440 1627 1509 1687 als alle — nur sie nicht. Nicht einmal erfahren hat
439 1664 1523 1738 sie von dem Begräbnis. Sein Tod wird ihr mit¬
438 1715 1522 1764 geteilt, als er schon begraben ist. Sie ist gar nicht
435 1759 1521 1824 vorhanden. Sie ist weniger als nicht vorhanden:
446 1799 973 1859 sie ist lästig, peinlich.
1006 1798 1510 1866 Sie ist gut genug.
444 1848 1512 1896 in verschwiegenen Stunden sein Herz zu füllen, wenn
430 1895 1520 1953 es niemand weiß, ein wenig Scherz mitzumachen
442 1938 1499 1998 und Schampus zu trinken, wenn sie lustig sind.
432 1977 1513 2031 Nur da, wo es sie drängt, ihm am meisten zu sein,
435 2024 1507 2081 in allem Ernst, in allem, was das Persönlichste ist,
439 2069 1514 2114 nur da ist sie ausgeschlossen, gehört nicht mit dazu.
443 2110 1518 2176 Und warum? Weil die äußere Bestätigung fehlte, die
430 2148 1516 2207 Legitimation dessen, was sie innerlich tiefer als die andern
441 2206 1518 2258 fühlte, ihres Einsseins. ihrer Zusammengehörigkeit.
430 2241 1513 2300 Das alles wird ohne Sentimentalität, ohne Anklage¬
437 2283 1510 2344 pose und Fäusteballen gegen ein ungerechtes Geschick
433 2341 1510 2388 ausgesprochen. Es ist nur einfach so; das Leben
434 2368 1513 2445 liegt zuweilen so traurig; gerade ihr mußte das
434 2414 742 2476 widerfahren.
519 2459 1501 2527 Fräulein Triesch hatte bei allem Rühren¬
207 2461 407 2533 schnitte
438 2504 574 2564 den,
571 2502 1508 2556 Ergreifenden, das sie dieser Figur zu
219 2521 420 2590 Ausschnitt
442 2550 1503 2603 geben wußte, bei aller tieferen Veranlagung, die sie
436 2599 1513 2660 außerst glaubhaft aus diesem dem Vollborn volk¬
253 2582 434 2672 Nr. 5
435 2625 1518 2694 lichen Empfindens entsprungenen Gemüte wußte,
209 2674 1509 2740 onalnachriel hervorscheinen zu lassen, doch gerade zuletzt ein wenig
539 2730 1499 2782 viel von der drohenden Weltverzweiflungshaltung,
225 2725 320 2794 17.
437 2742 1514 2820 gleichsam von dem zersetzenden Grübeln über Gott
433 2813 1503 2861 und ewige Ordnungen. Frau Sorma war darin
216 2862 1495 2921 Rom, Stockh ganz naives Wesen, von einer unsagbaren Fülle
436 2904 1512 2961 wehmütiger, rührender, lieblicher Züge umspielt.
427 2944 1505 3005 Bei ihr hatte man das unmittelbarste Gefühl,
427 2990 1504 3041 daß eine holde Blume von einem wüsten
443 3029 1115 3089 Proletarierschritt zertreten wird.
1118 3035 1510 3097 Der Grimm war
432 3079 1503 3144 ganz der des Zuschauers; er war nicht in ihr. Frl.
428 3105 1509 3181 Triesch hatte schärfere Linien; sie ergrimmte selbst,
433 3169 1512 3225 war selbst erbittert und besorgte darum schon
433 3211 1498 3272 einen Teil von dem, was hier am wirk¬
428 3256 1509 3319 samsten und nachhaltigsten dem Hörer zu thun
432 3298 1512 3355 überlassen bleibt. Ein niedliches, noch ein wenig
432 3345 1498 3391 unfreies Wiener Ringstraßen Pflänzchen war Frl.
440 3379 1510 3435 Rauch. Einen wundervollen, alten, weisen Vater,
429 3433 1500 3480 der mit seinen Kindern zugleich als Fürsorger und
446 3474 1501 3518 als brüderlicher Vertrauter umgeht, machte Herr
436 3515 1502 3560 Reinhardt. Herrn Sauers rächender Ehemann
432 3557 1508 3611 war in einer für diesen trefflichen Darsteller ganz
441 3600 1507 3673 ungewöhnlichen Weise hölzern und romanhaft=klichee¬
428 3653 1514 3702 mäßig. Die beiden Wiener Jungherren wurden
225 3672 419 3741 jakadu“.
429 3690 1501 3739 von Herrn Fischer in seiner putzigen leicht¬
420 3731 756 3795 lebigen Art,
779 3731 1506 3795 von Herrn Rittner mit
231 3730 419 3801 zur Zeit
431 3783 1501 3836 dem prachtvollen Einschlag des ernsteren, sinnigeren,
228 3787 420 3848 all auf-
432 3826 1509 3882 menschlich alles mitfühlenden guten Herzens erfaßt.
228 3829 419 3884 eine Em¬
1470 3854 1510 3899 5
496 3867 1484 3921 Im zweiten Stück, dem „Grünen Kakadu“
229 3873 423 3931 giebt es
429 3908 1507 3958 war entschieden ein schneller dahinrasendes Tempo
225 3918 412 3973 erschwang
440 3954 1506 4012 zu wünschen. Man muß selbst kaum einen
220 3960 419 4018 sieht mit
446 3994 1499 4045 Augenblick zum Nachdenken kommen, ob ernsthafte,
223 4005 422 4061 as heute
445 4043 1490 4086 ob gespielte Dinge vor sich gehen, bis zum Schluß
232 4051 410 4102 man so
1531 93 1967 182 box 34/6
2141 1343 2616 1432 Telephon 12801.
1772 1433 2997 1518 Alex. Weigl's Unternehmen für Zeitungs-Ausschnitte
2774 1496 2990 1561 Ausschnitt
1724 1497 1911 1614 105
1988 1507 2701 1630 „OBSERVER“
2816 1555 3068 1641 Nr. 56
1661 1636 3102 1690 I. österr. behördl. conc. Bureau für Zeitungsberichte u. Personalnachrichten
1884 1700 2891 1772 Wien, IX/I, Türkenstrasse 17.
2046 1768 2707 1842 — Filiale in Budapest: „Figyelö“ —
1655 1822 3102 1904 Vertretungen in Berlin, Chicago, Genf, London, Newyork, Paris, Rom, Stockholm.
1645 1966 2167 2047 Ausschnitt aus:
1657 2084 2263 2196 vom: 21/4 1912
2142 2435 2629 2522 Theater und Musik.
2162 2511 2609 2599 Deutsches Theater.
1855 2568 3001 2626 Arthur Schnitzler's Schauspiel in drei Akten „Liebelei“
1780 2629 3005 2672 wurde am Sonnabend in neuer Einstudierung und zum theil neuer
1778 2670 3005 2698 Besetzung aufgeführt. Die Christine wurde zum ersten Mal von
1782 2699 2998 2760 Fräulein Irene Triesch gespielt. Die Künstlerin gab die Rolle mit
1790 2745 3000 2785 innigem Herzenston und ließ die Seelenregungen des zuerst hingebenden
1780 2786 3005 2831 und schließlich verzweifelnden und empörten Mädchens sich frei
1779 2827 2998 2872 und folgerichtig entwickeln. In ihrer Leistung lag eine gesunde,
1776 2865 3010 2919 von jeder Manier freie Realistik. In der Rolle des Fritz ist Herr
1655 2883 1770 2955 Für
1777 2895 3070 2942 Rittner bereits bekannt; er ist ein Darsteller der nie versagt, wo essive
1776 2942 3049 2997 gilt, durch die Verhältnisse beengte, nach freierer Bethätigung sich
1791 2976 3056 3037 sehnende Kraftnaturen zu geben. Mit erfrischendem Humor stattetebar,
1791 3016 3088 3057 Herr Fischer die Figur des Theodor Kaiser aus, und die Modistinraus.
1788 3058 3113 3136 Mizi Schlager wurde von Fräulein Jenny Rauch mit der erforder¬
1778 3095 3117 3180 lichen Lustigkeit gespielt, nur hätte die Künstlerin an mancher Stelle den
1666 3142 3000 3192 Abon etwas mehr Sentimentalität ausdrücken sollen. Frau von Poellnitz,
1670 3179 2994 3222 Abon die Herren Reinhardt und Sauer vervollständigten in angemessener
1777 3215 2991 3288 Weise das treffliche Zusammenspiel. Den Abend beschloß die ein¬
1783 3248 3109 3311 aktige Groteske desselben Autors „Der grüne Kakadu“, in dernd die
1657 3287 3111 3355 Inhalt Hauptrollen von den Damen Bertens, Triesch und Eberty, den Herres gen¬
2941 3326 3110 3379 itung“)
1660 3347 2896 3401 blät Sommerstorff, Rittner und Fischer auf das Wirksamste gespielt.
2937 3361 3110 3420 schaftliche
1664 3385 2698 3427 Wodur...
1667 3416 3127 3462 Leben des In- und Auslandes in drastischer Kürze geboten wird. Diese Mit¬
1653 3441 2709 3507 theilungen werden in Wien um 9 Uhr Früh verschickt.
1991 3531 2776 3606 Prospecte gratis und franco.
3036 3975 3155 4066 dire
