3484 4192
1148 210 1257 281 Ma
1544 208 2095 309 box 22/2
231 216 1483 308 16.3. Die letztensken
2030 1067 2212 1135 —
1355 1073 1669 1143 2 Kald-pare
1697 1102 2459 1185 II convient dé signaler une autre
770 1107 1663 1182 stan acteur. Elle épouse le poète Lysis qui
1664 1155 2463 1221 en vers. Elle a été donnée sur le Th.
765 1173 1663 1223 la trompe et qui meurt. Ariane échappe au
1668 1199 2476 1255 François Coppée, dans le faubourg S
777 1204 1662 1275 désespoir parce qu’elle sera bientôt mère.
1664 1243 2473 1297 Antoine. C’est une tragédie ou une t
810 1251 1666 1298 Et vous entendez bien ce que M. Mau¬
1678 1281 2474 1331 comédie en trois actes de M. Alfred
777 1278 1659 1328 rice Allou a voulu nous dire. II a rajeuni
1670 1312 2482 1369 zat, — Inès de Castro. M. Poizat est un
778 1317 1663 1370 le vieux mythe. Ariane, c’est la jeune fille
1668 1346 2478 1407 rares poétes qui aient le souci d’expn
769 1354 1665 1419 qu’emporte ie besoin de vivre. Elle subit
1668 1389 2486 1444 sobrement beur pensée. II se méfle du
783 1392 1663 1447 les brutalités de la passion jusqu’au mo¬
1675 1425 2496 1482 veloppemnent. II recherche la Söbriété
771 1426 1667 1494 ment ou l’enfant nait et lui donne une joie
1673 1466 2482 1518 aime l’art dépouidlé et vigoureux. II
785 1467 1657 1524 sacrée. C’est le sens de l’antique fable. Bac¬
1678 1500 2490 1556 fère la sécheresse à la däffusion. II a
782 1501 1667 1558 chus, le dieu de la fécondité, a consolé
1678 1540 2501 1593 conté simplement Thistoire de la nall
770 1546 1662 1594 Ariane que Thésée avait ravie et abandon¬
1679 1583 2511 1637 reuse Inès qui, par raison d’Etat, doit
779 1584 1669 1650 née. C’est ce que n’a pas oublié M. Mau¬
1687 1616 2511 1678 séparer de Pedro, Théritier de la c
766 1633 1046 1691 rice Allou.
1679 1661 2504 1723 ronne. Mais un mariage secret l’unit
817 1660 1669 1723 II a donné à Ariane et à ses amis des
1672 1698 2513 1761 prince. Nul ne songe à tenir en mép
782 1708 1669 1767 sentiments et des idées modernes. II a suivi
1673 1728 2523 1794 la bénédiction qu’a donnée I’Eglise. 1
784 1747 1671 1792 ainsi le conseil d’André Chénier dont il est
1682 1774 2525 1836 ennemis d’Ines apprennemt ce sacrem¬
774 1782 1676 1852 le disciple. Le poête Lysis appartient à la
1682 1819 2502 1867 et, pour rompre un lien aussi sacré,
787 1814 1672 1883 race des amants qué M. Georges de Porto¬
1687 1852 2248 1915 sont obligés de tuer Inés.
773 1854 1679 1902 Riche a portés sur la scène. II a leur cy¬
1712 1866 2502 1944 M. Poizat a su exprimer avec naft
788 1904 1673 1948 nisme séduisant, — et Ariane est touchante
1689 1929 2488 1979 ces sentiments sauvages. II leur de
782 1936 1672 1985 comme la pure Françoise. Elle est mater¬
1679 1962 2464 2028 ainsi plus de violence. Ses vers ne
773 1965 1676 2039 nelle aussi avant de sentir sa prochaine
1687 1995 2466 2068 pas ingénieux, mais simples comme (
788 2011 1679 2078 maternité. Quand röde autour d’elle le dé¬
1689 2043 2488 2099 prose, et um peu rudes aussi comm¬
780 2047 1676 2099 sir des hommes, c’est le seul Mocris qui
1690 2079 2458 2131 ames de ses héros. C’est une volonté
783 2084 1679 2144 l’intéresse un peu barce qulil a un charme
1684 2111 2397 2182 très précise et très particulière.
782 2120 1685 2185 puéril. Cette étude délicate- s’achéve par
1725 2150 2484 2214 La pièce est jouée avec puissane¬
788 2167 1678 2215 in hymme à la mère. Le dernier tableau
1694 2195 2475 2248 Mme Marcelle Frappa, qui est de
788 2204 1678 2272 a la gräce et l’émotion profonde des toiles
1696 2233 2435 2289 reuse et hérolque. Mlle Yorska, à
783 2239 1599 2319 que Carrière consacra à la maternité.
1686 2269 2487 2321 tion chantante, siefforce d’étre dou
823 2277 1679 2348 Mlie Vera Sergine a été lhéroine de M.
1688 2301 2481 2375 mélancolique. M. Joubé a tenu ci
792 2333 1679 2375 Maurice Allou. Elle en à délicieusement ex¬
1691 2345 2311 2413 reusement le röle de Pedro.
789 2359 1678 2419 primé le charme virginal; elle a eu ensuite
1730 2365 2489 2439 Le spectacle commence par un act
784 2402 1690 2455 de beaux cris devant les trahisons et les
1697 2424 2485 2485 triotique de M. Paul Combier, — ie
783 2435 1688 2509 ##sleurs de la passion; elle est parvenue
1690 2454 2487 2511 ment qui passe. Un grognard de N.
781 2481 1677 2536 #mn à une merveilleuse sérênité que don¬
1696 2514 2548 2548 léom fer volt passer, pendant les mant.
785 2511 1681 2575 ## ie sentiment maternel. Dans ce dernier
1690 2537 2560 2594 vres, son ancien régiment et il meurt d.
794 2552 1683 2610 acte elle à été ém# omme devant un mys¬
1696 2572 2548 2629 motion. On peut se demander quel äge
794 2589 1685 2646 tère; elle a en la #auté dramatique qu'on
1693 2607 2556 2679 ce grenadier qui a été décoré de la Lé
802 2634 1692 2684 ressent devant certaines images d’annon¬
1696 2651 2574 2708 gion d’honneur en 1806 et qui contempl
783 2669 1697 2730 ciation. Et elle à nuancé avec un art par¬
1694 2684 2568 2745 les troupes de la République. M. Delaitr
792 2700 1686 2758 fait les vers de M. Maurice Allou. II écrit
782 2734 2571 2810 purement et sa musique douce. tendre. est u donné à ce centenaire un aspect asse
