3484 4192
1183 187 1320 248 Ma#
278 196 1524 264 16.3. Die letztenken
817 1066 950 1113 d.
395 1072 959 1156 6 Val. quatosdterferzn e quinta
397 1134 527 1193 irteef¬
394 1186 523 1223 OMA¬
613 1166 1269 1246 TEATRT
387 1211 519 1250 pägtio
408 1243 519 1287 muc¬
546 1224 1332 1304 ·Le ultime maschere., dl A. Schnitzler
824 1286 1025 1340 al Valle
402 1275 532 1339 plzzi¬
402 1320 492 1369 10.
562 1321 1330 1376 Dello Schnitzler si é rappresentate quaiche
535 1372 1333 1407 tempo fa. sulle scene dell Argentina un altro
527 1394 1331 1459 lavoro dal iitolo II pappagullo verde, che ehbe
530 1437 831 1485 Bucna fortuna.
549 1458 1333 1508 II dramma in un atto di ieri sera se ne
455 1501 531 1545 de¬
529 1495 1336 1543 discosta, perché vi predomina un senso di e¬
401 1537 1338 1609 1 do¬ #traggine, che deriva dallambiente speciale
531 1571 1327 1619 in eui si svolge — un ospedale — e che hn
417 1606 1320 1660 ope-1da prinelpio sovrasta come un'oppressione.
564 1651 1340 1685 Neé protagonista Carlo Rademacher, un gion.
531 1686 1342 1731 nalista, che si trova agonizzante nella camela
416 1704 528 1744 ronO
534 1725 1342 1751 di un ospedale. La sun vita é stata una loita
533 1758 1337 1788 continua contro le piü grandi avversitä, che
409 1758 529 1801 onst¬
538 1786 1336 1824 lo hanno ridotto alla miseria. Egli ha avuto
412 1785 521 1822 uale,
421 1816 530 1855 sung
547 1813 1347 1866 un compagno di gloventü, che é stato invese
418 1846 478 1890 —4
538 1857 1342 1896 favorito dalla fortuna e che ha saputo con¬
545 1880 1338 1925 qutstare riecherze, onori e il nome di poeta
542 1926 1336 1963 Illustre. Lo odia, perché si sente superion
426 1939 486 1988 V0
540 1951 1349 2007 a lul per Ingegno, per onesta. Prima di mo¬
429 1980 520 2024 taftt
536 1986 1354 2052 rire vuol vederlo, gettargli in faccia 1l suo
427 2008 528 2060 del¬
529 2036 1347 2066 disprezzo e dirgli anche und cosa atroce, che
539 2064 1327 2105 deve avvelenargli l’esistenza di uomo felise.
434 2050 525 2103 che
461 2094 528 2130 Se.
547 2096 1338 2133 Si rivolge al suo vielno di letto, un attore
410 2098 458 2159 1
545 2125 1335 2165 comico, anch’egli in fin di viia, per pregarto
422 2145 527 2199 tini.
533 2156 1342 2219 di provare la scena, che avrà con l’amicb.
541 2191 1345 2232 II gloralista, preso dall’esaltazione dell’o¬
424 2183 527 2239 wen¬
544 2235 1343 2276 die. comineia ad alta voce ad inveire contro
423 2236 535 2300 anto
543 2269 1335 2312 T’attore. come se fusse il suo avversarice
411 2287 522 2327 rarl:
540 2301 1350 2347 rivela iI segreto. Egli é stato l’amante per
410 2319 535 2351 uece¬
546 2337 1080 2385 due auni della moglie di lul.
413 2340 534 2383 altri.
558 2366 1326 2414 Finita la prova, le forze lo abbandonano
421 2376 467 2406 I
423 2399 1346 2437 esen- Peade quasi svenuto sulla poltrona. Quando
417 2433 536 2483 pros
534 2432 1345 2498 glunge il poeta, egli lo guarda fisso, in modo
550 2480 1332 2520 da fargli comprendere iI sentimento d’odio,
422 2473 535 2523 ##ve¬
541 2507 1335 2552 che lo divora, ma non parla: ha mutato av.
419 2512 530 2555 iento
423 2544 530 2578 Smu¬
542 2535 1348 2585 viso. Perché dirgli la verltà? Ache cosa vale
420 2569 531 2611 wato
550 2577 1339 2624 gloire per un momento del dolore altrul. s
418 2600 523 2632 con¬
544 2605 1343 2655 domani non sarà piü? E cost nulla rimane
425 2627 535 2661 din¬
552 2651 1331 2686 del livore, e gli da h##ece 11 suo ultimo sa¬
421 2638 550 2691 aves¬
412 2671 1335 2720 dero,I luto. All’attore, che 'interroga, risponde col
537 2712 1331 2757 pi grande sconforto: s Che cosa ha da fare
545 2751 1290 2796 uno di nol. con quelli che domanl sono ar
420 2754 528 2808 dica
544 2789 881 2841 cora al mondo? „
418 2793 532 2836 Iuna¬
1253 2808 1294 2854 al
565 2791 1247 2871 Questo (juadro & riprodotto con un certo
419 2830 533 2863 azio¬
542 2843 1224 2904 tiflzlo, ehe offusca un po' l’idea prine
404 2858 531 2913 Ibbli-
542 2889 1262 2936 ma, a parte cio, Vezione, che é avvlvata da
408 2900 522 2959 1d u¬
544 2924 1224 2969 parola scherzosa dell'attore malato,
406 2938 533 2982 11 di¬
534 2957 1319 3006 manca di elementl per attrarre ed inferes¬
427 2966 522 3005 elet¬
538 2986 1256 3038 sare. II pubblico pero l’accolse senza nes
400 3007 1320 3060 I gas entuslasmo, malgrado la vigorosa recitazione
545 3055 1143 3105 del Ruggeri e quella del Ferrero.
401 3068 530 3116 a del¬
387 3067 1336 3143 mazio Segul poi la commedlia Zampe di moica di
682 3217 1256 3369 Reuee
970 3346 1397 3484 2 00
1579 161 2132 269 box 22/2
2483 601 2875 671 Telephon 12 81.
2001 702 2635 840 „OBSERVER“
1760 820 2868 895 österr. behördl. konz. Unternehmen für Zeilungs-Ausschnitte
1916 882 2746 967 Wien, I., Concordiaplatz 4.
2107 954 2538 1031 Vertretungen
1782 995 2873 1093 #in Berlin, Budapest, Chicago, Christiania, Genf, Kopen¬
1796 1048 2875 1126 hagen. London. Madrid, Mailand, Minneapolis, New-York,
1830 1095 2822 1150 Paris, Komn, San Francisco, Stockholm, St. Petersburg.
2129 1140 2548 1195 (Ouggenangabe ohne Gewährj.
1785 1139 2917 1260 Parrchnwict au. Cpak-Ang.9) Nolkcan
2081 1295 2866 1400 — 0E..
1786 1300 2114 1365 vom: Z 5.
1737 1353 2678 1474 f Ultime maschere - di A. Schnitzler
2075 1454 2319 1523 al Valle
1797 1494 2644 1568 Sidnto in un ospedale. Carlo Rademacher,
1753 1547 2638 1591 giornalista, agonizza; un altro malato, attore
1755 1583 2633 1636 drammatico, e anche egli piü di la che di qua,
1755 1626 2644 1660 pur riuscendo ad illudersi ancora e a passar¬
1750 1646 2646 1701 sela in piedi, di ottimo umore. Un medico fret¬
1753 1683 2647 1731 toloso viene per la solita visita; e improvvi¬
1758 1720 2640 1777 samente iI giornalista malato ha un pensie¬
1767 1753 2650 1802 ro, un desiderio: vedere ancora una volta,
1761 1794 2652 1839 prima dimorire, Alessandro Weihgast, celebre
1757 1830 2631 1867 poeta e gia suo amico: e questo chiede al me¬
1757 1860 2646 1898 dico, il quale esitz un poco, pol, essendo in
1750 1895 2649 1943 fondo di buon euore, acconsente e si reca
1755 1923 2635 1972 egli stesso a chiamare il poeta. — Perche il
1766 1947 2640 2000 morente vuol rivedere costui? — 10 conüda
1753 1984 2643 2040 egli stesso al comico, i1 quale, da bnion artista
1758 2012 2644 2063 di teatro, gli bropone subito di far insieme“
1764 2044 2643 2103 la prova della scena che dovra svolgersi tra
1745 2082 2645 2146 posto: egg vuole, prima di morire, vendichr¬
1805 2115 2645 2164 colui, II poeta di piccolo cervello e di!
1766 2153 2647 2204 Solia fortuna, e riccoe felice; egli invece, II
1764 2188 2649 2235 povero professionista della pemna. ma di lni
1748 2222 2645 2265 tante piü meritevole per ingegno, per studio,
1759 2265 2642 2314 per onesta, é rimasto povero e sta ora per mo¬
1755 2290 2581 2331 rire abbandonato in un ospedale.... Ora,
1749 2313 2646 2374 fantasma di questo passato fatto di inginsti¬
1747 2358 2642 2412 zia e di miseria, lo fa spasimare: ebbene, e¬
1761 2387 2637 2437 gli dirà all’norro invidiato tutto il suo odio.
1758 2425 2647 2475 gli rimproverera tutto l’equivoco della sua
1762 2455 2636 2509 gloria immeritata; gli svelerà infine un se¬
1754 2490 2635 2542 Tgreto destinato a turbare per sempre ia sug
1760 2530 2642 2578 pace famigliare.... La prova di questa scena
1748 2561 2644 2604 #terribile riesce perfettamente: il comico pri¬
1757 2593 2643 2648 ma si divert, poi finisce per scappare atter¬
1763 2636 2639 2675 rito alla violenza della veritä che e nella vo¬
1747 2657 2643 2714 Ice del suo strano interlocutore. Ed ecco arriva
1754 2699 2645 2758 il poeta, e arriva insieme il momento della
1748 2735 1972 2781 vendetta.
1777 2757 2645 2815 Restano soll: il poeta saluta T’amico con le
1753 2807 2642 2852 solite frasi di commiserazione; poi, natural¬
1751 2833 2642 2882 mente, parla di sé e pone in mostra la sia
1756 2863 2642 2911 pin dire eid che voleva; lo lascia par¬
1746 2894 2635 2944 lore-epei partire.,.. — Gli é che egli ha
1761 2938 2646 2984 sentito improvvisamiente di non dover turbare
1756 2964 2531 3009 la piccola, fatua vita di quell’uomo:
1758 2999 2635 3049 cosa puo importare a hoi — egli dice poi al
1747 3042 2643 3091 comico — di coloro che vivranno ancora do¬
1757 3071 1926 3114 mani?
2007 3070 2639 3119 Gli unimi sentimenti, le ultime
1745 3101 2642 3165 maschere cadono dinanzi alla maesta della
1750 3139 1906 3191 morte.
1788 3160 2636 3214 Questo il dramma in un atto che fu ieri
1751 3185 2643 3237 Tottimamente recitato dal Ruggeri, dal Fer¬
1755 3237 2640 3277 rero e dagli attori della compagnia che agi¬
1743 3271 2649 3319 esce al Palle. II pubblico lo ascoltó con atten¬
1751 3310 2637 3346 zione, ma non lo applaudi, né lo disapprovo:
1756 3341 2639 3379 lo lasciö fluire come una prefazione di una
1758 3377 2640 3411 conferenza, come und cosa inntile e innocun.
1752 3405 2652 3446 Ed ebbe torto; perché it breve lavoro dello!
1744 3437 1995 3497 Schientzler
2044 3437 2626 3482 noto scrittore austriaco, des
1744 3474 2631 3516 Guaie sentimmo anche poco tempo addieire
1754 3505 2642 3566 una commedia, Pappagallo verde — all’Argen¬
1741 3537 2253 3589 tina, & concettoso e forte
1788 3557 2641 3617 Lo stesso pühblico si diverti sübite dopo,
1749 3608 2636 3643 Tsebbene moderatamente, alla commedia di
1754 3641 2636 3685 Surdon Zampesdi moscas; und quasi rie¬
1752 3669 2644 3714 sthnazione, un curioso nonderille in istile voc¬
1751 3705 2654 3751 chiee a base di vecchie vrovate, nel quale la
1746 3739 2656 3785 Borelli, il Ferrero, la Dolidini, il Campa e il
1737 3772 2642 3816 Bianchi cercarono di infondere un po' di vita:
1755 3806 2632 3851 e di brio. Ma, francamente, il piccolo dram¬
1747 3840 2629 3883 ma valeva ieri sera assai pin della grossolana
1746 3869 2622 3912 commedia: il gipvane scrittore jedesco assai
1753 3912 2331 3962 pin del celebre mago francese.
2383 3946 2622 4021 p. m. g.
