3484 4256
1212 227 1322 298 Ma
1374 232 1522 296 ken
285 226 1539 338 16.3. Die letzten
667 576 1385 654 Bitte, Rückseite beachten ! !
1197 628 1568 717 Telephon 12.801.
1224 732 1373 821 Pie
706 772 1346 867 „UDSEHVER
473 842 1583 925 i. österr. behördl. konz. Unternehmen für Zeltungs-Ausschaltte
618 918 1460 988 Wien, I., Concordiaplatz 4.
810 988 1255 1058 Vertretungen
487 1021 1581 1103 in Berlin, Budapest, Chicago, Christiania, Genf, Kopen¬
492 1097 1588 1144 hagen, London, Madrid, Mailand, Minneapolis, New-York,
523 1135 1541 1202 Paris, Rom, San Francisco, Stockholm, St. Petersburg.
829 1171 1260 1229 (Guellenaagebe ehne Gewähz).
490 1217 869 1312 Ausschnitt aus:
912 1212 1655 1329 Laipziger Mauests Nachrirme.
837 1314 1189 1418 —4 Ke# 10½
465 1329 957 1419 Karl Straubes, beteitigt.
566 1405 1739 1509 ML. B. Das Theater 1’Oeuvre in Paris hat, im Theater Antoin
452 1435 1734 1543 gestiereid, in einer Nachmittagsvorstellung-uennt
478 1497 1741 1581 „Die letzten Masken“ gebracht. Wenn nicht gerade das Odeoi
474 1531 1741 1630 oder das Theater des Arts einmal den Mut hat, der deutschen Dichtkunf
467 1544 1729 1656 die Tore zu öffnen, ist unsere dramatische Kunst darauf angewiesen, si
472 1603 1730 1706 im Vorübergehen mit impressionistisch zusammengestellten Truppen in
470 1635 1732 1751 erscheinen. Die Franzosen ignorieren die deutsche Kunst absichtlich und
478 1682 1734 1785 unabsichtlich, und diese Form der Interpretation dient nicht dazu, sie
464 1717 1752 1811 ihnen klar und verständlich zu machen. Ein Stück, bei dem es keine
467 1763 1745 1861 Toiletten und hübsch angezogene Frauen gibt, hat a priori schon wenig
472 1795 1742 1885 Chancen bei den Parisern. Und so war das Publikum enttäuscht, daß
465 1837 1736 1918 es keine Masken, sondern ein Krankenhaus sah. Das Stück ließ kalt,
461 1880 1736 1986 trotzdem die Schauspieler mit Eifer und Liebe spielten, und die Prese
461 1907 1739 2016 ist ablehnend und unfreundlich. Nur Guy Launay im Matin gzennt
469 1956 1322 2033 die große Kunst Schnitzlers verständnisvoll an.
503 2008 1731 2129 Dr. W. N. Lina Ramann ist kürzlich, 79 Jahre alt München
749 2370 1474 2491 Bitte, Rückseite beachten !!
1289 2448 1677 2536 Telephon 12.801.
1287 2550 1499 2636 ·Pi
692 2600 786 2677 a
791 2614 1437 2695 „ODSEITEN
570 2676 1655 2759 l. österr. behördl. konz. Unternehmen für Zeitungs-Ausschultte
698 2732 1550 2832 Wien, I., Concordiaplatz 4.
901 2806 1340 2892 Vertrefungen
581 2868 1663 2925 in Berlin, Budapest, Chicago, Christiania, Genk, Kopen¬
584 2917 1657 2980 hagen, Londen, Madrid, Mailand, Minneapolis, New-York,
621 2950 1630 3033 Paris, Rom, San Francisco, Stockholm, St. Petersburg.
1163 2991 1349 3031 Seres.
575 3036 1668 3153 Aussohnitt uksAngfurter Zoitung
785 3091 1070 3178 04
584 3160 736 3219 vom:
590 3184 1712 3262 oreuerptares durch Herrn Engels
605 3235 1725 3307 und Frl. Leithner machte die Vorstellung zu einer künst¬
598 3270 1720 3339 lerischen Tat. — Aus Paris wird uns gemeldet: Das
594 3308 1718 3384 Théätre de l’Oeuvre gab „Die letzten Masken“ von
604 3351 1731 3418 Schnitleni einer Uebersetzung von Rémon und Valentin.
601 3389 1728 3465 Dmikker bekührte hier etwas veraltet. — Man berichtet
594 3430 1727 3502 uns aus Brüssel: Von den inieressanteren Konzerten, die
600 3467 1722 3541 junge deutsche Künstlerinnen hier veranstalteten, sind vor
606 3523 1726 3580 allem zwei zu erwähnen: das Violinkonzert, das Frl. Sa¬
614 3550 1744 3616 rata aus Köln mit der trefflichen Begleitung des Herrn¬
607 3583 1729 3661 Prof. Uzielli gab, wobei sich Frl. Sarata als eine ebenso
607 3627 1737 3696 warmblütige und empfindungstiefe wie wohlgeschulte Vir¬
603 3661 1732 3726 tuvsin erwies; ferner das Violinkonzert von Frl. Wihl vom
621 3698 1738 3775 Konservatorium Glindworth=Scharwenka in Berlin. Die
606 3730 1726 3821 Künstlerin brach Werke von Mendelssohn, Schubert, Schu¬
621 3774 1731 3854 mann, Chopin, Brahms und Liszt zum Vortrag. Ihr Spiel
619 3816 1742 3891 war von ausgeglichenster Vollendung und ein weiches Empfin¬
608 3853 1732 3933 dungsleben gab ihm das Persönliche. Beide Künstlerinnen
612 3889 1741 3973 wurden von der Mutter des Känigs zum Spiel in das Palais
601 3962 805 4032 geladen.
1685 227 2142 319 box 22/2
2214 472 2920 559 Bitte, Rückseite beachten !!
2736 529 3127 619 Telephon 12.801.
2249 676 2882 781 „ODSLIVER
2036 739 3120 814 #Esterr. behördl. konz. Unternehmen für Zeitungs-Ausschaltte
2165 818 3007 910 Wien, I., Concordiaplatz 4.
2360 893 2800 955 Vertreiungen
2025 925 3120 1007 ie Berlin, Budapest, Chicago, Christiania, Genk, Kopes¬
2036 1001 3125 1054 kegen, London, Madrid, Mailand, Minneapolis, New-York.
2081 1028 3088 1092 Paris, Rom, San Francisco, Stockholm, St. Petersburg.
2668 1073 2808 1118 ew#l).
2368 1076 2646 1134 (Quellenangabe
3106 1098 3201 1177 91
2036 1125 2424 1208 Ausschnitt aus:
2035 1123 3260 1303 un Gieihsgeuins (res Praste, un
2129 1296 3162 1355 — Aus Paris berichtet unser Korrespondent: In demt
1984 1345 3169 1406 von Lugne Poë mit großem Erfolge geführten Theater
1996 1390 3176 1448 „l'Deuvre“, welches die hervorragenden Werke der fremden
1992 1426 3178 1473 Literatur dem französischen Publikum vermittelt und das
2002 1463 3171 1542 den Schauplatz seiner Vorstellungen je nach Gelegenheir
2383 1502 2520 1565 Artur
2570 1508 3165 1575 Schnitzlers., psychologisch
1997 1507 2354 1571 wechselt, wurde
2092 1551 2530 1614 interessanter Einakter
2526 1540 3161 1616 „res—deffliefes Masques“
2007 1558 2095 1615 so
2003 1599 3174 1650 aufgeführt Das Publikum des Théatre Antoine, in welchem
2004 1640 3176 1693 diese Vorstellung stattgefunden, war von der seinen psycholo¬
2008 1676 3168 1735 gischen Studie des Wiener Autors tief ergriffen und stand unter
2007 1721 3160 1769 dem eigenartigen Zauber der Dichtung Schnitzlers Der
2008 1757 3168 1824 „Figaro“ äußert über das Werk: „Wir kennen noch nicht
2001 1813 3175 1871 genügend in Frankreich Arthur Schnitzler, welcher
2007 1841 3172 1899 eine der größten literarischen Berühmtheiten Oesterreichs
2753 1883 3168 1948 ein hervorragendes,
2724 1891 2762 1930 t
2107 1889 2653 1954 „Les derniers Masques“
2279 1921 3168 1993 fein empfundenes Werk, in welchem
2000 1932 2259 1996 ergreifendes,
2017 1962 3172 2034 sich in bewunderungswürdiger Weise eine große szenische
2009 2004 3166 2069 Geschicklichkeit mit einem richtigen Gefühlsausdruck vereinigt.
2009 2063 3174 2110 Die im Stücke vorherrschende Idee ist von großer Schönheit
2010 2089 3165 2159 und vermag eine außerordentliche Gefühlsbewegung zu er¬
2006 2134 3182 2199 zeugen, wenn sie auch grausam und von einem unerbittlichen
2013 2198 3173 2236 Realismus ist. Die Charaktere und die Personen haben einen
2007 2227 3169 2276 tiefen philosophischen Sinn. Lugne Poé spielte den
2018 2260 3190 2325 Weighart mit großer Wahrheit und Natürlichleit in der
2954 2305 3187 2398 4
2006 2311 2759 2386 Charakteristik, in welcher er Meister ist.
2681 2523 3079 2611 Telephon 12.501.
2132 2658 2894 2766 „OBSERVER
1993 2740 3078 2807 s. öeterr. beh. konz. Unternehmen für Zeitungs¬
2193 2798 2871 2868 Ausschnitte und Bibliographie.
2170 2849 2934 2933 Wien, I., Conoordiaplats 4.
2393 2916 2708 2985 Vertretungen
1995 2956 3084 3022 in Dertin, Brüssel, Budapest, Chicago, Cleveland, Christiasis,
2110 3011 3079 3059 Kegsstagen, London, Madrid, Malland, Minneapelle.
1993 3050 3088 3100 New-Vork, Paris, Rom, San Françisco, Stockholm, St. Posese¬
2397 3088 2671 3145 burg, Toronto
2344 3097 2857 3187 (Oasilesengabe elme Geuür.
3117 3126 3212 3207 #
1978 3183 2387 3268 Ausschaltt aus:
2439 3261 3165 3370 Cremdenblart wiee
2120 3319 2597 3417 K
2150 3504 3272 3582 eje de Braurwahl“; Dert fnach E.& Böss¬
1884 3574 3055 3622 manns Erzählung) und Musik von Ferruccio Busoui, statt.
2044 3617 3272 3683 Aus Paris wird uns vom 2. d. telegraphiert: Schnitzlers Drama
1893 3656 3275 3732 „Die letzten Masken“ erzielte mit Lugne Poe in der Hauptrolle
1881 3697 2817 3770 im Theater Deuvre einen durchschlagenden Erfolg.
2031 3755 3272 3827 Kapellmeister Rudolf Schwarz hat anläßlich seines ersten
1890 3796 3269 3867 Engagements als Kapellmeister am Stadttheater in Czernowitz sehr
1895 3832 3270 3899 schöne Erfolge erzielt und eine ganze Reihe von älteren und modernen
1879 3880 3287 3975 Operetten-untel dem Beifall des Publikums dirigiert.)4
