3484 4256
1161 216 1243 281 M.
243 216 1495 328 16.3. Dieletztenen
418 837 1247 938 „OBSERVER
521 912 1206 993 I. österr. behördl. konzessioniertes
484 962 1240 1048 Unternehmen für Zeitungs-Ausschnitte
554 1023 1177 1108 WIEN, I., WOLLZELLE 11
634 1085 1099 1147 FELEPHON R-23-0-43
444 1215 805 1301 Ausschnitt aus:
673 1257 1141 1423 Aneiter Snesre
438 1439 585 1514 vom:
666 1445 969 1549 • A NOV.
506 1648 1279 1714 Lilerarische Totengedenkfeier im
693 1701 1091 1757 Raimundtheater
494 1750 1350 1803 Diese schöne, pietätvolle Feier für die ver¬
448 1788 1337 1856 storbenen Dichter Hofmannsthal, Schnitzler
441 1833 1342 1905 und Wildgans litt unter dem offensichtlichen
449 1874 1343 1942 Bestreben, ihren Zweck durch eine gewisse
451 1916 1343 1976 Verhaltenheit im Ton nachdrücklichst zu
442 1954 1346 2036 unterstreichen. Das hätte aber von der Regie
451 2001 1357 2065 in einem entsprechenden Verhältnis zum
452 2041 1346 2107 Raum gebracht werden müssen. Dann wäre
445 2085 1353 2167 von den drei zur Aufführung gebrachten Ein¬
449 2128 1341 2202 akt m. nicht der erste, Hofmannsthals
444 2167 1349 2244 „Der Tor und der Tod“, nahezu wirkungs¬
447 2217 1348 2292 los verpufft, weil die schöne Lyrik dieses
450 2254 1356 2335 dramatischen Gedichtes von den Ohren kaum
440 2295 1358 2363 zur Hälfte aufgenommen werden konnte.
451 2338 1356 2413 Sein Grundgedanke, daß ein junger, sterben¬
456 2377 1363 2446 der Edelmann die Verpfuschtheit seines sinn¬
447 2424 1360 2493 los verbrachten kurzen Daseins erst zu spät
458 2463 1360 2534 erkennt, wurde darum wohl vom großen Pu¬
445 2518 1199 2573 blikum mehr erraten als verstanden.
529 2542 1354 2628 Schnitzlers tragikomisches Dramo¬
451 2589 1357 2661 lett „Die letzten Masken“ geriet schon weit
463 2642 1360 2707 besser. Die Absicht des Dichters, zu zeigen,
451 2669 1370 2737 daß es dem Menschen, selbst wenn es schon
449 2716 1374 2789 ans Ende geht, schwer fällt, sich seelisch nackt
453 2752 1374 2844 zu zeigen, da immer noch tief im Inneren
452 2810 1365 2880 ein winziger Hoffnungsfunke glimmt, wurde
464 2870 1007 2941 voll zur Geltung gebracht.
526 2882 1370 2959 Künstlerisch am stärksten befriedigend aber
458 2934 1375 3009 war die Aufführung des Gerichtsstückes von
465 2966 1378 3054 Wildgans „In Ewigkeit Amen“ Ludwig
472 3007 1373 3099 Stössel — der aber diesmal auch nicht immer
467 3062 1369 3136 vollverständlich sprach — verstand es so recht,
458 3110 1365 3187 das Erstaunen des Missetäters Gschmeidler
472 3152 1378 3223 glaubhaft zu machen, dem im Gerichtssaal in
473 3191 1379 3262 Gestalt des jüdischen Schriftführers Doktor
465 3232 1374 3336 Zwirn die christliche Barmherzigkeit begegnet.
464 3395 1375 3449 „Gelobt sei Jesus Christus!“ entfährt es da
479 3439 1384 3491 Gschmeidler unwillkürlich angesichts dieses¬
469 3482 1371 3536 Wunders. „In Ewigkeit Amen“ setzt Doktor
471 3530 1366 3573 Zwirn ergriffen hinzu. Die Herzenswärme
464 3571 1365 3627 dieses gleichfalls tragikomischen Einakters
465 3602 1202 3672 spiegelt den ganzen Wildgans wider.
531 3646 1379 3711 Neben Stössel sind Fräulein Lang
466 3695 1371 3757 und die Herren Inger, Barnay und
459 3742 1362 3804 Firner unter den Darstellern besonders zu
452 3776 608 3837 loben.
902 3782 1301 3848 Dr. Rudolf Felber
1591 201 2116 305 box 22/2
1791 782 2623 891 „OBSERVER'
1889 876 2577 933 I. österr. behördl. konzessioniertes
1860 931 2633 987 Unternehmen für Zeitungs-Ausschnitte
1933 980 2548 1055 WIEN, I., WOLLZEILE 11
2001 1041 2471 1101 TELEPHON R-23-0-43
1795 1173 2181 1235 Ausschnitt aus:
1799 1399 1949 1457 vom:
2103 1431 2557 1529 Des Kfelne Blatt, 408
2218 1549 2672 1651 & 5. HOy. 1934
2047 1693 2586 1849 Theater
1833 1833 2703 1932 Gedenkfeier für Hofmannsthal,
1946 1909 2626 1989 Schnitzler und Wildgans.
1889 1966 2757 2041 Am I. November zogen Hofmannsthals
1830 2019 2742 2075 „Der Tor und der Tod“, Schnitzlers
1832 2057 2738 2119 „Letzte Masken" und Wildgans' „In
1844 2098 2727 2160 Ewigkeit Amen“ an einem tiefergriffenen
1850 2145 2725 2210 Publikum auf der Bühne des Raimundtheaters
1851 2189 2735 2254 vorüber. Hofmannsthals mehr formschöne als
1846 2234 2731 2289 inhaltreiche Sätze verhallten im Raume, wurden
1845 2272 2740 2345 nicht so gesprochen, das Ganze nicht so gespielt,
1839 2316 2753 2363 wie es diesem so sehr auf Schönheit gestellten!¬
1850 2362 2758 2422 Spiel vom Sterben eines Egoisten entsprach.
1838 2402 2732 2458 Weit besser stand es mit dem Einakter Schnitz¬
1837 2428 2734 2492 lers. Da stirbt ein Armer, will sich noch vor dem
1848 2489 2728 2542 Tode an einem leeren Jugendfreund rächen, der,
1853 2523 2744 2587 ohne viel wert zu sein, ihm immer im Leben
1839 2567 2734 2630 weit voraus war. Und als der kommt, sich zu
1840 2616 2741 2664 ihm setzt, aufgeblasen in seiner hohlen Eitelkeit,
1846 2656 2731 2712 da kann der Sterbende nichts mehr sagen. Nur,
1841 2704 2745 2756 daß er ihn noch einmal sehen wollte. Hans
1854 2745 2749 2796 Frank gab den geckenhaften Modeschrift¬
1839 2769 2749 2849 steller, den Phrasenhelden und Mauldrescher
1840 2832 2740 2885 ausgezeichnet. Die kurze Szene seines Auf¬
1852 2871 2751 2938 tretens umriß ein ganzes Leben. Egon Frie¬
1843 2915 2744 2975 dell als Assistenzarzt Dr. Hahnschlöger ist ein¬
1845 2960 2741 3018 fache, unbedingte Kunst hoher Klasse gewesen.
1905 3000 2755 3054 Nahm dieser Einakter und die Art, in der
1844 3043 2748 3110 er gespielt wurde, immer mehr gefangen, so
1848 3085 2766 3132 wurde „In Ewigkeit Amen“ zu einem künst=
1848 3135 2760 3193 lerischen Erlebnis, wie man es in dieser:
1851 3168 2739 3218 Saison noch nicht gehabt hat, im heutigen
1852 3217 2732 3269 Theater überhaupt selten hat. Paul Barnay
1843 3257 2746 3310 als Untersuchungsrichter offenbart eine Kunst
1850 3309 2739 3359 von vollendeter Einheit, tiefster Realistik und
1853 3337 2735 3398 wahrer Überzeugung. Ludwig Stössel gab
1847 3391 2744 3446 den Beschuldigten. Die beiden einander gegen¬
1856 3429 2739 3483 über, das war ein Kunstgenuß, der beglückte.
1854 3469 2751 3529 Dazu Manfred Inger als Schriftführer Doktor
1849 3514 2733 3568 Zwirn, Lotte Lang als Prostituierte Dwor¬
1853 3558 2744 3612 schak, Erich Pohlmann als Oberkellner
1852 3600 2744 3660 Kritzenberger, sie alle von einer solchen schau¬
1842 3644 2736 3703 spielerischen Höhe und Reise, daß es eine
1843 3691 2741 3745 weihevolle Gesamtwirkung sondergleichen gab.
1841 3728 2747 3784 Man konnte sich vor freudigem Erstaunen gar
1849 3750 2752 3828 nicht fassen, Hier draußen in der Vorstadt auf
1849 3808 2740 3885 einmal der göttliche Funke erlesenster Schau¬
2570 3857 2738 3932 S—r.
1841 3860 2080 3929 spielkunst!
