3484 4192
1192 237 1475 303 Masker
271 242 1524 345 16.3. Die letzten
905 509 1500 618 Klose & Seidel
810 609 1588 679 Bureau für Zeitungeausechnitte.
740 675 1627 735 Berlin NO. 43, Gcorgenkirchplatz 211
814 766 1576 846 (Liest die meisten Zeitungen und ist das
809 832 1586 898 bestorganisierteste Bureau Deutschlands.)
1225 954 1364 1026 722
588 970 1550 1063 Zellung
589 1073 785 1151 Ort: —
1087 1081 1675 1172 Paris
590 1187 1020 1272 Datum:
1191 1204 1396 1269 —
1258 1231 1595 1340 Z AON 21
1263 1369 1716 1499 Théätres
1056 1534 1623 1649 Al(Euvre
942 1662 1821 1727 Ariane blessée, poème dramatique en trois actes,
1162 1709 1592 1771 de M. MaunicE Autov.
938 1749 1818 1805 Les Derniers Masques, un acte de M. Akrnun
1261 1793 1497 1840 ScHNTTzLER.
975 1818 1806 1903 Le speetacle que lo thcälre de e rGu¬
950 1888 1813 1934 vren donnait, hier en matinée, au Théätre¬
948 1921 1815 1977 Antoine, ressemble fort, par sa neutralité,
942 1963 1820 2029 par sa sagesse, aux derniers spectacles de
951 2012 1818 2055 ce théätre jadis novateur et mème révolu¬
938 2034 1817 2099 tionnaire. Avee l’äge, & l’Euvre s prend de
949 2072 1817 2144 la circonspection. Peut-étre est-ce là une
939 2119 1820 2176 circonspection forcée? Peut-être des cu¬
956 2150 1812 2218 vres originales manquent-elles à ce théätre
950 2192 1824 2257 comme elles manquent aux autres jeunes
945 2230 1816 2295 entreprises? Car on ne saurait reconnaitre
950 2268 1825 2325 aucune originalité à l'Ariane blessée, de
943 2304 1817 2362 M. Maurice Allou, almable ouvrage dont la
945 2345 1825 2409 poésie a la saveur de certaines confiseries
947 2382 1826 2440 fades, ni méme à l’acte de M. Arthur
955 2423 1822 2497 Schnitzler, Ves. Derniers Musques, traduit
953 2463 1833 2526 dans un täes sobre langage par M. Rémon
959 2506 1394 2569 et Mme N. Välentin.
1043 2531 1833 2607 1regne entre le sujet et la poésie
965 2578 1828 2639 d’Ariane blessce une réelle harmonie. P’un
964 2621 1830 2672 et l’autre, en effet, sont faciles et banaux.
960 2660 1829 2717 Nallez pas vous attendre à vous trouver
963 2707 1831 2764 face à face avec la glorieuse héroine aban¬
969 2731 1831 2793 donnee par Thesée, celle dont Racine a dit
971 2787 1195 2843 à jamais:
1025 2818 1767 2871 Ariane aux rochers contant ses injustices.
998 2851 1842 2924 C’est beaucoup plus simple. Une jeune
954 2890 1835 2965 üille épouse un poête frivole, Lysis, malgré
963 2945 1843 3010 les averlissements de Demios, jeune
962 2995 1848 3034 homme sincère et qui l’aime. Cette Ariane
964 3024 1850 3081 espere en valn imposer au Volage Ly’sis
963 3049 1865 3112 une impossible fidélité. Lysis se laissera
974 3087 1859 3154 reprendre par une ancienne amie, Evadné,
972 3145 1850 3191 au moment méine ou la pure Ariane re¬
966 3172 1858 3237 pousse la tendresse constante de Demios.
978 3219 1861 3265 Celui-ci, pour venger l’épouse, tue Lysis.
978 3243 1861 3320 Mais Ariane restera fidele au souvenir de
971 3302 1117 3354 Lysis.
1002 3310 1859 3381 Aces noms vous avez compris que cette
976 3369 1858 3429 aventure d’une fidèle de Bunique amour se
968 3405 1855 3484 passe en Grèce. Elle pourrait tout aussi
973 3440 1861 3506 bien se passer aux Batignolles. Mais cer¬
974 3490 1860 3539 tains poctes eroicht que la Gréce, avec
972 3524 1863 3585 T’usage du péplum, apporte une nécessaire
978 3560 1859 3633 poésie. C’est cetie idée fächeuse qui rend
977 3603 1860 3654 si fausse, si ennuveuse, la poésie des poétes
980 3649 1317 3710 de l’apparence.
1015 3662 1875 3731 Le poème dramatique de M. Allou a ét6
970 3731 1862 3803 interprété avec aisance par MM. Henri Rol¬
989 3754 1879 3812 lan (Demios) et Ducollet (Eucratès). M. Gar¬
981 3789 1868 3850 #rigues fut svelte et chaleureux dans Lysis,
988 3838 1869 3892 Alle Alice Beylat, fort belle et d’un jeu
981 3867 1877 3930 nuancé, faisait Evadné, tandis que Mlle Vera
978 3917 1873 3980 Sergine prétait à la pauvre Ariane sa mi¬
991 3941 1883 4017 mique et sa voix frissonnantes, si émou¬
987 3991 1706 4055 vantes aux minutes de paroxysme.
1033 4009 1871 4081 M. Schnitzler expose dans les Derniere
998 4078 1878 4126 Masques, avec unc intensité dramatique
971 4101 1887 4174 Uréelle, un fait psychologiquc d’observation
1666 234 2131 318 box 22/2
1936 1356 2403 1488 Musique
1817 1514 2708 1581 courante et qui pourrait prêter à de beaux
1826 1572 2683 1617 développements dans un grand ouvrage.
1857 1593 2703 1647 Certains étres sont à jamais voués à la
1826 1633 2712 1695 défaite. Rademacher et Weighart étaient
1834 1684 2723 1734 compagnons de jeunesse et mèmne intimes
1829 1709 2722 1766 amis. Peu à pen ils se sont séparés. Wei¬
1825 1745 2723 1818 ghart réussissait, devenait célébre et riche
1828 1793 2711 1851 tandis que Rademacher, obscur journaliste
1827 1845 2710 1895 plié aux plus éccurantes besognes, sombrait.
1831 1861 2716 1932 Aujourdhui, dans un hopital, il agonise.
1829 1901 2714 1971 Avant de mourir il envoie, comme pour Jui
1830 1956 2715 1999 contier un grand secret, chercher Weighart.
1825 1986 2722 2039 II veut, avant l’heure supréme, dui erier
1827 2026 2712 2078 sa haine et son mépris et Jui apprendre
1833 2055 2726 2127 qu'il l’a trompé avec sa femme. Mais
1829 2095 2725 2154 Weighart parait et le féroce Rademacher
1828 2135 2723 2189 redevient subitement petit, pitoyable, ti¬
1838 2170 2739 2239 mide. L’ascendant de Weighart d’abord,
1831 2213 2726 2284 mais aussi sa simplicité sans envie et sur¬
1826 2248 2730 2321 tout la pitié qui émane du récit douloureux
1842 2271 2738 2359 qu'il fait à Rademacher de sa pauvre vie
1835 2330 2720 2395 de grand homme, tout cela a anéanti le
1838 2367 2731 2450 mortbond. Et il meurt, à jamais voué au
1846 2419 2161 2475 röle de vamneu.
1881 2417 2743 2502 M. Lugné-Poé, très simple dans Wei¬
1838 2483 2741 2547 ghart, Dhurtal remarquable dans Rade¬
1836 2514 2738 2576 macher, MMf. Rollan, Frey, Corney et Mlle
1841 2557 2732 2630 Marges jouèrent convenablement ect acte
1853 2605 2731 2664 dont T'atmosphère pénible et la psychologie
1842 2641 2738 2694 amère rappellent la manière déprimante de
1844 2692 2135 2762 Huptmann.
2463 2707 2706 2767 INTERIM.
2523 2756 2756 2819 S
