3484 4224
1364 69 2200 147 Gitime Maschereg ur Tohtterer
1339 133 2213 225 Ultime Maschercr un aite arant
1367 187 2061 264 Dg Meseitatg terl Sin dmn
1288 199 1331 249 4
1309 220 2213 286 üggeri, non piachue al pubhtico del
1303 265 2181 330 VALLE, pubblico nunereso e intelligente.
1336 299 2227 356 K breve dramma ha indiscutibili pregi di
1292 338 2226 396 coneezionee di fatturn; quale dunque la
1300 379 2215 440 ragiole de# insüceesso? Aleuni acchsarono
1296 421 2226 480 il colere troppo eguale e troppo lugubre
1309 452 2219 524 del guadro scenico. Certo, per un leuer de
1298 502 2213 550 ridean argomento ed ambiente non Soho
1310 520 2231 599 molto piacevell, tuttavia é facile osservare
1300 564 2227 637 che ebbero applausi e fortuna altri lavori
1310 623 2214 680 di tinta pin fosen, di siguificato pin deso¬
1304 671 1470 723 lante.
1348 696 2217 754 Ma in questi drammi di un genere spe¬
1307 742 2231 812 ciale dove intta Inziole é brciettata neile
1309 779 2229 846 poche scene conclusive deve essere und stu¬
1308 825 2233 879 dio continuo di chiarezza e una sapiente
1318 853 2228 906 distribuzione desli effetti. Un solo effetto
1321 891 2189 955 maneato determina la caduta del lavoro.
1363 946 2231 988 In Ullime maschere il dramma & comlen¬
1312 953 2237 1036 sato fli due scene, una assai ingegnosa ed
1315 1008 2237 1080 interessante, P’altra umanamente vera, nia
1315 1050 2236 1124 la seconda delude l’interesse suscitato dalln
1330 1107 1501 1165 prima.
1363 1118 2238 1186 Tra i malati piü gravi, in un espedaie,
1330 1160 2247 1236 & Rademacher un vecchio giornalista in¬
1324 1213 2253 1281 fellec, un artista mancato, un raté. Sicuro
1325 1249 2249 1311 della prosstma fine egli insiste perché sia
1331 1294 2254 1344 chiamato si suo letto un amico della sun
1325 1332 2249 1382 giovinezza da molti anni non piu veduto,
1338 1379 2126 1431 Alessandro Weihgast, il celebre poeta.
1437 1407 2257 1466 Ma perché volete vederlo? Gli volete
1340 1447 2259 1498 molto beue? — domanda all’ammalato und
1336 1491 2254 1546 sto combagno di sventura, l’attore comics.
1334 1531 2263 1586 Floriano che si crede guarito, ed é invece¬
1342 1566 2033 1621 anchlegli vielnissimo alla morte.
1433 1598 2244 1651 Lo lo odlo — risponde Rademächer. —
1336 1639 2269 1695 La sua ferinna & immeritata come la min
1346 1682 2263 1728 sventura, da sua gloria é inglusta come la
1340 1725 2264 1783 mig oschrità. Ma con due parole io possc.
1348 1764 2270 1809 vendicare questa inglustizia, e queste paro¬
1342 1801 2089 1857 le. prima di morire, voglio dirle.
1387 1832 2269 1891 Floriano & punto dalla curiesitä e con uns
1351 1877 2271 1934 espediente suggeritogli dall’antico mestiefe,
1355 1917 2265 1972 persuade f'altro a rivelarglj il suo segreto.
1454 1961 2280 2004 Voi siete dehole — gli dice — forse all
1355 2006 2297 2046 mönento buono vimancherà T’energia neces¬
1360 2029 2272 2090 saria, dovete prepararvi a questo colloquto,,
1349 2065 2266 2124 ulle possibili risposte del vestro avversa¬
1355 2116 2285 2172 rio. Proviamo dunque la scena, io assumor
1348 2155 1832 2203 la parte di Weihgast.
1396 2191 2273 2229 E il povero infermo rivela cosl il suo se¬
1360 2220 2271 2276 greto: egli fu per due anni Jamante dellar
1367 2273 2289 2313 moglie di Weihgast, e insieme con lei haf
1357 2313 2276 2354 Dotuto conescere e disprezzare l’ignobile va¬
1353 2335 2279 2395 nità dell’uomo Mllustre. Prima di morire e.
1358 2391 2273 2436 gli avrà la sua rivincita, awvelenand con
1373 2418 2291 2491 T’insultante ricordo gli ultimi gior, del
1361 2463 1623 2518 trionfatore.
1427 2477 2288 2559 Neilerivelariene non scho abbastanza
1362 2545 2292 2592 chiarite le-canse di quest’odlo tardivo. La¬
1363 2583 2289 2626 marezze di und wta mancata, della morte
1368 2621 2196 2664 imminente non bastano a giustificarla.
1411 2661 2280 2713 Né la scena successiva puö illuminarci.
1381 2694 2284 2749 Weihgast viene a salutare il suo vecchio a.
1365 2748 2292 2787 mico, gli parla di sé, dell’epera sua con 1
1368 2778 2265 2819 incorreggibile tronfia vanità, gli offre 3
1377 2821 2298 2883 sua protezielle, il suo denaro, che l’altro ri.
1366 2841 1909 2909 fiutee domanda infine:
1474 2895 2105 2947 Ma cle cosa avevi da dirmi?
1478 2932 2289 2999 Nulia, volevo vederti ancora una voll
1376 2967 1846 3027 ta, prima di morire..
1438 3012 2280 3067 Quando Foriano ritorna a domandard
1373 3053 2282 3103 netizie di quel tragico incontro, Rademag
1379 3083 2292 3143 #cher conclude: — Che cosn abblamo di ços
1375 3133 2300 3191 mine con i viventi, con i felich, noi che mor¬
1385 3163 1722 3217 remo domani?
1420 3207 2296 3258 Si capisce troppo presto che Rademaclen
1383 3248 2289 3307 non parlerà, I suo silenzio é imposto no¬
1388 3292 2293 3333 soltanto dalla ragione sentimentale che eg’i
1388 3328 2305 3374 accenna, ma da una ragione piu perento.
1400 3374 2305 3419 ria di tecnica elementare del teatre. Non
1395 3405 2297 3450 si poteva rinetere la rivelazione glà ascol¬
1387 3443 1992 3497 tata neha scena precedente.
1433 3483 2294 3545 Perció questo finale cosi logico e cosi f..-
1381 3514 2298 3590 eihmente preveduto, fu accolto con un mor¬
1393 3561 1945 3616 morio di disapprovazione.
1432 3608 2305 3662 Fu poi rappresentata la commedia del
1385 3640 2313 3684 Sardem Zaspe di mosed, che pud vivere
1398 3677 2312 3739 nel repertorio con eguale fortuna di altre.
1385 3707 2315 3760 dello stesso aufore piü spesso rapbresent#.
1400 3761 2303 3811 te. Tale almeno ieri sera il gindizio del pub¬
1398 3807 2321 3863 blico, che ascoltó con evidente sodisfaziones
1394 3843 2315 3902 eapplandi j bravi interpreti: i Ferrero, le“
1384 3881 2164 3922 Boreili, la Dondini e tuiti gli altri.
1432 3900 2298 3976 Ouesta sera si reptica Zampe di moscch
1399 3963 2249 4018 con una farsa: l giuramento di Orazio.
1448 4006 2289 4065 Venerdi spettacolo in cnore della Borell
1396 4043 2251 4101 si rappresenterà Amanti di M. Donnay.
2176 4104 2233 4133 C
