3484 4192
1187 155 1362 225 Mas
276 157 1531 267 16.3. Die letzten
1209 1116 1288 1176 11 a
697 1168 1691 1243 ·TEUILLETON DU JOURNAT DES DEBATS
1012 1227 1408 1284 n 8 arrli 1918
1149 1338 1287 1410 LA
689 1427 1698 1512 SEMAINE DRAMATIAUE
716 1618 1701 1689 Vaudeville: Mioche, piéce en quatre actes et un ta¬
733 1670 1703 1730 bleau de M. P. Berton; On nait esclare, comédie
736 1702 1709 1749 en trois actes de M. Tristan Bernard. — Théätre
736 1750 1702 1803 de 1’(uvre: Ariane biessce, piéce en trois actes,
745 1773 1703 1854 par M. M. Allon; Les derniers masques, piécc en
743 1818 1712 1886 un acte de M. A. Schnitzler, traduite par MMf. Rémon
744 1866 1013 1918 et Valentin.
744 1898 1713 1975 Dans beaucoup d’années, quand il sera de¬
700 1962 1707 2025 venu savant de faire des thèses sur le théätre
705 2006 1714 2071 en France au vingtième siecle, un professeur
705 2055 1703 2114 en Sorbonne donnera à nos nevenx une mono¬
714 2097 1711 2166 graphie de la pétite grue. Gest un personnage
707 2151 1719 2211 national. Les Anglais fabriquent par milliers
714 2209 1711 2263 des danseuses aux yeux innocents, qui, parleur
714 2242 1713 2309 décence, leur fierté, leurs bonnes fagons, leur
707 2293 1721 2353 désintéressement, leurs vices, leur dignité pro¬
710 2350 1731 2417 fessionnelle, leurs jalousies orgueilleuses, Teur
726 2403 1717 2459 esprit de mensonge et leurs vilenies ’secrêtes
726 2436 1716 2507 sont de fort singulières petites choses. Mais
721 2491 1714 2544 zes piris ne paraissent point dans lalittérature.
725 2537 1433 2603 In’est petite grue que de Paris.
765 2585 1725 2644 C’est une mince, une insouciante et une son¬
727 2643 1722 2692 ple personne. Enfant, elle a été battue et elle
715 2687 1731 2744 n'afait qu’en rire. On lui a fait la cour, et ses
726 2723 1721 2784 soupirants l’ont fait rire aussi. Midinette, elle a
720 2777 1725 2835 travaillé dix heures par jour. Un beau jour,
727 2825 1727 2879 elle a cessé de travailler. Elle est amoureuse,
716 2872 1729 2950 et, en méme temps, elle sait, comme on dit,
718 2914 1727 2975 fort bien compter. Elle est aimable, mais sus¬
718 2967 1732 3023 ceplible. Elle est ignorante comme une carpe,
731 3026 1725 3077 mais elleal’esprit si vif qu’elle apprend tout.
729 3074 1719 3129 Elle ment avec subtilité, mais elle est si spon¬
772 3120 1225 3219 Reproduetion interate.
1678 142 2136 245 box 22/2
1707 1138 2847 1210 Vtanée qu'elle ne soutient guère ses mensonges. 1 moi
2734 1190 2839 1258 l’ap
1703 1194 2726 1260 Elle adore la campagne, la danse, le canot, la
2736 1247 2839 1315 por
1715 1244 2726 1304 friture, la toilette, les romances et la supério¬
1720 1295 2725 1355 rité. Elle a les goütsles plus élégants comme les
1715 1349 2715 1409 plus canailles. Elle est socialiste et méme anar¬
2724 1338 2863 1414 pag
1722 1410 2856 1451 chiste; elle fonde ses doctrines sur des raison-I vers
1717 1437 2719 1498 nements simples, absurdes et tout de mème
2733 1440 2850 1504 On
1720 1499 2862 1555 pleins de hon sens. Elle parle un langagejeu
1709 1533 2717 1603 prompt, savoureux, varié en ses tours, peuplé
2732 1537 2857 1602 Ang
1723 1580 2729 1636 d’interjections, dont elle ne se défait jamais.
2733 1584 2863 1650 tum
1728 1630 2728 1686 Elle est bohème et bourgeoise, rosse et bonne
2737 1629 2860 1694 aux
1720 1678 2734 1733 fille, moqueuse et sensible, soignée et parfois
2736 1684 2859 1737 votr
1723 1724 2728 1791 un pen sale, pimpante et lihre. Et elle a vingt
2740 1726 2858 1785 tres
1729 1772 2723 1841 ans. Que devient-elle? On ne sait. Ellese marie,
2744 1770 2858 1833 c’es
1718 1810 2727 1883 elle engraisse, ou elle se cache pour mourir.
2737 1815 2867 1884 lint
2740 1870 2852 1927 Est¬
1717 1875 2730 1950 La mort emporte en troupes, vers le Styx sans
1733 1928 2338 1992 écho, ces fillettes joyeuses.
2719 1911 2871 1985 dem
2733 1967 2865 2026 cun
1769 1955 2723 2032 Voilà un beau sujet pour un nouveau doc¬
2738 2014 2864 2076 n'a)
1729 2017 2726 2067 teur. De Mini d. Foupon, ihese présentée de¬
2741 2064 2867 2131 qu'o
1734 2079 2728 2128 vant la Faculté des lettres de Paris. Ony verra
2743 2105 2866 2173 nes
1725 2116 2726 2177 Musette et Mouche, et Chochotte d'Education de
2746 2161 2878 2217 du :
1737 2168 2728 2232 prince, et Zaza, et quantité d’autres dissyllabes.
1735 2214 2864 2281 Ony verra la pauvre Mioche, qui vient d’étre Thei
1729 2257 2872 2341 amenée par son bref destin sur la scène dulvoilt
2728 2292 2877 2380 Tarß
1732 2310 2011 2374 Vaudeville.
1769 2350 2875 2408 Rose d’Arcy a, durant une saison, chantéi com
1737 2396 2865 2467 l’opérette au théätre de Saigon. Elle revient en jle di
1729 2448 2876 2521 France sur 1é Nepatt, et c’est la qu’elle ren-Tagré
2753 2504 2858 2565 cin
1740 2501 2745 2557 contre cing jeunes officiers anglais. Ils sont
2756 2544 2868 2605 d’Ar.
1739 2556 2736 2609 aimables et bien élevés, mais un seul lui plait.
1739 2591 2872 2657 Naturellement, c’est celui-là qui reste à l’écart. lants
1747 2644 2877 2710 Naivement, Rose d’Arcy se lie avec les uns pas!
1733 2690 2739 2761 pour connaitre l’autre. On lui promet de l'amu¬
1740 2738 2886 2801 ser; on lui apprendra le poker, que ces officiers intér
1742 2785 2885 2855 jouent avec passion, etqui est en effet un sportlce d
1743 2836 2897 2907 fort excitant pour des jeunes gens peu en-Ide k
1749 2895 2897 2954 clins à se divertir de la conversation des poun
2753 2938 2886 2997 asse
1733 2922 2746 3000 femmes. Ceux-ci se mettent galamment au
2756 2976 2897 3052 fait 1
1743 2984 2748 3047 service de la chanteuse française. IIs la prient
1752 3038 2902 3093 de les nommer par leurs surnoms; elle leur dessi.
1743 3057 2913 3141 dit à son tour ie sien; Rose d’Arcy est sondisco.
1703 3135 2914 3210 nom de théätre; l’état-civil la nomme avecpuiss
