3484 4224
526 220 613 340 4
887 455 1043 540 W
392 996 1058 1084 S
1030 1058 1264 1116 Cl. Waléry.
447 1088 1194 1158 Mmne Véra Sergine (röle d'Ariane)
366 1138 1260 1227 nous ont conté l’infortune, et à laquelle Ra¬
379 1201 1259 1269 eine fait allusion lorsque, dans Phédre, il
370 1250 1172 1310 nous dit, dans ces vers si harmonieux:
383 1301 1156 1350 Ariane, mia sceur, de quel amour blessee
388 1311 1241 1398 Vous mourütes aux bords on vous étes laissée.
398 1370 1266 1426 LAriane de M. Allou, elle aussi, vit en
380 1406 1260 1458 Grèce; elle aussi, elle est blessée d’amour,
376 1444 1260 1501 mais elle na peut-étre pas autant à se plain¬
372 1487 1264 1552 dre de son époux que son homonyme du
367 1531 1279 1596 sien Ellena pas été abhandonnée, mais
379 1562 1272 1612 elle reproche à son époux Lysis de ne pas
385 1603 1269 1652 etre sulfisamment juloux de la cour que Jui
385 1636 1273 1706 font ses amis, jeunes Grecs aux allures élé¬
383 1683 1066 1745 gantes, aux brillantes chlamydes.
391 1695 1271 1768 Le sculpteur Démios, plus ardemment
382 1754 1265 1816 epris d’Ariane que ses rivaux, poignarde Ly¬
380 1798 1263 1842 sis qulil surprend sur les pas de la courti¬
382 1827 1275 1881 sane Evadné. Devenue veuve, Ariane ne
386 1865 1272 1918 tardé pas à sentir en elle l’espor d’une ma¬
388 1914 1261 1970 ternite prochaine. Cette esperance la con¬
390 1952 522 2007 sole.
425 1958 1278 2040 L’'cuvre de M. Maurice Allou a été écou¬
386 2017 1282 2080 tée avec sympathie. Elle fait songer aux
382 2059 1277 2110 idviles ou se complaisait la muse délicate et
393 2103 1268 2145 athénienne d’André Chénier: le poête à goo¬
396 2127 1280 2187 té au miel des abeilles de l’Hymette, tout
389 2178 1264 2227 pres des bords de l'llissus, dont Socrate, en¬
396 2205 1267 2268 touré de ses disciples, suivait le cours en
388 2237 1276 2323 tenant ses sandales pour baigner ses pieds
385 2297 505 2349 Hus.
421 2304 1279 2374 Mmne Vera Sergine a personnifié Ariane
369 2355 1269 2408 avée beaucoup de sentiment et d’émotion:
391 2378 1272 2456 elle a été tres applaudie. Citons encore MM.
384 2445 1006 2512 ##an, Garrigues et Ducollet.
782 2479 928 2534 —
424 2511 1280 2575 Le spectacle avait commencé par les Der¬
385 2570 1276 2631 niers Masques, une comédie de l’auteur au¬
381 2616 1282 2683 trichien A. Schnitzler, habilement traduile
396 2641 1289 2697 par MM. Remon et Valentin. La scène se
396 2680 1274 2744 passe dans un hopital. Un pauvre diable de
394 2711 1278 2773 jeurnaliste, Rademacker, se meurt épuisé
393 2754 1287 2821 par ia misère et rongé par la bile. II de¬
403 2790 1280 2853 mande à un des médecins de lhopital d’aller
398 2833 1284 2891 ini chercher un de ses anciens camarades,
400 2870 1292 2936 Alexandre Weihgast, devenu auteur à suc¬
399 2908 1284 2962 ces. Un comédien, son compagnon de salle,
396 2959 1277 3011 qui crache les restes de son dernier poumon,
399 2984 1287 3043 demande au journaliste ce qu’il attend de
408 3035 1285 3086 Tauteur célebre. a Je veux, répond le jour¬
397 3066 1281 3115 naliste, iui dire mon mépris, ine venger de
395 3106 1284 3161 sa gloire; il saura que sa nullité était per¬
407 3145 1279 3190 cée à jour mème par sa femme, qui fut ma
397 3175 1278 3237 maitresse pendant deux ans. 9 Et le journa¬
404 3216 1290 3282 liste et ie comédien jouent d’avancé la scène
406 3244 1288 3305 qui va se produire, quand Weihgast sera lä.
398 3287 1291 3342 Weihgast arrive. II parle à son ami avec
398 3337 1288 3383 bonté; il essaie de le consoler en lui rucon¬
394 3371 1294 3436 tant ses propres peines ses luttes contre les
398 3406 1285 3464 nouveaux venus, ses inquiétudes. Ii termine
401 3437 1292 3520 par ces mots: & Si je n’avais pas nia fem¬
397 3476 1298 3546 #me pour me soutenir, ma vie serait hien
406 3522 1289 3582 pen de chöse v. Charles Rademacker,
399 3565 1290 3629 étonné, peut-étre ému, se tait: il n'a ap¬
416 3581 1297 3646 pelé son ami, lui dit-il, seulement que pour
411 3638 1288 3705 lui serfer la main une dernière fois. Weih¬
416 3672 1294 3731 gast s’éloigne. Au comedien, qui l’inter¬
410 3710 1299 3782 roge, le journaliste répond: & Je plains ceux
415 3753 1029 3820 qui vivront encore demain! „
446 3783 1286 3852 Cette ceuvre curieuse, étrange, mysté¬
413 3825 1293 3882 rieuse, a obtenu un vif succès. Elle a en
402 3866 1289 3939 dexcelients interprétes: MMl. Dhiestal,
416 3914 1302 3957 Henri Rollan et Lugné-Poé, qui a donné le
413 3937 1318 4018 cnractère de la verité au personnage de
418 3989 635 4065 Weihgast.
2448 1334 2807 1417 Telephen 12.801.
2457 1408 2599 1502 D4
1897 1467 2548 1567 „ODSERTER
1692 1527 2805 1626 1. öeterr. behördl. konz. Unternehmen für Zeitungs-Ausschaltte
1881 1599 2612 1679 Wien, I., Conoordiaplatz 4.
2093 1657 2409 1723 Vertretungen
1691 1683 2784 1776 in Berlin, Basel, Budapest, Chicago, Cleveland, Christiania,
1695 1748 2785 1819 Gent, Kopenhagen, London, Madrid, Mailand, Minneapolis,
1692 1769 2784 1854 New-Vork, Paris, Rom, San Francisco, Stockholm, St. Peters¬
2089 1832 2398 1886 burg, Toronto.
2000 1869 2466 1939 (Osch nangabe ohne Gewähr).
1683 1915 2264 2034 Aussehnftt auspa Roynle
2410 1960 2609 2065 Paris
1903 2031 2161 2110 Far 1912
1686 2052 1961 2152 rm
1402 2147 2756 2212 L’CEuvre, à qui nous dümes, naguère, tant d’inoubliables,soi¬
1362 2210 2741 2263 rées et Björnson, Macterlinck et lbsen, continue son utile
1376 2256 2752 2314 besogne en nous révélant de loin en loin d’intéressantes nouveau¬
1374 2313 2751 2377 tés. L’étranger y fut représenté, ce mois-ci, par les Derniere
1376 2363 2765 2424 Masques, un acte saisissant et macabre de M. Schnitzler, qui fait
1373 2428 2764 2485 dire par un moribond sur son lit d’höpitai
1373 2465 2764 2531 amères. II a été tres applaudi. Ariane blessée, de M. Allou, est une
1380 2537 2767 2591 moralité lyrique en trois actes, avec des costumes antiques. II ne
1383 2583 2765 2650 s’agit point, comme on pourrait le croire, de la tragique sceur de
1381 2641 2772 2713 Phedre, mais d’une jeune Hellène gracieuse, de ses hlançailles, de
1381 2675 2779 2747 son mariage, de son veuvage, de sa maternité. Ainsi, dans les
1375 2750 2781 2809 triptyques des vieux peintres, on volt hguré en trois images ie
1389 2788 2780 2853 raccourei d'unc destinée. Cette fable sans heurts et sans trouble
1386 2840 2768 2902 nous fut contée en jolis vers, d’une forme harmonieuse et pure, un
1376 2907 2781 2980 peu dénuée de relief, auxquels M“ Vera Sergine vint au sortir
1392 2953 2763 3024 de Bel-Ami, prêter l’émotion de sa voix et la beauté de ses atti¬
1386 2991 2770 3075 tudes — cela pour nous rappeler, sans doute. qu'elle sait étre
1392 3070 2773 3142 successivement comédienne et tragédienne.. Voilà une chose
1386 3127 1621 3184 entendue.
2266 3149 2800 3248 GABRIEL. TRARIEUx./
