3484 4192
1192 227 1256 295 M.
274 229 1520 331 16.3. Dieletzten
861 1089 1330 1155 tunseenengabe eann Gomcis.
538 1146 902 1231 Ausschnitt aus:
931 1172 1454 1271 Le. Tempe, Patts
532 1267 691 1333 vom:
703 1261 1167 1368 0. APK in8
689 1371 1535 1493 THEATRES
627 1514 1545 1585 □Théatre de 1’(Euvre: & Ariane blessée n
840 1583 1372 1647 dles Derniers masques)
640 1625 1644 1694 Le tifre d’Ariane blessée donné par M. Maurice
610 1682 1630 1715 Allou au drame antique que l’Guvre a repré¬
615 1720 1635 1760 senté hier nous faisait penser à quelque épisode
611 1758 1636 1796 emprunté aux Héroides d’Ovide ou au poème de
616 1790 1623 1849 Catulle. Nous nous attendions à voir l’amante de
599 1833 1633 1872 Kingrat Thésée se lamentant sur la rive du Naxos
610 1877 1624 1913 Gu consolée par Bacchus — symbole dont il vaut
602 1908 1632 1950 mieux ne pas chercher l’explication réaliste. II
608 1954 1636 1999 s’agissait cette fois d’une homonyme. Cette autre
613 1989 1621 2031 Ariane, & blessée d’amour s elle aussi, est une
605 2023 1623 2068 jeune Athénienne chercheuse d’absolu qui se
599 2062 1636 2117 plaint que l’amour de son mari, le brillant et fri¬
608 2106 1642 2142 vole Lysis, n’est pas assez exclusif et jaloux. Ly¬
608 2143 1622 2186 sis meurt frappé par un amant malheureux d’A¬
606 2179 1633 2235 riane qui s’est indigné de le rencontrer suivant
606 2218 1629 2265 les traces d’une courtisane. La veuve, après s’étre
605 2265 1621 2314 abandonnée à la douleur, consent à revivre pour
610 2301 1636 2347 un nouvel amour, plus pur et plus sacré: celui
593 2340 1644 2389 de l’enfant de Lvsis que lui promet une mater¬
598 2375 1635 2423 nité prochaine. Telle est l’action que M. Maurice
604 2410 1627 2466 Allou a développée en trois actes dans une langue
607 2449 1627 2495 harmonieuse. L’érudit Larcher, pour louer Ra¬
609 2490 1636 2536 eine, disait — non sans exagération — qu'il n’é¬
611 2528 1636 2581 tait pas un de ses vers qui ne füt une traduc¬
609 2566 1631 2626 tion. C’est une remarque que l’on pourrait faire
613 2608 1619 2657 peut-étre pour les vers de M. Allou qui ont par¬
608 2646 1636 2694 fois comme un parfum d’anthologie. Mlle Vera
609 2684 1592 2740 Sergine a été émouvante dans le röle d’Ariane.
635 2729 1632 2774 La représentation avait commencé par les Der¬
604 2766 1632 2810 niers masques, une comédie de l’auteur autri¬
605 2794 1626 2849 chien A.-Schnitzler, habilement traduite par MM.
611 2841 1625 2875 Maurice-Re###g-st-N. Valentin. La scène se passe
600 2882 1635 2922 dans un höpital de Vienne. Un journaliste et un
611 2915 1640 2955 comédien, tous deux au dernier période de la ma¬
605 2948 1636 3004 ladie, causent ensemble. Le journaliste, plus rongé
616 2996 1635 3043 encore par le fiel de l’envie qu’épuisé par la mi¬
610 3030 1624 3078 sère, attend la visite d’un ancien camarade, Weih¬
606 3066 1627 3115 gast, plus heureux que lui et devenu célébre. Il
605 3113 1625 3158 annonce au comédien qu’il va enfin dire une fois
597 3144 1628 3206 ce qulil pense à ce Weihgast si adulé; il lui fera
610 3183 1633 3236 savoir que sa parfaite nullité n’est ignorée d’au¬
607 3219 1626 3276 cun de ceux qui le connaissent vraiment. La fem¬
600 3263 1629 3303 me méme de l’écrivain renommé a été sa mai¬
600 3300 1630 3347 tresse à lui, le bohème, et lui a dit l’incurable
592 3326 1627 3386 niaiserie de son mari. Weihgast arrive; il re¬
597 3383 1626 3425 voit, son ami et lui parle avec tant de bonté et
594 3411 1637 3465 d’abandon que le journaliste ému presse dans les
589 3459 1632 3503 siennes les mains de Weihgast et ne lui dit rien
589 3497 1632 3541 de ce qu’il voulait lui dire. Cette pièce, fort cu¬
589 3527 1635 3579 rieuse et d’une psychologie savante, est bien
599 3577 1641 3624 jouée par MM. Lugné-Poe, Durtal, Henri Rol¬
588 3608 1077 3676 lan, Frey. — Ad. Au.
1576 228 2132 315 box 22/2
2689 1521 3079 1593 Telephon 12.801.
2916 1577 2960 1609 —
2789 1612 2926 1686 44
2132 1674 2895 1770 „OSSENER
1983 1749 3060 1826 f. öeterr. beh. konz. Unternehmen für Zeitungs¬
2180 1802 2866 1852 Ausschnitte und Bibliographie.
2166 1839 2916 1931 Wien, I., Conoordiaplatz 4.
2381 1910 2692 1989 Vertretungen
1980 1955 3054 2030 in Borlin, Brüssel, Budapest, Chicago, Cleveland, Christin#in
1973 2012 3068 2064 Genf, Kepenhagen, London, Madrid, Mailand, Minnespele.
1978 2052 2961 2112 Fes-Vork, Paris, Rom, San Francisco, Stockholm, St.
2376 2092 2678 2146 burg, Toronto.
2329 2128 2730 2190 Qneilensagabo ahne Gewähr.)
1983 2190 3009 2295 Ausschnitt austburmal des Debats, Paris
2219 2290 2641 2374 03. APR 1912
1979 2309 2116 2372 vom
2714 2381 2773 2430 W
2282 2409 2780 2498 THEATRES
2039 2504 3027 2571 Lethéätre de I’(Euvre a donné hier la répétition
2008 2564 3020 2607 générale de son nouveau spectacle. On a commencé
2012 2605 3029 2649 par les Derniers masques, pièce en un acte de M.
2014 2637 3023 2686 Arthur Schnitzler, traduite par MM. Maurice Rémon
2020 2675 3025 2730 #Vampauvro éerivain raté agonise sur un
2001 2700 3026 2771 lit dhöpital; avant de mourir il veut dire à un auteur
2007 2747 3024 2803 àla mode, son ami, qu'il fut l’amant de sa, lemme,
2017 2793 3025 2850 espérant ainsi détrurre son bonheur. Mais l’auteur
2001 2830 3024 2883 heurenx arrive et le moribond ne dit pas unc phrase
2004 2875 3034 2926 de la lengue tirade d’invectives qu’il avait répétée
1996 2912 2764 2954 amoureusement avec un jenne acteur.
2044 2950 3020 2997 La pièce qui asuivi: Ariane biessée, poème dra¬
2003 2982 3034 3041 matique en trois actes de M. Maurice Allou, a per¬
2008 3023 3026 3068 mis a Mile Vera Sergine do faire apprécier de belles
2003 3067 3024 3120 attitudes et son art de dire, surtout au troisième acte
2012 3096 2667 3158 qui est de beaucoup le meilleur.
2051 3129 3034 3176 Ariane épouse le pocte Lysis, qui est tres entouré,
2012 3164 3031 3209 tres adulé. Elle vougrait Juir avec lui dans une re¬
2001 3211 3026 3258 traite éloignée. Lysis reluse. Un sculpteur, Demios,
2014 3251 3022 3299 qui aimait Ariano avant qu’eile se marie avcc Lysis,
2016 3287 3029 3332 tue le pocte au moment on celui-ci se laisse entrai¬
2004 3332 3024 3375 ner par und courtisane. Ariane, qui s’est gardée in¬
2015 3351 3035 3426 tacte au milien des soupirants, vart-elle succomber?
2013 3399 2983 3450 Non, car T’espoir d’avoir un fils de Lysis la sauve.
2055 3429 3032 3503 Ces deux piéces sont jouées avec le soin que l’Gu¬
2006 3484 2808 3538 vre apporte toujours à ses spectacles. —
