<?xml version="1.0" encoding="UTF-8" standalone="yes"?>
<PcGts xmlns="http://schema.primaresearch.org/PAGE/gts/pagecontent/2013-07-15" xmlns:xsi="http://www.w3.org/2001/XMLSchema-instance" xsi:schemaLocation="http://schema.primaresearch.org/PAGE/gts/pagecontent/2013-07-15 http://schema.primaresearch.org/PAGE/gts/pagecontent/2013-07-15/pagecontent.xsd">
    <Metadata>
        <Creator>prov=University of Rostock/Institute of Mathematics/CITlab/Gundram Leifert/gundram.leifert@uni-rostock.de:name=ONB_Newseye_GT_M1+(htr_id=10810)::::v=2.4.2
prov=University of Rostock/Institute of Mathematics/CITlab/Tobias Gruening/tobias.gruening@uni-rostock.de:name=de.uros.citlab.module.baseline2polygon.B2PSeamMultiOriented:v=2.4.2
prov=University of Rostock/Institute of Mathematics/CITlab/Tobias Gruening/tobias.gruening@uni-rostock.de:name=/mnt/transkribus/LA/DEA/URO/LA_news_onb_att.pb:de.uros.citlab.segmentation.CITlab_LA_ML:v=2.4.2
Transkribus</Creator>
        <Created>2019-10-07T11:35:13.499+02:00</Created>
        <LastChange>2019-10-08T13:13:01.447+02:00</LastChange>
        <TranskribusMetadata docId="223977" pageId="9499992" pageNr="39" tsid="16579710" status="IN_PROGRESS" userId="40391" imgUrl="https://files.transkribus.eu/Get?id=SSEKFRENECRKOHQCLFMZBOVK&amp;fileType=view" xmlUrl="https://files.transkribus.eu/Get?id=MOCOJODVCTRZXVXKIMTIEVMM" imageId="6190214"/>
    </Metadata>
    <Page imageFilename="223977_0039.jpeg" imageWidth="3484" imageHeight="4192">
        <ReadingOrder>
            <OrderedGroup id="ro_1711449478825" caption="Regions reading order">
                <RegionRefIndexed index="0" regionRef="r1"/>
                <RegionRefIndexed index="1" regionRef="r2"/>
                <RegionRefIndexed index="2" regionRef="r3"/>
            </OrderedGroup>
        </ReadingOrder>
        <TextRegion orientation="0.0" id="r1" custom="readingOrder {index:0;}">
            <Coords points="270,216 270,3856 1490,3856 1490,216"/>
            <TextLine id="r1l1" custom="readingOrder {index:0;}">
                <Coords points="1168,248 1198,251 1207,244 1216,252 1229,251 1236,245 1250,252 1276,252 1278,200 1249,205 1230,191 1192,190 1187,194 1170,190"/>
                <Baseline points="1175,240 1206,236 1237,238 1269,244"/>
                <TextEquiv>
                    <Unicode>Ma</Unicode>
                </TextEquiv>
            </TextLine>
            <TextLine id="r1l2" custom="readingOrder {index:1;}">
                <Coords points="262,245 667,294 1498,288 1498,247 1185,252 1033,197 262,202"/>
                <Baseline points="270,241 331,245 392,250 453,253 514,256 575,258 636,260 697,261 758,262 819,263 880,263 941,263 1002,262 1063,262 1124,261 1185,261 1246,260 1307,259 1368,259 1429,258 1490,258"/>
                <TextEquiv>
                    <Unicode>16.3. Die letzten</Unicode>
                </TextEquiv>
            </TextLine>
            <TextLine id="r1l3" custom="readingOrder {index:2;}">
                <Coords points="704,617 795,629 825,610 980,630 1005,615 1175,635 1228,618 1228,589 1189,569 1089,583 1006,563 960,585 792,574 705,591"/>
                <Baseline points="712,605 737,606 762,606 788,606 813,607 839,608 864,608 889,609 915,609 940,610 966,611 991,611 1016,612 1042,612 1067,613 1093,613 1118,613 1143,614 1169,614 1194,614 1220,613"/>
                <TextEquiv>
                    <Unicode>#im Zeitungs-Ausschnitte</Unicode>
                </TextEquiv>
            </TextLine>
            <TextLine id="r1l4" custom="readingOrder {index:3;}">
                <Coords points="536,667 586,693 658,676 1152,689 1164,642 1001,614 886,635 841,617 674,632 537,616"/>
                <Baseline points="544,661 574,663 605,664 635,666 666,667 696,668 727,669 757,670 788,671 818,671 849,672 880,672 910,672 941,673 971,673 1002,673 1032,674 1063,674 1093,675 1124,675 1155,676"/>
                <TextEquiv>
                    <Unicode>WIEN, I., WOLLZEILE 11</Unicode>
                </TextEquiv>
            </TextLine>
            <TextLine id="r1l5" custom="readingOrder {index:4;}">
                <Coords points="614,703 687,732 777,723 942,738 1053,736 1097,703 1027,683 615,681"/>
                <Baseline points="621,718 646,718 672,717 698,718 724,718 750,718 776,719 802,719 828,721 854,722 880,722 906,723 932,724 958,725 984,725 1010,726 1036,726 1062,726 1088,725"/>
                <TextEquiv>
                    <Unicode>TELEPHON R-23-0-43</Unicode>
                </TextEquiv>
            </TextLine>
            <TextLine id="r1l6" custom="readingOrder {index:5;}">
                <Coords points="423,849 568,874 676,864 696,875 725,860 807,865 808,828 661,817 635,803 592,813 567,795 539,804 460,792 423,807"/>
                <Baseline points="430,848 456,849 482,849 509,849 535,849 562,849 588,849 615,849 641,849 667,849 694,849 720,850 747,851 773,851 800,853"/>
                <TextEquiv>
                    <Unicode>Ausschnitt aus:</Unicode>
                </TextEquiv>
            </TextLine>
            <TextLine id="r1l7" custom="readingOrder {index:6;}">
                <Coords points="417,1072 435,1074 459,1092 468,1085 496,1082 520,1087 529,1080 553,1088 580,1086 582,1029 567,1033 554,1023 547,1029 538,1024 503,1030 489,1022 468,1024 464,1019 454,1025 433,1017 419,1023"/>
                <Baseline points="424,1069 453,1068 483,1069 512,1071 542,1073 572,1075"/>
                <TextEquiv>
                    <Unicode>vom:</Unicode>
                </TextEquiv>
            </TextLine>
            <TextLine id="r1l8" custom="readingOrder {index:7;}">
                <Coords points="508,1287 675,1322 722,1296 965,1307 1007,1286 1220,1303 1268,1289 1267,1229 1168,1203 826,1240 675,1207 507,1245"/>
                <Baseline points="515,1287 552,1288 589,1288 626,1289 664,1289 701,1289 738,1289 776,1289 813,1288 850,1288 888,1287 925,1287 962,1286 999,1285 1037,1284 1074,1283 1111,1283 1149,1281 1186,1280 1223,1279 1261,1278"/>
                <TextEquiv>
                    <Unicode>Theater und Kunst.</Unicode>
                </TextEquiv>
            </TextLine>
            <TextLine id="r1l9" custom="readingOrder {index:8;}">
                <Coords points="377,1389 1181,1363 1344,1388 1405,1380 1404,1328 1224,1301 375,1336"/>
                <Baseline points="384,1374 434,1374 485,1374 535,1374 586,1374 637,1373 687,1373 738,1372 789,1371 839,1370 890,1369 941,1368 991,1367 1042,1365 1093,1364 1143,1362 1194,1361 1245,1359 1295,1358 1346,1356 1397,1354"/>
                <TextEquiv>
                    <Unicode>Dichtergedächtnisfeier im Raimundtheater.</Unicode>
                </TextEquiv>
            </TextLine>
            <TextLine id="r1l10" custom="readingOrder {index:9;}">
                <Coords points="411,1446 1355,1443 1393,1427 1393,1379 410,1402"/>
                <Baseline points="418,1436 466,1436 514,1436 563,1436 611,1436 660,1435 708,1435 756,1434 805,1434 853,1433 902,1432 950,1431 998,1430 1047,1429 1095,1428 1144,1427 1192,1426 1240,1424 1289,1423 1337,1422 1386,1420"/>
                <TextEquiv>
                    <Unicode>Ein Abend, der wahrhaftig zu ernstester Einkehr</Unicode>
                </TextEquiv>
            </TextLine>
            <TextLine id="r1l11" custom="readingOrder {index:10;}">
                <Coords points="381,1498 1396,1489 1395,1432 380,1446"/>
                <Baseline points="388,1488 438,1487 488,1487 538,1487 588,1486 638,1486 688,1485 738,1484 788,1483 838,1482 888,1482 938,1481 988,1480 1038,1479 1088,1478 1138,1478 1188,1477 1238,1477 1288,1476 1338,1476 1388,1476"/>
                <TextEquiv>
                    <Unicode>führte; den Direktoren des Raimundtheaters darf</Unicode>
                </TextEquiv>
            </TextLine>
            <TextLine id="r1l12" custom="readingOrder {index:11;}">
                <Coords points="386,1541 1252,1543 1380,1533 1407,1496 385,1501"/>
                <Baseline points="394,1539 444,1539 494,1538 544,1538 595,1537 645,1537 695,1536 745,1535 796,1535 846,1533 896,1533 946,1532 997,1531 1047,1530 1097,1528 1147,1527 1198,1526 1248,1525 1298,1523 1348,1522 1399,1520"/>
                <TextEquiv>
                    <Unicode>man zubilligen, daß ihnen für Hofmannsthal,</Unicode>
                </TextEquiv>
            </TextLine>
            <TextLine id="r1l13" custom="readingOrder {index:12;}">
                <Coords points="391,1596 1348,1586 1407,1533 390,1545"/>
                <Baseline points="398,1583 448,1583 498,1582 548,1582 598,1582 648,1582 698,1581 748,1581 798,1580 848,1580 898,1579 948,1578 998,1577 1048,1576 1098,1576 1148,1575 1198,1574 1248,1573 1298,1572 1348,1570 1399,1569"/>
                <TextEquiv>
                    <Unicode>Schnitzler, Wildgans nicht bloß ein Tag im Jahre</Unicode>
                </TextEquiv>
            </TextLine>
            <TextLine id="r1l14" custom="readingOrder {index:13;}">
                <Coords points="389,1638 1040,1644 1413,1607 1238,1576 388,1597"/>
                <Baseline points="397,1635 447,1635 497,1634 548,1633 598,1633 649,1632 699,1632 749,1631 800,1630 850,1630 901,1629 951,1628 1001,1627 1052,1626 1102,1625 1153,1623 1203,1622 1253,1620 1304,1618 1354,1616 1405,1614"/>
                <TextEquiv>
                    <Unicode>„frei“ ist; eher wenden sie sich an das Wiener</Unicode>
                </TextEquiv>
            </TextLine>
            <TextLine id="r1l15" custom="readingOrder {index:14;}">
                <Coords points="397,1698 1254,1681 1412,1644 396,1644"/>
                <Baseline points="405,1685 455,1683 505,1682 555,1681 605,1680 655,1678 705,1678 755,1677 805,1676 855,1676 905,1675 955,1674 1005,1674 1055,1673 1105,1672 1155,1671 1205,1670 1255,1669 1305,1667 1355,1665 1405,1663"/>
                <TextEquiv>
                    <Unicode>Publikum, seiner Dichter zu gedenken. Urteilt man</Unicode>
                </TextEquiv>
            </TextLine>
            <TextLine id="r1l16" custom="readingOrder {index:15;}">
                <Coords points="383,1741 1407,1730 1385,1668 383,1703"/>
                <Baseline points="390,1730 440,1729 490,1729 541,1728 591,1727 642,1726 692,1725 743,1724 793,1724 844,1723 894,1722 944,1721 995,1720 1045,1719 1096,1719 1146,1718 1197,1717 1247,1716 1298,1715 1348,1714 1399,1713"/>
                <TextEquiv>
                    <Unicode>nach der Stimmung, dem Eindruck und schließlich</Unicode>
                </TextEquiv>
            </TextLine>
            <TextLine id="r1l17" custom="readingOrder {index:16;}">
                <Coords points="380,1787 1374,1778 1407,1730 379,1735"/>
                <Baseline points="387,1777 437,1777 488,1777 538,1776 589,1776 640,1775 690,1775 741,1774 791,1773 842,1773 893,1772 943,1771 994,1770 1044,1769 1095,1768 1146,1766 1196,1765 1247,1764 1297,1762 1348,1760 1399,1759"/>
                <TextEquiv>
                    <Unicode>dem Beifall, so darf man von eben dem Publikum</Unicode>
                </TextEquiv>
            </TextLine>
            <TextLine id="r1l18" custom="readingOrder {index:17;}">
                <Coords points="393,1838 1324,1831 1409,1801 1408,1772 1311,1768 392,1794"/>
                <Baseline points="400,1826 450,1826 500,1825 550,1825 600,1824 650,1823 700,1823 750,1822 800,1821 850,1820 901,1819 951,1818 1001,1816 1051,1815 1101,1814 1151,1813 1201,1812 1251,1811 1301,1810 1351,1809 1402,1808"/>
                <TextEquiv>
                    <Unicode>das Beste und Ehrenvollste berichten. Hofmanns¬</Unicode>
                </TextEquiv>
            </TextLine>
            <TextLine id="r1l19" custom="readingOrder {index:18;}">
                <Coords points="380,1877 1418,1855 1394,1814 380,1836"/>
                <Baseline points="388,1874 439,1873 490,1872 541,1871 592,1870 643,1869 694,1868 746,1868 797,1867 848,1866 899,1865 950,1865 1001,1864 1052,1863 1104,1862 1155,1861 1206,1860 1257,1858 1308,1857 1359,1855 1411,1854"/>
                <TextEquiv>
                    <Unicode>thals klingend=klagvolle Ballade „Der Tor und</Unicode>
                </TextEquiv>
            </TextLine>
            <TextLine id="r1l20" custom="readingOrder {index:19;}">
                <Coords points="385,1939 1405,1918 1404,1877 1291,1860 385,1884"/>
                <Baseline points="393,1921 443,1920 493,1919 543,1919 593,1918 644,1917 694,1916 744,1915 794,1915 844,1914 895,1913 945,1912 995,1912 1045,1911 1095,1910 1146,1909 1196,1909 1246,1908 1296,1908 1346,1907 1397,1907"/>
                <TextEquiv>
                    <Unicode>der Tod“ wurde mit atemloser Ergriffenheit an¬</Unicode>
                </TextEquiv>
            </TextLine>
            <TextLine id="r1l21" custom="readingOrder {index:20;}">
                <Coords points="391,1985 1404,1966 1387,1915 390,1933"/>
                <Baseline points="399,1973 448,1972 498,1971 548,1970 598,1970 648,1969 698,1968 748,1967 798,1967 848,1966 898,1965 947,1964 997,1963 1047,1962 1097,1961 1147,1960 1197,1959 1247,1957 1297,1956 1347,1954 1397,1951"/>
                <TextEquiv>
                    <Unicode>gehört und genossen; Schnitzlers grimmige</Unicode>
                </TextEquiv>
            </TextLine>
            <TextLine id="r1l22" custom="readingOrder {index:21;}">
                <Coords points="389,2010 571,2040 1415,2015 1414,1974 1339,1958 389,1985"/>
                <Baseline points="397,2015 447,2015 498,2015 548,2015 599,2015 649,2014 700,2014 750,2013 801,2012 851,2011 902,2010 952,2009 1003,2008 1053,2007 1104,2006 1154,2005 1205,2004 1255,2002 1306,2001 1356,2000 1407,1999"/>
                <TextEquiv>
                    <Unicode>Satire vom sterbenden Jonenatisten der im Leben</Unicode>
                </TextEquiv>
            </TextLine>
            <TextLine id="r1l23" custom="readingOrder {index:22;}">
                <Coords points="390,2086 1411,2062 1410,2018 1341,2007 389,2039"/>
                <Baseline points="397,2067 447,2066 497,2065 547,2064 598,2064 648,2063 698,2062 749,2061 799,2061 849,2060 900,2059 950,2058 1000,2057 1050,2056 1101,2055 1151,2055 1201,2053 1252,2053 1302,2051 1352,2050 1403,2049"/>
                <TextEquiv>
                    <Unicode>so viele Könige immer nur auf den Thron setzte,</Unicode>
                </TextEquiv>
            </TextLine>
            <TextLine id="r1l24" custom="readingOrder {index:23;}">
                <Coords points="394,2129 1414,2109 1413,2072 1281,2052 393,2082"/>
                <Baseline points="402,2114 452,2114 502,2114 552,2113 602,2113 652,2112 702,2110 753,2109 803,2108 853,2106 903,2105 953,2104 1003,2102 1053,2101 1104,2100 1154,2099 1204,2099 1254,2098 1304,2098 1354,2098 1405,2099"/>
                <TextEquiv>
                    <Unicode>um es in der letzten Stunde nicht einmal der Mühe</Unicode>
                </TextEquiv>
            </TextLine>
            <TextLine id="r1l25" custom="readingOrder {index:24;}">
                <Coords points="399,2161 1419,2154 1418,2116 1323,2104 399,2128"/>
                <Baseline points="406,2160 456,2160 506,2160 556,2160 607,2159 657,2159 707,2158 757,2157 808,2156 858,2155 908,2154 958,2153 1009,2152 1059,2151 1109,2150 1159,2149 1210,2148 1260,2148 1310,2148 1360,2147 1411,2148"/>
                <TextEquiv>
                    <Unicode>und Würde wert zu halten, so eine „Maske“ in</Unicode>
                </TextEquiv>
            </TextLine>
            <TextLine id="r1l26" custom="readingOrder {index:25;}">
                <Coords points="397,2218 1404,2211 1403,2155 396,2168"/>
                <Baseline points="404,2210 453,2209 503,2209 552,2208 602,2207 652,2206 701,2206 751,2205 800,2204 850,2203 900,2202 949,2202 999,2201 1048,2200 1098,2200 1148,2199 1197,2198 1247,2198 1296,2197 1346,2197 1396,2196"/>
                <TextEquiv>
                    <Unicode>ihr Nichts zu verweisen; endlich Wildgans'</Unicode>
                </TextEquiv>
            </TextLine>
            <TextLine id="r1l27" custom="readingOrder {index:26;}">
                <Coords points="390,2268 1362,2258 1423,2226 1318,2199 389,2214"/>
                <Baseline points="397,2263 447,2260 498,2258 549,2256 600,2254 651,2253 702,2251 753,2250 804,2249 855,2248 906,2247 956,2247 1007,2246 1058,2245 1109,2245 1160,2244 1211,2244 1262,2244 1313,2243 1364,2243 1415,2243"/>
                <TextEquiv>
                    <Unicode>psychopathische Studie vom Untersuchungsrichter,</Unicode>
                </TextEquiv>
            </TextLine>
            <TextLine id="r1l28" custom="readingOrder {index:27;}">
                <Coords points="399,2309 1237,2313 1414,2286 1414,2249 399,2274"/>
                <Baseline points="407,2303 459,2303 512,2303 564,2302 617,2301 669,2301 722,2300 775,2299 827,2298 880,2297 932,2296 985,2295 1037,2294 1090,2293 1143,2292 1195,2291 1248,2291 1300,2291 1353,2290 1406,2290"/>
                <TextEquiv>
                    <Unicode>der ein Sadist ist, der prachtvoll dialektisch ge¬</Unicode>
                </TextEquiv>
            </TextLine>
            <TextLine id="r1l29" custom="readingOrder {index:28;}">
                <Coords points="394,2362 1421,2330 1420,2286 394,2316"/>
                <Baseline points="402,2352 452,2350 503,2349 553,2349 604,2348 654,2347 705,2347 755,2346 806,2346 856,2345 907,2345 958,2344 1008,2344 1059,2343 1109,2342 1160,2341 1210,2340 1261,2339 1311,2338 1362,2336 1413,2334"/>
                <TextEquiv>
                    <Unicode>steigerte Einakter „In Ewigkeit Amen“ alle</Unicode>
                </TextEquiv>
            </TextLine>
            <TextLine id="r1l30" custom="readingOrder {index:29;}">
                <Coords points="391,2409 1423,2376 1268,2344 391,2356"/>
                <Baseline points="399,2399 449,2398 500,2398 551,2397 602,2396 653,2395 703,2394 754,2394 805,2393 856,2392 907,2391 957,2390 1008,2389 1059,2389 1110,2388 1161,2387 1211,2387 1262,2387 1313,2387 1364,2387 1415,2387"/>
                <TextEquiv>
                    <Unicode>drei Stücke haben die Erinnerung an unsere Dichter</Unicode>
                </TextEquiv>
            </TextLine>
            <TextLine id="r1l31" custom="readingOrder {index:30;}">
                <Coords points="397,2444 437,2457 521,2456 537,2467 573,2452 604,2466 628,2450 733,2444 733,2428 685,2402 640,2417 612,2406 585,2417 565,2405 498,2403 444,2417 397,2412"/>
                <Baseline points="405,2442 431,2444 458,2445 485,2445 511,2445 538,2445 565,2445 591,2444 618,2443 645,2442 671,2442 698,2441 725,2441"/>
                <TextEquiv>
                    <Unicode>mächtig geweckt.</Unicode>
                </TextEquiv>
            </TextLine>
            <TextLine id="r1l32" custom="readingOrder {index:31;}">
                <Coords points="443,2496 1423,2496 1422,2438 442,2452"/>
                <Baseline points="450,2492 498,2493 546,2493 594,2493 643,2493 691,2493 739,2492 787,2492 836,2491 884,2490 932,2489 980,2488 1029,2486 1077,2485 1125,2485 1173,2483 1222,2483 1270,2482 1318,2481 1366,2481 1415,2480"/>
                <TextEquiv>
                    <Unicode>Das Raimundtheater hat eine sehr ehrenvolle,</Unicode>
                </TextEquiv>
            </TextLine>
            <TextLine id="r1l33" custom="readingOrder {index:32;}">
                <Coords points="389,2573 706,2536 1358,2542 1425,2534 1425,2494 538,2514 388,2471"/>
                <Baseline points="396,2540 447,2540 498,2540 549,2540 600,2540 651,2539 702,2539 753,2538 804,2538 855,2537 906,2536 957,2536 1008,2535 1059,2534 1110,2533 1161,2532 1212,2532 1263,2531 1314,2531 1365,2530 1417,2529"/>
                <TextEquiv>
                    <Unicode>beachtenswerte Wiedergabe geboten. Hans Frank</Unicode>
                </TextEquiv>
            </TextLine>
            <TextLine id="r1l34" custom="readingOrder {index:33;}">
                <Coords points="396,2609 1426,2575 1405,2531 395,2557"/>
                <Baseline points="403,2593 453,2592 504,2591 555,2591 606,2590 657,2589 707,2588 758,2587 809,2586 860,2585 911,2584 961,2583 1012,2581 1063,2581 1114,2580 1165,2579 1215,2578 1266,2577 1317,2577 1368,2576 1419,2575"/>
                <TextEquiv>
                    <Unicode>hat sich in drei grundverschiedenen Gestalten nun</Unicode>
                </TextEquiv>
            </TextLine>
            <TextLine id="r1l35" custom="readingOrder {index:34;}">
                <Coords points="407,2648 1343,2641 1420,2621 1419,2583 406,2610"/>
                <Baseline points="414,2638 466,2638 519,2638 571,2637 624,2637 676,2636 729,2635 782,2635 834,2634 887,2633 939,2632 992,2631 1044,2630 1097,2629 1150,2628 1202,2627 1255,2626 1307,2625 1360,2625 1413,2623"/>
                <TextEquiv>
                    <Unicode>eigentlich als sehr wandlungsfähiger Darsteller und</Unicode>
                </TextEquiv>
            </TextLine>
            <TextLine id="r1l36" custom="readingOrder {index:35;}">
                <Coords points="403,2688 911,2700 966,2673 1142,2700 1199,2665 1378,2682 1425,2639 402,2661"/>
                <Baseline points="410,2686 460,2686 510,2686 561,2685 611,2685 662,2684 712,2683 762,2683 813,2682 863,2681 914,2680 964,2679 1014,2679 1065,2678 1115,2677 1166,2676 1216,2675 1266,2674 1317,2673 1367,2673 1418,2672"/>
                <TextEquiv>
                    <Unicode>vollendeter, edler Sprecher vorgestellt. Die Hof¬</Unicode>
                </TextEquiv>
            </TextLine>
            <TextLine id="r1l37" custom="readingOrder {index:36;}">
                <Coords points="397,2745 900,2747 1024,2714 1124,2747 1380,2742 1409,2683 397,2703"/>
                <Baseline points="405,2735 454,2735 504,2734 554,2733 604,2733 654,2731 703,2731 753,2730 803,2729 853,2728 903,2727 952,2726 1002,2726 1052,2725 1102,2724 1152,2724 1201,2724 1251,2724 1301,2724 1351,2724 1401,2725"/>
                <TextEquiv>
                    <Unicode>mannsthalschen Verse wurden von Frau Witz¬</Unicode>
                </TextEquiv>
            </TextLine>
            <TextLine id="r1l38" custom="readingOrder {index:37;}">
                <Coords points="398,2775 1235,2791 1427,2773 1427,2736 398,2756"/>
                <Baseline points="406,2785 456,2784 507,2783 558,2781 608,2780 659,2779 710,2778 760,2777 811,2776 862,2775 913,2774 963,2773 1014,2772 1065,2772 1115,2771 1166,2771 1217,2771 1267,2771 1318,2771 1369,2772 1420,2772"/>
                <TextEquiv>
                    <Unicode>mann und auch den Herren Inger und Firner</Unicode>
                </TextEquiv>
            </TextLine>
            <TextLine id="r1l39" custom="readingOrder {index:38;}">
                <Coords points="394,2828 1184,2843 1426,2828 1426,2787 393,2773"/>
                <Baseline points="402,2834 452,2833 503,2832 554,2831 605,2831 656,2830 707,2829 757,2829 808,2828 859,2827 910,2826 961,2825 1012,2824 1063,2823 1113,2822 1164,2822 1215,2821 1266,2820 1317,2819 1368,2818 1419,2817"/>
                <TextEquiv>
                    <Unicode>voll ihrer Schönheit gesprochen. Schnitzler fand in</Unicode>
                </TextEquiv>
            </TextLine>
            <TextLine id="r1l40" custom="readingOrder {index:39;}">
                <Coords points="390,2902 509,2869 656,2896 1399,2879 1432,2828 389,2846"/>
                <Baseline points="398,2880 449,2879 500,2879 552,2877 603,2877 654,2876 706,2875 757,2874 808,2873 860,2872 911,2871 962,2870 1014,2870 1065,2869 1116,2869 1168,2868 1219,2868 1270,2867 1322,2867 1373,2867 1425,2867"/>
                <TextEquiv>
                    <Unicode>den Herren Inger, Danegger, Fridell,</Unicode>
                </TextEquiv>
            </TextLine>
            <TextLine id="r1l41" custom="readingOrder {index:40;}">
                <Coords points="403,2942 1378,2925 1432,2878 402,2891"/>
                <Baseline points="410,2929 460,2928 511,2927 562,2926 613,2925 663,2924 714,2923 765,2922 816,2921 866,2921 917,2920 968,2919 1019,2919 1069,2918 1120,2917 1171,2917 1222,2916 1272,2916 1323,2915 1374,2915 1425,2914"/>
                <TextEquiv>
                    <Unicode>Frank charakteristische und profilierte Gestalter.</Unicode>
                </TextEquiv>
            </TextLine>
            <TextLine id="r1l42" custom="readingOrder {index:41;}">
                <Coords points="402,2972 1412,2962 1411,2924 1226,2914 401,2942"/>
                <Baseline points="409,2975 458,2975 508,2974 558,2973 608,2973 658,2972 707,2971 757,2971 807,2970 857,2969 907,2968 956,2967 1006,2967 1056,2966 1106,2964 1156,2963 1205,2962 1255,2960 1305,2959 1355,2957 1405,2955"/>
                <TextEquiv>
                    <Unicode>Romantik des Todes, Trivialität des Lebens —</Unicode>
                </TextEquiv>
            </TextLine>
            <TextLine id="r1l43" custom="readingOrder {index:42;}">
                <Coords points="403,3034 1084,3034 1248,2997 1305,3029 1428,3019 1428,2976 402,2991"/>
                <Baseline points="410,3024 460,3023 511,3023 561,3022 612,3021 662,3020 713,3019 763,3018 814,3017 864,3016 915,3015 966,3014 1016,3013 1067,3012 1117,3011 1168,3010 1218,3010 1269,3009 1319,3009 1370,3008 1421,3008"/>
                <TextEquiv>
                    <Unicode>gespielt vom ernsten Hintergrund des Wiener</Unicode>
                </TextEquiv>
            </TextLine>
            <TextLine id="r1l44" custom="readingOrder {index:43;}">
                <Coords points="399,3075 1420,3055 1419,3017 1346,3012 399,3034"/>
                <Baseline points="406,3072 456,3070 506,3069 556,3068 607,3068 657,3067 707,3066 758,3065 808,3064 858,3064 909,3063 959,3062 1009,3062 1059,3061 1110,3061 1160,3060 1210,3060 1261,3059 1311,3059 1361,3058 1412,3058"/>
                <TextEquiv>
                    <Unicode>Allgemeinen Krankenhauses! Ausgezeichnet hier die</Unicode>
                </TextEquiv>
            </TextLine>
            <TextLine id="r1l45" custom="readingOrder {index:44;}">
                <Coords points="395,3130 1249,3124 1414,3109 1426,3071 394,3075"/>
                <Baseline points="402,3118 452,3118 503,3117 554,3117 605,3116 656,3115 707,3114 757,3114 808,3113 859,3112 910,3111 961,3110 1012,3110 1063,3109 1113,3108 1164,3108 1215,3107 1266,3106 1317,3106 1368,3106 1419,3105"/>
                <TextEquiv>
                    <Unicode>Lokalstimmung! Der Landesgerichtsrat in dem</Unicode>
                </TextEquiv>
            </TextLine>
            <TextLine id="r1l46" custom="readingOrder {index:45;}">
                <Coords points="402,3170 1271,3171 1396,3165 1435,3123 402,3136"/>
                <Baseline points="410,3166 460,3165 511,3165 562,3165 613,3164 664,3164 715,3164 766,3163 817,3163 868,3162 919,3162 969,3161 1020,3160 1071,3160 1122,3159 1173,3158 1224,3157 1275,3156 1326,3154 1377,3153 1428,3152"/>
                <TextEquiv>
                    <Unicode>Wildgansschen Akt war jene Rolle, mit der sich</Unicode>
                </TextEquiv>
            </TextLine>
            <TextLine id="r1l47" custom="readingOrder {index:46;}">
                <Coords points="407,3209 1353,3213 1431,3199 1431,3170 406,3165"/>
                <Baseline points="414,3216 464,3215 515,3215 565,3215 616,3214 666,3213 717,3212 767,3211 818,3210 868,3209 919,3208 969,3207 1020,3206 1070,3205 1121,3204 1171,3203 1222,3202 1272,3201 1323,3200 1373,3200 1424,3199"/>
                <TextEquiv>
                    <Unicode>einst der junge Schauspieler Barnay der Auf¬</Unicode>
                </TextEquiv>
            </TextLine>
            <TextLine id="r1l48" custom="readingOrder {index:47;}">
                <Coords points="405,3266 1436,3254 1375,3205 405,3232"/>
                <Baseline points="413,3262 463,3263 514,3263 565,3263 616,3262 666,3262 717,3261 768,3259 819,3258 869,3257 920,3256 971,3254 1022,3253 1072,3252 1123,3250 1174,3249 1225,3248 1275,3247 1326,3246 1377,3246 1428,3246"/>
                <TextEquiv>
                    <Unicode>merksamkeit empfahl, nun erscheint der Direktor als</Unicode>
                </TextEquiv>
            </TextLine>
            <TextLine id="r1l49" custom="readingOrder {index:48;}">
                <Coords points="405,3313 1423,3315 1428,3255 404,3283"/>
                <Baseline points="413,3313 463,3313 513,3312 564,3312 614,3310 665,3309 715,3308 765,3307 816,3306 866,3305 917,3303 967,3302 1017,3301 1068,3300 1118,3299 1169,3298 1219,3297 1269,3296 1320,3295 1370,3294 1421,3294"/>
                <TextEquiv>
                    <Unicode>sein eindringlicher, gereifter Darsteller: Barnay war</Unicode>
                </TextEquiv>
            </TextLine>
            <TextLine id="r1l50" custom="readingOrder {index:49;}">
                <Coords points="396,3359 732,3382 1428,3343 1427,3312 1256,3302 396,3333"/>
                <Baseline points="404,3362 454,3361 505,3360 556,3359 607,3358 658,3357 708,3355 759,3354 810,3353 861,3351 912,3349 962,3348 1013,3347 1064,3346 1115,3345 1166,3344 1216,3343 1267,3343 1318,3343 1369,3343 1420,3344"/>
                <TextEquiv>
                    <Unicode>von unerbittlicher „Sachlichkeit“ im Psychologischen,</Unicode>
                </TextEquiv>
            </TextLine>
            <TextLine id="r1l51" custom="readingOrder {index:50;}">
                <Coords points="411,3413 1399,3407 1418,3350 410,3364"/>
                <Baseline points="419,3409 468,3409 518,3409 567,3408 617,3407 667,3406 716,3404 766,3404 815,3402 865,3401 915,3399 964,3398 1014,3397 1063,3396 1113,3395 1163,3394 1212,3393 1262,3393 1311,3392 1361,3392 1411,3393"/>
                <TextEquiv>
                    <Unicode>im Besonderen dieses Richters, der — wie ein¬</Unicode>
                </TextEquiv>
            </TextLine>
            <TextLine id="r1l52" custom="readingOrder {index:51;}">
                <Coords points="404,3458 1439,3458 1438,3406 1233,3395 404,3429"/>
                <Baseline points="412,3457 465,3457 519,3456 572,3455 626,3454 680,3453 733,3452 787,3450 841,3449 894,3447 948,3446 1001,3445 1055,3443 1109,3442 1162,3440 1216,3440 1270,3439 1323,3438 1377,3438 1431,3437"/>
                <TextEquiv>
                    <Unicode>gangs der menschliche Staatsanwalt feststellt — eine</Unicode>
                </TextEquiv>
            </TextLine>
            <TextLine id="r1l53" custom="readingOrder {index:52;}">
                <Coords points="403,3494 562,3522 1137,3486 1171,3511 1418,3490 1436,3456 402,3473"/>
                <Baseline points="410,3506 460,3505 511,3504 562,3503 613,3502 664,3501 715,3500 766,3499 817,3498 868,3497 919,3496 969,3495 1020,3494 1071,3494 1122,3493 1173,3492 1224,3491 1275,3490 1326,3489 1377,3488 1428,3487"/>
                <TextEquiv>
                    <Unicode>Ausnahme ist. Lotte Lang bot ein Kabinett¬</Unicode>
                </TextEquiv>
            </TextLine>
            <TextLine id="r1l54" custom="readingOrder {index:53;}">
                <Coords points="405,3570 1417,3546 1432,3488 404,3523"/>
                <Baseline points="412,3555 462,3554 513,3553 564,3552 614,3551 665,3550 716,3549 766,3548 817,3547 868,3545 919,3545 969,3543 1020,3542 1071,3541 1121,3540 1172,3540 1223,3539 1273,3538 1324,3538 1375,3537 1426,3536"/>
                <TextEquiv>
                    <Unicode>stückchen realistischer Charakteristik. Herr Stössel</Unicode>
                </TextEquiv>
            </TextLine>
            <TextLine id="r1l55" custom="readingOrder {index:54;}">
                <Coords points="397,3597 1402,3600 1430,3550 396,3567"/>
                <Baseline points="405,3602 455,3602 506,3602 557,3601 608,3601 659,3600 710,3599 760,3598 811,3597 862,3596 913,3594 964,3593 1015,3591 1066,3590 1116,3588 1167,3587 1218,3586 1269,3585 1320,3585 1371,3584 1422,3584"/>
                <TextEquiv>
                    <Unicode>war rührend in seiner hilflosen Gutmütigkeit; der</Unicode>
                </TextEquiv>
            </TextLine>
            <TextLine id="r1l56" custom="readingOrder {index:55;}">
                <Coords points="407,3669 1423,3632 1375,3589 406,3615"/>
                <Baseline points="414,3652 464,3651 514,3651 564,3650 614,3649 664,3648 714,3646 764,3645 814,3644 864,3643 914,3642 964,3640 1014,3639 1064,3638 1114,3637 1164,3636 1214,3635 1264,3634 1314,3634 1364,3633 1415,3633"/>
                <TextEquiv>
                    <Unicode>ganze Mensch ein Schicksal. Eine stille, feine Zeich¬</Unicode>
                </TextEquiv>
            </TextLine>
            <TextLine id="r1l57" custom="readingOrder {index:56;}">
                <Coords points="410,3696 511,3717 1066,3705 1194,3688 1193,3647 409,3669"/>
                <Baseline points="417,3698 455,3697 494,3697 532,3696 571,3696 609,3695 648,3694 686,3694 725,3693 763,3693 802,3692 840,3691 879,3690 917,3690 956,3688 994,3687 1033,3686 1071,3685 1110,3683 1148,3682 1187,3680"/>
                <TextEquiv>
                    <Unicode>nung auch der Schriftführer Ingers.</Unicode>
                </TextEquiv>
            </TextLine>
            <TextLine id="r1l58" custom="readingOrder {index:57;}">
                <Coords points="445,3747 1420,3741 1436,3676 444,3715"/>
                <Baseline points="452,3743 500,3743 549,3743 598,3742 647,3742 696,3741 745,3740 793,3739 842,3738 891,3737 940,3735 989,3734 1038,3733 1087,3732 1135,3731 1184,3730 1233,3729 1282,3729 1331,3728 1380,3728 1429,3729"/>
                <TextEquiv>
                    <Unicode>Es gab so eindringlichen und ehrlichen Beifall,</Unicode>
                </TextEquiv>
            </TextLine>
            <TextLine id="r1l59" custom="readingOrder {index:58;}">
                <Coords points="407,3791 1384,3803 1437,3744 407,3756"/>
                <Baseline points="415,3791 465,3791 516,3791 567,3791 617,3790 668,3790 719,3789 769,3788 820,3787 871,3786 922,3785 972,3784 1023,3783 1074,3781 1124,3781 1175,3780 1226,3779 1276,3778 1327,3778 1378,3778 1429,3778"/>
                <TextEquiv>
                    <Unicode>daß man meinen könnte, die österreichischen Dichter</Unicode>
                </TextEquiv>
            </TextLine>
            <TextLine id="r1l60" custom="readingOrder {index:59;}">
                <Coords points="1230,3859 1277,3858 1306,3841 1328,3844 1372,3831 1389,3846 1408,3843 1408,3800 1388,3805 1342,3781 1295,3799 1272,3782 1252,3796 1229,3793"/>
                <Baseline points="1237,3828 1264,3828 1291,3827 1318,3827 1345,3826 1372,3826 1400,3828"/>
                <TextEquiv>
                    <Unicode>R. H.</Unicode>
                </TextEquiv>
            </TextLine>
            <TextLine id="r1l61" custom="readingOrder {index:60;}">
                <Coords points="418,3872 517,3845 578,3864 657,3842 714,3866 993,3837 1048,3853 1139,3840 1139,3814 1062,3787 416,3799"/>
                <Baseline points="425,3845 460,3845 495,3845 530,3844 566,3844 601,3843 636,3842 672,3842 707,3841 742,3841 778,3840 813,3839 848,3838 883,3837 919,3837 954,3836 989,3834 1025,3834 1060,3833 1095,3832 1131,3831"/>
                <TextEquiv>
                    <Unicode>seien doch nicht bloße arme Seelen.</Unicode>
                </TextEquiv>
            </TextLine>
            <TextEquiv>
                <Unicode>Ma
16.3. Die letzten
#im Zeitungs-Ausschnitte
WIEN, I., WOLLZEILE 11
TELEPHON R-23-0-43
Ausschnitt aus:
vom:
Theater und Kunst.
Dichtergedächtnisfeier im Raimundtheater.
Ein Abend, der wahrhaftig zu ernstester Einkehr
führte; den Direktoren des Raimundtheaters darf
man zubilligen, daß ihnen für Hofmannsthal,
Schnitzler, Wildgans nicht bloß ein Tag im Jahre
„frei“ ist; eher wenden sie sich an das Wiener
Publikum, seiner Dichter zu gedenken. Urteilt man
nach der Stimmung, dem Eindruck und schließlich
dem Beifall, so darf man von eben dem Publikum
das Beste und Ehrenvollste berichten. Hofmanns¬
thals klingend=klagvolle Ballade „Der Tor und
der Tod“ wurde mit atemloser Ergriffenheit an¬
gehört und genossen; Schnitzlers grimmige
Satire vom sterbenden Jonenatisten der im Leben
so viele Könige immer nur auf den Thron setzte,
um es in der letzten Stunde nicht einmal der Mühe
und Würde wert zu halten, so eine „Maske“ in
ihr Nichts zu verweisen; endlich Wildgans'
psychopathische Studie vom Untersuchungsrichter,
der ein Sadist ist, der prachtvoll dialektisch ge¬
steigerte Einakter „In Ewigkeit Amen“ alle
drei Stücke haben die Erinnerung an unsere Dichter
mächtig geweckt.
Das Raimundtheater hat eine sehr ehrenvolle,
beachtenswerte Wiedergabe geboten. Hans Frank
hat sich in drei grundverschiedenen Gestalten nun
eigentlich als sehr wandlungsfähiger Darsteller und
vollendeter, edler Sprecher vorgestellt. Die Hof¬
mannsthalschen Verse wurden von Frau Witz¬
mann und auch den Herren Inger und Firner
voll ihrer Schönheit gesprochen. Schnitzler fand in
den Herren Inger, Danegger, Fridell,
Frank charakteristische und profilierte Gestalter.
Romantik des Todes, Trivialität des Lebens —
gespielt vom ernsten Hintergrund des Wiener
Allgemeinen Krankenhauses! Ausgezeichnet hier die
Lokalstimmung! Der Landesgerichtsrat in dem
Wildgansschen Akt war jene Rolle, mit der sich
einst der junge Schauspieler Barnay der Auf¬
merksamkeit empfahl, nun erscheint der Direktor als
sein eindringlicher, gereifter Darsteller: Barnay war
von unerbittlicher „Sachlichkeit“ im Psychologischen,
im Besonderen dieses Richters, der — wie ein¬
gangs der menschliche Staatsanwalt feststellt — eine
Ausnahme ist. Lotte Lang bot ein Kabinett¬
stückchen realistischer Charakteristik. Herr Stössel
war rührend in seiner hilflosen Gutmütigkeit; der
ganze Mensch ein Schicksal. Eine stille, feine Zeich¬
nung auch der Schriftführer Ingers.
Es gab so eindringlichen und ehrlichen Beifall,
daß man meinen könnte, die österreichischen Dichter
R. H.
seien doch nicht bloße arme Seelen.</Unicode>
            </TextEquiv>
        </TextRegion>
        <TextRegion orientation="0.0" id="r2" custom="readingOrder {index:1;}">
            <Coords points="1657,144 1657,300 2107,300 2107,144"/>
            <TextLine id="r2l1" custom="readingOrder {index:0;}">
                <Coords points="1649,246 1674,242 1699,264 1874,249 2060,268 2115,258 2116,191 2004,178 1836,206 1792,192 1746,211 1716,187 1650,209"/>
                <Baseline points="1657,247 1682,245 1707,245 1732,244 1757,244 1782,244 1807,245 1832,245 1857,246 1882,247 1907,247 1932,248 1957,249 1982,249 2007,250 2032,250 2057,250 2082,250 2107,250"/>
                <TextEquiv>
                    <Unicode>box 22/2</Unicode>
                </TextEquiv>
            </TextLine>
            <TextEquiv>
                <Unicode>box 22/2</Unicode>
            </TextEquiv>
        </TextRegion>
        <TextRegion orientation="0.0" id="r3" custom="readingOrder {index:2;}">
            <Coords points="2221,293 2221,4018 3162,4018 3162,293"/>
            <TextLine id="r3l1" custom="readingOrder {index:0;}">
                <Coords points="2226,336 2751,327 3048,358 3049,294 2929,261 2343,249 2227,282"/>
                <Baseline points="2233,316 2273,319 2313,320 2354,322 2394,323 2434,324 2475,325 2515,326 2555,327 2596,327 2636,327 2676,328 2717,328 2757,329 2797,329 2838,330 2878,330 2918,331 2959,333 2999,334 3040,335"/>
                <TextEquiv>
                    <Unicode>„OBSERVER</Unicode>
                </TextEquiv>
            </TextLine>
            <TextLine id="r3l2" custom="readingOrder {index:1;}">
                <Coords points="2310,373 2387,398 2531,381 2948,401 3006,380 3006,345 2768,335 2708,356 2536,331 2357,357 2310,338"/>
                <Baseline points="2318,375 2352,376 2386,377 2420,377 2454,378 2488,378 2522,379 2556,379 2590,379 2624,380 2658,380 2692,380 2726,380 2760,381 2794,381 2828,381 2862,382 2896,382 2930,383 2964,383 2998,384"/>
                <TextEquiv>
                    <Unicode>I. österr. behördl. konzessioniertes</Unicode>
                </TextEquiv>
            </TextLine>
            <TextLine id="r3l3" custom="readingOrder {index:2;}">
                <Coords points="2270,419 2482,451 2542,426 2572,445 3024,440 3024,396 2983,385 2849,406 2270,389"/>
                <Baseline points="2278,419 2314,421 2351,423 2388,424 2425,426 2462,427 2499,428 2536,428 2573,429 2610,429 2647,429 2683,430 2720,430 2757,430 2794,430 2831,430 2868,431 2905,431 2942,431 2979,432 3016,433"/>
                <TextEquiv>
                    <Unicode>Unternehmen für Zeitungs-Ausschnitte</Unicode>
                </TextEquiv>
            </TextLine>
            <TextLine id="r3l4" custom="readingOrder {index:3;}">
                <Coords points="2345,490 2767,512 2877,494 2926,515 2962,476 2867,447 2345,446"/>
                <Baseline points="2352,483 2382,484 2412,486 2442,487 2472,488 2502,490 2532,490 2562,491 2592,491 2622,492 2653,492 2683,493 2713,493 2743,493 2773,494 2803,494 2833,494 2863,495 2893,495 2923,496 2954,496"/>
                <TextEquiv>
                    <Unicode>WIEN, I., WOLLZELLE 11</Unicode>
                </TextEquiv>
            </TextLine>
            <TextLine id="r3l5" custom="readingOrder {index:4;}">
                <Coords points="2408,547 2718,547 2759,560 2882,546 2882,521 2840,510 2409,506"/>
                <Baseline points="2416,540 2441,541 2466,541 2492,543 2517,544 2543,545 2568,545 2594,546 2619,547 2645,547 2670,548 2695,548 2721,549 2746,549 2772,549 2797,549 2823,549 2848,549 2874,549"/>
                <TextEquiv>
                    <Unicode>TELEPHON R-23-0-43</Unicode>
                </TextEquiv>
            </TextLine>
            <TextLine id="r3l6" custom="readingOrder {index:5;}">
                <Coords points="2216,666 2261,690 2296,678 2409,692 2465,676 2481,688 2525,682 2574,719 2598,720 2603,641 2587,637 2478,649 2441,626 2382,641 2325,621 2286,636 2218,631"/>
                <Baseline points="2224,667 2250,670 2276,671 2302,672 2329,672 2355,673 2381,673 2408,674 2434,675 2460,676 2486,678 2513,680 2539,683 2565,688 2592,694"/>
                <TextEquiv>
                    <Unicode>Ausschnitt ausg,</Unicode>
                </TextEquiv>
            </TextLine>
            <TextLine id="r3l7" custom="readingOrder {index:6;}">
                <Coords points="2602,734 2632,725 2662,736 2741,728 2797,752 2854,746 2888,762 2894,671 2835,664 2806,673 2789,662 2760,671 2741,659 2689,671 2609,642"/>
                <Baseline points="2612,703 2639,712 2666,717 2693,720 2720,722 2747,723 2774,723 2801,723 2828,724 2855,727 2883,731"/>
                <TextEquiv>
                    <Unicode>HSFENADE. N</Unicode>
                </TextEquiv>
            </TextLine>
            <TextLine id="r3l8" custom="readingOrder {index:7;}">
                <Coords points="2213,902 2239,907 2253,900 2274,904 2288,898 2297,907 2325,899 2353,916 2366,914 2367,850 2333,863 2317,856 2257,859 2240,849 2223,866 2214,866"/>
                <Baseline points="2221,891 2248,890 2276,890 2303,890 2331,892 2359,895"/>
                <TextEquiv>
                    <Unicode>vom:</Unicode>
                </TextEquiv>
            </TextLine>
            <TextLine id="r3l9" custom="readingOrder {index:8;}">
                <Coords points="2760,937 2778,938 2785,946 2824,946 2837,953 2848,944 2859,950 2891,945 2891,871 2868,880 2842,867 2824,875 2810,864 2805,868 2795,863 2783,871 2761,867"/>
                <Baseline points="2768,935 2797,934 2826,933 2855,934 2884,939"/>
                <TextEquiv>
                    <Unicode>34</Unicode>
                </TextEquiv>
            </TextLine>
            <TextLine id="r3l10" custom="readingOrder {index:9;}">
                <Coords points="2278,1044 3111,1072 3111,1007 3006,971 2764,995 2737,973 2326,971 2278,994"/>
                <Baseline points="2286,1039 2326,1040 2367,1041 2408,1041 2449,1042 2490,1042 2531,1042 2572,1041 2613,1041 2654,1041 2695,1040 2735,1040 2776,1040 2817,1039 2858,1039 2899,1039 2940,1040 2981,1040 3022,1041 3063,1042 3104,1044"/>
                <TextEquiv>
                    <Unicode>Hofmannsthal, Schnitzler,</Unicode>
                </TextEquiv>
            </TextLine>
            <TextLine id="r3l11" custom="readingOrder {index:10;}">
                <Coords points="2508,1120 2585,1136 2629,1121 2759,1137 2873,1122 2873,1090 2840,1069 2762,1053 2697,1064 2561,1044 2509,1063"/>
                <Baseline points="2516,1113 2541,1114 2566,1115 2591,1116 2616,1116 2641,1117 2666,1117 2691,1118 2716,1118 2741,1118 2766,1118 2791,1117 2816,1117 2841,1117 2866,1116"/>
                <TextEquiv>
                    <Unicode>Wildgans.</Unicode>
                </TextEquiv>
            </TextLine>
            <TextLine id="r3l12" custom="readingOrder {index:11;}">
                <Coords points="2354,1171 2438,1200 2674,1181 2990,1196 3013,1193 3014,1160 2896,1131 2780,1147 2727,1128 2609,1153 2400,1128 2354,1155"/>
                <Baseline points="2361,1173 2393,1174 2425,1174 2457,1175 2490,1176 2522,1177 2554,1177 2586,1178 2619,1179 2651,1179 2683,1179 2715,1180 2748,1180 2780,1180 2812,1180 2844,1180 2877,1180 2909,1180 2941,1180 2973,1179 3006,1179"/>
                <TextEquiv>
                    <Unicode>Gedenkfeier im Raimundtheater.</Unicode>
                </TextEquiv>
            </TextLine>
            <TextLine id="r3l13" custom="readingOrder {index:12;}">
                <Coords points="2285,1227 3150,1242 3150,1207 3056,1185 2285,1198"/>
                <Baseline points="2293,1228 2335,1229 2377,1230 2420,1231 2462,1231 2505,1231 2547,1232 2590,1232 2632,1231 2675,1231 2717,1231 2759,1231 2802,1231 2844,1230 2887,1230 2929,1230 2972,1230 3014,1231 3057,1231 3099,1232 3142,1233"/>
                <TextEquiv>
                    <Unicode>Den drei großen österreichischen Dichtern,</Unicode>
                </TextEquiv>
            </TextLine>
            <TextLine id="r3l14" custom="readingOrder {index:13;}">
                <Coords points="2254,1275 2814,1297 3145,1274 3086,1237 2254,1229"/>
                <Baseline points="2261,1268 2304,1270 2348,1272 2392,1273 2436,1274 2480,1274 2524,1275 2567,1275 2611,1276 2655,1276 2699,1276 2743,1276 2787,1276 2831,1276 2874,1276 2918,1276 2962,1276 3006,1277 3050,1277 3094,1278 3138,1279"/>
                <TextEquiv>
                    <Unicode>die in knapper Folge den gleichen, den gnädig¬</Unicode>
                </TextEquiv>
            </TextLine>
            <TextLine id="r3l15" custom="readingOrder {index:14;}">
                <Coords points="2246,1320 3143,1316 3143,1278 2511,1299 2246,1268"/>
                <Baseline points="2253,1316 2297,1317 2341,1317 2385,1317 2429,1318 2473,1318 2517,1318 2562,1319 2606,1319 2650,1319 2694,1319 2738,1320 2782,1320 2826,1320 2871,1320 2915,1320 2959,1320 3003,1320 3047,1320 3091,1320 3136,1319"/>
                <TextEquiv>
                    <Unicode>schnellen Tod gefunden haben, galt eine Gedenk¬</Unicode>
                </TextEquiv>
            </TextLine>
            <TextLine id="r3l16" custom="readingOrder {index:15;}">
                <Coords points="2251,1369 3154,1363 3110,1320 2251,1325"/>
                <Baseline points="2259,1359 2303,1360 2347,1360 2392,1360 2436,1360 2481,1361 2525,1361 2569,1361 2614,1361 2658,1361 2703,1361 2747,1361 2791,1361 2836,1361 2880,1361 2925,1361 2969,1361 3013,1361 3058,1361 3102,1361 3147,1361"/>
                <TextEquiv>
                    <Unicode>feier, die das Raimundtheater am 1. d. vor</Unicode>
                </TextEquiv>
            </TextLine>
            <TextLine id="r3l17" custom="readingOrder {index:16;}">
                <Coords points="2259,1401 3098,1406 3156,1431 3156,1357 2259,1365"/>
                <Baseline points="2267,1400 2311,1401 2355,1402 2399,1403 2443,1403 2487,1404 2531,1404 2575,1405 2619,1405 2663,1405 2707,1405 2751,1405 2795,1405 2839,1405 2883,1404 2927,1404 2971,1404 3015,1403 3059,1403 3103,1402 3148,1402"/>
                <TextEquiv>
                    <Unicode>ausverkauftem Haus, vor einem Burgtheater¬</Unicode>
                </TextEquiv>
            </TextLine>
            <TextLine id="r3l18" custom="readingOrder {index:17;}">
                <Coords points="2240,1449 2955,1464 3162,1436 3091,1409 2240,1414"/>
                <Baseline points="2247,1444 2292,1445 2337,1445 2383,1446 2428,1446 2473,1446 2519,1447 2564,1447 2609,1447 2655,1447 2700,1447 2745,1447 2791,1447 2836,1447 2881,1447 2927,1448 2972,1448 3017,1448 3063,1449 3108,1450 3154,1451"/>
                <TextEquiv>
                    <Unicode>Premierenpublikum, zur Aufführung brachte.</Unicode>
                </TextEquiv>
            </TextLine>
            <TextLine id="r3l19" custom="readingOrder {index:18;}">
                <Coords points="2243,1507 2525,1488 2550,1511 2630,1478 2763,1514 3152,1503 3129,1447 2243,1449"/>
                <Baseline points="2251,1486 2295,1487 2340,1488 2384,1489 2429,1489 2474,1490 2518,1490 2563,1490 2608,1490 2652,1490 2697,1489 2742,1489 2786,1489 2831,1489 2876,1488 2920,1488 2965,1488 3010,1488 3054,1488 3099,1488 3144,1489"/>
                <TextEquiv>
                    <Unicode>Man begann mit Hofmannsthals</Unicode>
                </TextEquiv>
            </TextLine>
            <TextLine id="r3l20" custom="readingOrder {index:19;}">
                <Coords points="2247,1553 2394,1528 2462,1556 2600,1531 3114,1544 3158,1537 3158,1502 2807,1491 2775,1517 2630,1478 2549,1511 2247,1507"/>
                <Baseline points="2255,1533 2299,1533 2344,1532 2389,1532 2434,1532 2478,1532 2523,1531 2568,1531 2613,1531 2657,1531 2702,1531 2747,1531 2792,1531 2836,1531 2881,1531 2926,1531 2971,1531 3015,1531 3060,1531 3105,1530 3150,1530"/>
                <TextEquiv>
                    <Unicode>„Tor und der Tod“. Die formschönen</Unicode>
                </TextEquiv>
            </TextLine>
            <TextLine id="r3l21" custom="readingOrder {index:20;}">
                <Coords points="2246,1574 3163,1597 3163,1534 2246,1536"/>
                <Baseline points="2254,1574 2299,1575 2344,1576 2389,1576 2434,1576 2479,1576 2524,1576 2569,1576 2614,1576 2659,1576 2705,1575 2750,1575 2795,1575 2840,1575 2885,1575 2930,1575 2975,1575 3020,1575 3065,1575 3110,1576 3156,1577"/>
                <TextEquiv>
                    <Unicode>Verse, die gelegentlich faustische Bedeutung</Unicode>
                </TextEquiv>
            </TextLine>
            <TextLine id="r3l22" custom="readingOrder {index:21;}">
                <Coords points="2250,1621 3140,1620 3100,1579 2250,1581"/>
                <Baseline points="2257,1618 2300,1618 2344,1618 2388,1617 2432,1617 2476,1617 2519,1617 2563,1617 2607,1618 2651,1618 2695,1618 2738,1618 2782,1618 2826,1618 2870,1618 2914,1618 2957,1618 3001,1618 3045,1618 3089,1618 3133,1617"/>
                <TextEquiv>
                    <Unicode>haben, gelten dem Ende eines jungen Edel¬</Unicode>
                </TextEquiv>
            </TextLine>
            <TextLine id="r3l23" custom="readingOrder {index:22;}">
                <Coords points="2254,1662 3076,1676 3142,1666 3142,1626 2254,1640"/>
                <Baseline points="2261,1660 2304,1660 2348,1660 2392,1659 2435,1660 2479,1660 2523,1660 2566,1660 2610,1661 2654,1661 2698,1662 2741,1662 2785,1663 2829,1663 2872,1663 2916,1663 2960,1663 3003,1662 3047,1661 3091,1661 3135,1659"/>
                <TextEquiv>
                    <Unicode>mannes, der, wie so viele andre, nur gelebt und</Unicode>
                </TextEquiv>
            </TextLine>
            <TextLine id="r3l24" custom="readingOrder {index:23;}">
                <Coords points="2242,1721 3074,1721 3143,1699 3143,1669 2242,1674"/>
                <Baseline points="2250,1703 2294,1703 2338,1703 2382,1703 2427,1703 2471,1703 2515,1703 2559,1703 2604,1703 2648,1703 2692,1703 2736,1703 2781,1704 2825,1704 2869,1704 2913,1704 2958,1704 3002,1705 3046,1705 3090,1705 3135,1705"/>
                <TextEquiv>
                    <Unicode>nicht erlebt hat. Mutter, Geliebte und Freund</Unicode>
                </TextEquiv>
            </TextLine>
            <TextLine id="r3l25" custom="readingOrder {index:24;}">
                <Coords points="2239,1741 3118,1755 3155,1741 3155,1691 3076,1720 2239,1710"/>
                <Baseline points="2247,1743 2292,1744 2337,1744 2382,1745 2427,1746 2472,1746 2517,1746 2562,1747 2607,1747 2652,1747 2697,1747 2742,1747 2787,1747 2832,1747 2877,1747 2922,1747 2967,1747 3012,1747 3057,1746 3102,1746 3147,1745"/>
                <TextEquiv>
                    <Unicode>werden herbeigefiedelt vom Tod, der wie in</Unicode>
                </TextEquiv>
            </TextLine>
            <TextLine id="r3l26" custom="readingOrder {index:25;}">
                <Coords points="2253,1792 3149,1787 3149,1748 2503,1749 2457,1772 2253,1748"/>
                <Baseline points="2260,1783 2304,1785 2348,1787 2392,1788 2436,1789 2480,1789 2524,1789 2568,1789 2612,1789 2656,1789 2700,1789 2744,1789 2788,1788 2832,1788 2876,1787 2920,1787 2964,1787 3008,1787 3052,1787 3096,1787 3141,1788"/>
                <TextEquiv>
                    <Unicode>Schillers „Die Götter Griechenlands“ kein</Unicode>
                </TextEquiv>
            </TextLine>
            <TextLine id="r3l27" custom="readingOrder {index:26;}">
                <Coords points="2239,1836 3153,1835 3134,1786 2579,1789 2523,1815 2239,1785"/>
                <Baseline points="2247,1828 2294,1828 2341,1829 2388,1829 2436,1830 2483,1830 2530,1830 2578,1831 2625,1831 2672,1831 2720,1831 2767,1831 2814,1831 2862,1831 2909,1831 2956,1831 3004,1831 3051,1831 3098,1830 3146,1830"/>
                <TextEquiv>
                    <Unicode>Sensenmann und Gerippe, sondern aus des</Unicode>
                </TextEquiv>
            </TextLine>
            <TextLine id="r3l28" custom="readingOrder {index:27;}">
                <Coords points="2248,1888 3017,1891 3064,1886 3065,1854 2962,1831 2248,1841"/>
                <Baseline points="2255,1872 2295,1872 2335,1872 2375,1873 2415,1873 2455,1874 2495,1874 2535,1874 2575,1874 2615,1875 2656,1875 2696,1875 2736,1875 2776,1875 2816,1875 2856,1875 2896,1875 2936,1875 2976,1875 3016,1874 3057,1874"/>
                <TextEquiv>
                    <Unicode>Dionysos= und des Bacchus=Geschlecht ist.</Unicode>
                </TextEquiv>
            </TextLine>
            <TextLine id="r3l29" custom="readingOrder {index:28;}">
                <Coords points="2295,1915 3160,1935 3160,1872 2295,1889"/>
                <Baseline points="2303,1916 2345,1915 2387,1915 2430,1915 2472,1915 2515,1915 2557,1916 2600,1916 2642,1917 2685,1917 2727,1918 2769,1918 2812,1919 2854,1919 2897,1920 2939,1920 2982,1919 3024,1919 3067,1918 3109,1917 3152,1916"/>
                <TextEquiv>
                    <Unicode>Artur Schnitzlers, Die letzten</Unicode>
                </TextEquiv>
            </TextLine>
            <TextLine id="r3l30" custom="readingOrder {index:29;}">
                <Coords points="2246,1965 3159,1962 3124,1926 2339,1936 2247,1901"/>
                <Baseline points="2253,1957 2297,1957 2342,1957 2387,1957 2432,1957 2477,1958 2522,1958 2567,1959 2612,1959 2657,1960 2702,1961 2746,1961 2791,1962 2836,1962 2881,1963 2926,1964 2971,1964 3016,1964 3061,1965 3106,1965 3151,1966"/>
                <TextEquiv>
                    <Unicode>Masken“ hat man schon lange nicht auf der</Unicode>
                </TextEquiv>
            </TextLine>
            <TextLine id="r3l31" custom="readingOrder {index:30;}">
                <Coords points="2234,2005 3031,1999 3141,2026 3157,1990 2987,1959 2235,1973"/>
                <Baseline points="2242,2001 2287,2001 2332,2001 2377,2001 2423,2001 2468,2001 2513,2001 2559,2002 2604,2002 2649,2003 2695,2003 2740,2004 2785,2004 2830,2005 2876,2005 2921,2006 2966,2007 3012,2007 3057,2008 3102,2009 3148,2009"/>
                <TextEquiv>
                    <Unicode>Bühne gesehen. Seine Porträtkunst (die auch,</Unicode>
                </TextEquiv>
            </TextLine>
            <TextLine id="r3l32" custom="readingOrder {index:31;}">
                <Coords points="2248,2037 2349,2063 2849,2066 3152,2041 3018,2007 2248,2017"/>
                <Baseline points="2256,2045 2300,2044 2344,2044 2389,2044 2433,2044 2478,2044 2522,2044 2566,2044 2611,2045 2655,2045 2700,2045 2744,2046 2788,2046 2833,2047 2877,2047 2922,2047 2966,2047 3010,2047 3055,2047 3099,2047 3144,2046"/>
                <TextEquiv>
                    <Unicode>wie es manche Maler können, hinter das Ge¬</Unicode>
                </TextEquiv>
            </TextLine>
            <TextLine id="r3l33" custom="readingOrder {index:32;}">
                <Coords points="2245,2094 3147,2103 3147,2067 3051,2048 2245,2050"/>
                <Baseline points="2253,2091 2297,2090 2341,2089 2386,2088 2430,2088 2474,2088 2519,2088 2563,2088 2607,2088 2652,2089 2696,2089 2740,2089 2785,2090 2829,2090 2873,2090 2918,2090 2962,2090 3006,2090 3051,2090 3095,2089 3140,2089"/>
                <TextEquiv>
                    <Unicode>sicht des Abzubildenden blickt), die da der</Unicode>
                </TextEquiv>
            </TextLine>
            <TextLine id="r3l34" custom="readingOrder {index:33;}">
                <Coords points="2246,2139 3155,2144 3155,2089 3013,2115 2246,2092"/>
                <Baseline points="2253,2132 2297,2133 2342,2133 2387,2133 2431,2132 2476,2132 2521,2132 2565,2132 2610,2131 2655,2131 2700,2131 2744,2130 2789,2130 2834,2130 2878,2130 2923,2131 2968,2131 3012,2132 3057,2133 3102,2134 3147,2136"/>
                <TextEquiv>
                    <Unicode>Dichter wie so oft zeigt, bleibt immer gleich</Unicode>
                </TextEquiv>
            </TextLine>
            <TextLine id="r3l35" custom="readingOrder {index:34;}">
                <Coords points="2247,2182 3146,2191 3146,2146 3021,2132 2247,2140"/>
                <Baseline points="2255,2172 2299,2173 2343,2174 2387,2175 2431,2175 2476,2176 2520,2176 2564,2176 2608,2176 2652,2176 2697,2176 2741,2176 2785,2176 2829,2176 2873,2176 2918,2176 2962,2176 3006,2177 3050,2177 3094,2178 3139,2178"/>
                <TextEquiv>
                    <Unicode>staunenswert. Hier läßt sich ein Journalist, der</Unicode>
                </TextEquiv>
            </TextLine>
            <TextLine id="r3l36" custom="readingOrder {index:35;}">
                <Coords points="2241,2228 3154,2229 3138,2190 3061,2180 2242,2185"/>
                <Baseline points="2249,2215 2293,2215 2338,2215 2383,2215 2428,2216 2473,2216 2518,2216 2563,2217 2608,2217 2653,2217 2698,2218 2742,2218 2787,2219 2832,2220 2877,2220 2922,2221 2967,2222 3012,2222 3057,2223 3102,2223 3147,2224"/>
                <TextEquiv>
                    <Unicode>im Krankenhaus in den letzten Zügen liegt,</Unicode>
                </TextEquiv>
            </TextLine>
            <TextLine id="r3l37" custom="readingOrder {index:36;}">
                <Coords points="2241,2258 3090,2277 3160,2254 3160,2228 2241,2227"/>
                <Baseline points="2249,2259 2294,2259 2339,2259 2384,2260 2429,2260 2474,2260 2519,2260 2565,2260 2610,2260 2655,2261 2700,2261 2745,2261 2790,2261 2835,2261 2881,2261 2926,2261 2971,2261 3016,2261 3061,2261 3106,2261 3152,2261"/>
                <TextEquiv>
                    <Unicode>den gehaßten Jugendfreund und Konkurrenten</Unicode>
                </TextEquiv>
            </TextLine>
            <TextLine id="r3l38" custom="readingOrder {index:37;}">
                <Coords points="2240,2301 3031,2320 3156,2294 3141,2262 2240,2258"/>
                <Baseline points="2248,2302 2293,2303 2338,2303 2383,2303 2428,2303 2473,2304 2518,2304 2563,2304 2608,2304 2653,2304 2698,2304 2743,2304 2788,2304 2833,2304 2878,2304 2923,2303 2968,2303 3013,2303 3058,2303 3103,2302 3148,2302"/>
                <TextEquiv>
                    <Unicode>holen, um ihm endlich zu sagen, daß der Götter¬</Unicode>
                </TextEquiv>
            </TextLine>
            <TextLine id="r3l39" custom="readingOrder {index:38;}">
                <Coords points="2244,2358 3158,2338 3062,2309 2244,2307"/>
                <Baseline points="2251,2347 2298,2346 2345,2346 2392,2346 2440,2346 2487,2346 2534,2346 2582,2346 2629,2346 2676,2347 2724,2347 2771,2347 2818,2347 2866,2348 2913,2348 2960,2348 3008,2348 3055,2348 3102,2347 3150,2347"/>
                <TextEquiv>
                    <Unicode>liebling jahrelang von seiner Frau, und dies</Unicode>
                </TextEquiv>
            </TextLine>
            <TextLine id="r3l40" custom="readingOrder {index:39;}">
                <Coords points="2243,2394 3062,2393 3154,2422 3142,2338 3105,2361 2243,2358"/>
                <Baseline points="2251,2389 2295,2388 2340,2387 2385,2387 2430,2387 2474,2387 2519,2387 2564,2387 2609,2388 2653,2388 2698,2389 2743,2389 2788,2390 2832,2390 2877,2390 2922,2390 2967,2390 3011,2390 3056,2389 3101,2388 3146,2387"/>
                <TextEquiv>
                    <Unicode>gerade mit ihm, dem Niemand an Ansehen, be¬</Unicode>
                </TextEquiv>
            </TextLine>
            <TextLine id="r3l41" custom="readingOrder {index:40;}">
                <Coords points="2252,2445 3154,2456 3154,2418 3096,2396 2252,2393"/>
                <Baseline points="2259,2430 2303,2429 2347,2429 2392,2429 2436,2429 2480,2429 2525,2429 2569,2430 2613,2430 2658,2431 2702,2431 2746,2432 2791,2432 2835,2433 2879,2433 2924,2433 2968,2433 3012,2433 3057,2433 3101,2432 3146,2430"/>
                <TextEquiv>
                    <Unicode>trogen worden ist. Aber als dann der Dichter¬</Unicode>
                </TextEquiv>
            </TextLine>
            <TextLine id="r3l42" custom="readingOrder {index:41;}">
                <Coords points="2249,2491 3104,2494 3144,2483 3144,2436 2249,2440"/>
                <Baseline points="2257,2472 2303,2472 2349,2472 2395,2472 2442,2473 2488,2473 2534,2474 2580,2474 2627,2475 2673,2475 2719,2475 2765,2476 2812,2476 2858,2476 2904,2477 2950,2477 2997,2477 3043,2476 3089,2476 3136,2476"/>
                <TextEquiv>
                    <Unicode>ling kommt, erscheint es dem Sterbenden so un¬</Unicode>
                </TextEquiv>
            </TextLine>
            <TextLine id="r3l43" custom="readingOrder {index:42;}">
                <Coords points="2243,2515 2501,2540 3067,2519 3152,2556 3153,2489 2243,2498"/>
                <Baseline points="2250,2515 2294,2517 2339,2518 2384,2518 2429,2519 2473,2519 2518,2520 2563,2520 2608,2520 2652,2520 2697,2520 2742,2520 2787,2520 2831,2520 2876,2520 2921,2521 2966,2521 3010,2521 3055,2522 3100,2523 3145,2524"/>
                <TextEquiv>
                    <Unicode>indlich gleichgültig, Auseinandersetzungen zu</Unicode>
                </TextEquiv>
            </TextLine>
            <TextLine id="r3l44" custom="readingOrder {index:43;}">
                <Coords points="2242,2562 2803,2584 2908,2561 2985,2592 3128,2570 3141,2533 2242,2518"/>
                <Baseline points="2249,2560 2293,2561 2337,2562 2381,2562 2425,2563 2470,2563 2514,2563 2558,2563 2602,2564 2646,2564 2691,2564 2735,2564 2779,2564 2823,2564 2867,2564 2912,2564 2956,2564 3000,2564 3044,2564 3088,2564 3133,2564"/>
                <TextEquiv>
                    <Unicode>pflegen mit einem, der morgen noch leben</Unicode>
                </TextEquiv>
            </TextLine>
            <TextLine id="r3l45" custom="readingOrder {index:44;}">
                <Coords points="2252,2635 2275,2635 2307,2610 2353,2605 2371,2614 2384,2608 2454,2610 2454,2565 2381,2585 2361,2571 2353,2577 2318,2559 2295,2574 2253,2564"/>
                <Baseline points="2260,2601 2286,2603 2313,2603 2339,2603 2366,2603 2392,2603 2419,2603 2446,2603"/>
                <TextEquiv>
                    <Unicode>wird.</Unicode>
                </TextEquiv>
            </TextLine>
            <TextLine id="r3l46" custom="readingOrder {index:45;}">
                <Coords points="2297,2650 2804,2664 2891,2641 3161,2672 3161,2585 3065,2619 2746,2590 2297,2613"/>
                <Baseline points="2305,2648 2347,2648 2389,2647 2432,2647 2474,2647 2517,2647 2559,2647 2602,2647 2644,2647 2687,2647 2729,2647 2771,2648 2814,2648 2856,2648 2899,2649 2941,2649 2984,2649 3026,2649 3069,2649 3111,2649 3154,2649"/>
                <TextEquiv>
                    <Unicode>„In Ewigkeit Amen“ von Anton</Unicode>
                </TextEquiv>
            </TextLine>
            <TextLine id="r3l47" custom="readingOrder {index:46;}">
                <Coords points="2248,2689 3147,2710 3129,2656 2317,2661 2249,2638"/>
                <Baseline points="2256,2684 2300,2686 2344,2687 2388,2688 2432,2689 2476,2690 2520,2691 2565,2692 2609,2692 2653,2693 2697,2693 2741,2694 2785,2694 2829,2694 2874,2694 2918,2694 2962,2694 3006,2695 3050,2695 3094,2695 3139,2695"/>
                <TextEquiv>
                    <Unicode>Wildgans wird nicht nur in den letzten</Unicode>
                </TextEquiv>
            </TextLine>
            <TextLine id="r3l48" custom="readingOrder {index:47;}">
                <Coords points="2240,2723 3154,2746 3142,2690 2240,2687"/>
                <Baseline points="2247,2733 2294,2733 2341,2733 2388,2733 2436,2733 2483,2733 2530,2734 2578,2734 2625,2734 2672,2735 2720,2735 2767,2735 2814,2735 2862,2735 2909,2736 2956,2735 3004,2735 3051,2735 3098,2735 3146,2734"/>
                <TextEquiv>
                    <Unicode>Jahren, sogar in den jüngsten Monaten immer</Unicode>
                </TextEquiv>
            </TextLine>
            <TextLine id="r3l49" custom="readingOrder {index:48;}">
                <Coords points="2242,2781 3145,2783 3119,2739 2242,2743"/>
                <Baseline points="2249,2774 2293,2774 2337,2775 2382,2775 2426,2776 2471,2776 2515,2776 2559,2776 2604,2776 2648,2776 2693,2776 2737,2776 2781,2776 2826,2776 2870,2776 2915,2776 2959,2776 3003,2776 3048,2775 3092,2775 3137,2775"/>
                <TextEquiv>
                    <Unicode>häufiger aufgeführt. Eine besonders glanzvolle</Unicode>
                </TextEquiv>
            </TextLine>
            <TextLine id="r3l50" custom="readingOrder {index:49;}">
                <Coords points="2255,2819 2663,2827 2721,2801 2814,2830 3107,2828 3148,2822 3148,2781 2255,2787"/>
                <Baseline points="2263,2817 2306,2817 2350,2818 2394,2818 2438,2818 2482,2819 2526,2819 2570,2819 2614,2819 2658,2819 2702,2819 2745,2819 2789,2819 2833,2819 2877,2818 2921,2818 2965,2818 3009,2817 3053,2817 3097,2816 3141,2815"/>
                <TextEquiv>
                    <Unicode>Darstellung sah man im Vorsommer im</Unicode>
                </TextEquiv>
            </TextLine>
            <TextLine id="r3l51" custom="readingOrder {index:50;}">
                <Coords points="2253,2870 2667,2850 3132,2874 3155,2818 2920,2842 2253,2820"/>
                <Baseline points="2261,2858 2305,2858 2349,2858 2394,2857 2438,2857 2482,2857 2527,2858 2571,2858 2615,2858 2660,2859 2704,2859 2748,2859 2793,2860 2837,2860 2881,2860 2926,2860 2970,2860 3014,2860 3059,2859 3103,2858 3148,2857"/>
                <TextEquiv>
                    <Unicode>Reinhardt=Seminar. Es ist aber auch dieses</Unicode>
                </TextEquiv>
            </TextLine>
            <TextLine id="r3l52" custom="readingOrder {index:51;}">
                <Coords points="2257,2913 3118,2914 3154,2908 3154,2868 2257,2872"/>
                <Baseline points="2264,2902 2308,2901 2352,2901 2396,2901 2440,2901 2484,2901 2528,2901 2573,2902 2617,2902 2661,2902 2705,2902 2749,2903 2793,2903 2837,2903 2882,2903 2926,2902 2970,2902 3014,2901 3058,2900 3102,2899 3147,2897"/>
                <TextEquiv>
                    <Unicode>„Gerichtsstück in einem Akt“ von außerordent¬</Unicode>
                </TextEquiv>
            </TextLine>
            <TextLine id="r3l53" custom="readingOrder {index:52;}">
                <Coords points="2249,2947 3146,2958 3136,2907 2249,2913"/>
                <Baseline points="2257,2944 2301,2944 2345,2944 2389,2943 2433,2943 2477,2943 2521,2943 2565,2943 2609,2943 2653,2944 2698,2944 2742,2944 2786,2944 2830,2944 2874,2945 2918,2945 2962,2945 3006,2945 3050,2945 3094,2945 3139,2945"/>
                <TextEquiv>
                    <Unicode>licher dramatischer Schlagkraft. Der Richter,</Unicode>
                </TextEquiv>
            </TextLine>
            <TextLine id="r3l54" custom="readingOrder {index:53;}">
                <Coords points="2244,2983 3154,2993 3140,2949 2687,2965 2374,2940 2341,2964 2244,2939"/>
                <Baseline points="2252,2986 2296,2986 2341,2986 2386,2986 2431,2986 2475,2986 2520,2986 2565,2986 2610,2986 2654,2986 2699,2986 2744,2986 2789,2986 2833,2986 2878,2986 2923,2987 2968,2987 3012,2988 3057,2989 3102,2990 3147,2992"/>
                <TextEquiv>
                    <Unicode>der sein Amt nicht um der Gerechtigkeit,</Unicode>
                </TextEquiv>
            </TextLine>
            <TextLine id="r3l55" custom="readingOrder {index:54;}">
                <Coords points="2252,3035 3151,3048 3151,3005 3084,2993 2252,2987"/>
                <Baseline points="2259,3028 2303,3028 2347,3027 2391,3026 2435,3026 2480,3025 2524,3025 2568,3025 2612,3025 2656,3025 2701,3025 2745,3025 2789,3026 2833,3026 2877,3027 2922,3027 2966,3028 3010,3029 3054,3030 3098,3031 3143,3032"/>
                <TextEquiv>
                    <Unicode>sondern um des Richtens willen ausübt, der</Unicode>
                </TextEquiv>
            </TextLine>
            <TextLine id="r3l56" custom="readingOrder {index:55;}">
                <Coords points="2256,3071 3164,3089 3164,3051 3098,3031 2256,3034"/>
                <Baseline points="2264,3069 2308,3069 2353,3069 2397,3069 2442,3069 2487,3070 2531,3070 2576,3070 2620,3071 2665,3071 2710,3071 2754,3071 2799,3072 2843,3072 2888,3072 2933,3072 2977,3072 3022,3072 3066,3071 3111,3071 3156,3070"/>
                <TextEquiv>
                    <Unicode>den Beschuldigten einer Tat überführt, die</Unicode>
                </TextEquiv>
            </TextLine>
            <TextLine id="r3l57" custom="readingOrder {index:56;}">
                <Coords points="2252,3120 3103,3130 3160,3125 3160,3069 2974,3094 2252,3080"/>
                <Baseline points="2260,3113 2304,3112 2349,3111 2393,3111 2438,3111 2483,3111 2527,3112 2572,3112 2616,3113 2661,3114 2706,3115 2750,3115 2795,3116 2839,3116 2884,3116 2929,3116 2973,3116 3018,3115 3062,3114 3107,3112 3152,3110"/>
                <TextEquiv>
                    <Unicode>dieser nicht begangen hat, die Zeugen, Schrift¬</Unicode>
                </TextEquiv>
            </TextLine>
            <TextLine id="r3l58" custom="readingOrder {index:57;}">
                <Coords points="2254,3168 3033,3160 3153,3187 3153,3137 3076,3118 2254,3121"/>
                <Baseline points="2262,3156 2306,3155 2350,3154 2394,3153 2438,3153 2483,3153 2527,3153 2571,3153 2615,3154 2659,3154 2704,3155 2748,3155 2792,3156 2836,3157 2880,3157 2925,3157 2969,3158 3013,3158 3057,3158 3101,3157 3146,3157"/>
                <TextEquiv>
                    <Unicode>führer, alles aus einem packenden, über¬</Unicode>
                </TextEquiv>
            </TextLine>
            <TextLine id="r3l59" custom="readingOrder {index:58;}">
                <Coords points="2247,3224 2305,3200 2382,3210 2466,3198 2537,3213 2563,3207 2564,3158 2248,3166"/>
                <Baseline points="2255,3198 2280,3198 2305,3197 2330,3197 2355,3197 2380,3197 2405,3197 2430,3197 2455,3197 2480,3198 2505,3199 2530,3200 2556,3201"/>
                <TextEquiv>
                    <Unicode>zeugenden Guß.</Unicode>
                </TextEquiv>
            </TextLine>
            <TextLine id="r3l60" custom="readingOrder {index:59;}">
                <Coords points="2288,3236 3149,3247 3138,3195 2467,3201 2439,3225 2288,3206"/>
                <Baseline points="2295,3238 2337,3238 2379,3239 2421,3239 2464,3240 2506,3241 2548,3241 2591,3241 2633,3242 2675,3243 2718,3243 2760,3243 2802,3243 2844,3244 2887,3244 2929,3244 2971,3243 3014,3243 3056,3242 3098,3242 3141,3241"/>
                <TextEquiv>
                    <Unicode>Man wurde Zeuge einiger schöner</Unicode>
                </TextEquiv>
            </TextLine>
            <TextLine id="r3l61" custom="readingOrder {index:60;}">
                <Coords points="2249,3287 3159,3283 3159,3246 2967,3232 2896,3259 2523,3243 2489,3270 2446,3243 2249,3240"/>
                <Baseline points="2257,3277 2301,3278 2346,3280 2391,3281 2435,3282 2480,3283 2525,3284 2569,3284 2614,3285 2659,3285 2704,3286 2748,3286 2793,3286 2838,3286 2882,3287 2927,3287 2972,3287 3016,3287 3061,3287 3106,3287 3151,3287"/>
                <TextEquiv>
                    <Unicode>Leistungen. War Frank als todbedrohter</Unicode>
                </TextEquiv>
            </TextLine>
            <TextLine id="r3l62" custom="readingOrder {index:61;}">
                <Coords points="2244,3322 3167,3328 3167,3304 3091,3289 2244,3291"/>
                <Baseline points="2251,3322 2296,3323 2341,3324 2387,3325 2432,3326 2478,3326 2523,3327 2568,3328 2614,3329 2659,3329 2705,3330 2750,3330 2795,3330 2841,3330 2886,3330 2932,3330 2977,3329 3022,3328 3068,3328 3113,3326 3159,3325"/>
                <TextEquiv>
                    <Unicode>Edelmann fast so leise, als wäre schon alles</Unicode>
                </TextEquiv>
            </TextLine>
            <TextLine id="r3l63" custom="readingOrder {index:62;}">
                <Coords points="2240,3370 3165,3380 3146,3326 2240,3335"/>
                <Baseline points="2248,3365 2293,3367 2338,3368 2384,3368 2429,3369 2475,3369 2520,3370 2566,3370 2611,3370 2657,3370 2702,3370 2747,3369 2793,3369 2838,3369 2884,3369 2929,3369 2975,3369 3020,3369 3066,3369 3111,3369 3157,3369"/>
                <TextEquiv>
                    <Unicode>vorüber, lag ihm der Dichterling bei Schnitzler</Unicode>
                </TextEquiv>
            </TextLine>
            <TextLine id="r3l64" custom="readingOrder {index:63;}">
                <Coords points="2241,3417 2948,3433 3161,3408 3161,3381 3087,3373 2241,3380"/>
                <Baseline points="2249,3409 2294,3409 2339,3409 2384,3409 2429,3410 2475,3410 2520,3410 2565,3411 2610,3411 2655,3411 2701,3411 2746,3412 2791,3412 2836,3412 2881,3412 2927,3412 2972,3412 3017,3412 3062,3412 3107,3412 3153,3411"/>
                <TextEquiv>
                    <Unicode>besonders gut. Lebenswahr wie immer der</Unicode>
                </TextEquiv>
            </TextLine>
            <TextLine id="r3l65" custom="readingOrder {index:64;}">
                <Coords points="2243,3456 3151,3471 3151,3419 3120,3414 2243,3418"/>
                <Baseline points="2251,3455 2295,3453 2340,3451 2384,3451 2429,3450 2474,3450 2518,3450 2563,3450 2607,3451 2652,3451 2697,3452 2741,3453 2786,3453 2830,3454 2875,3454 2920,3455 2964,3454 3009,3454 3053,3453 3098,3452 3143,3450"/>
                <TextEquiv>
                    <Unicode>„kleine“ Danegger von gestern, der heute</Unicode>
                </TextEquiv>
            </TextLine>
            <TextLine id="r3l66" custom="readingOrder {index:65;}">
                <Coords points="2250,3499 2533,3525 2581,3498 3065,3521 3156,3497 3135,3466 3028,3452 2250,3457"/>
                <Baseline points="2258,3495 2302,3495 2347,3495 2391,3496 2436,3496 2480,3496 2525,3496 2569,3496 2614,3497 2658,3497 2703,3497 2747,3497 2792,3497 2836,3497 2881,3498 2925,3498 2970,3498 3014,3498 3059,3498 3103,3498 3148,3499"/>
                <TextEquiv>
                    <Unicode>in jeder Beziehung sehr gewachsen ist. Kleine,</Unicode>
                </TextEquiv>
            </TextLine>
            <TextLine id="r3l67" custom="readingOrder {index:66;}">
                <Coords points="2255,3549 3155,3538 3155,3509 3109,3501 2951,3526 2893,3501 2569,3499 2532,3526 2255,3501"/>
                <Baseline points="2262,3539 2306,3539 2350,3540 2394,3540 2439,3540 2483,3540 2527,3540 2572,3540 2616,3541 2660,3541 2705,3541 2749,3541 2793,3541 2837,3541 2882,3541 2926,3541 2970,3541 3015,3541 3059,3541 3103,3541 3148,3541"/>
                <TextEquiv>
                    <Unicode>feine Typen Egon Friedell und die</Unicode>
                </TextEquiv>
            </TextLine>
            <TextLine id="r3l68" custom="readingOrder {index:67;}">
                <Coords points="2254,3593 3153,3576 3068,3532 2254,3550"/>
                <Baseline points="2261,3581 2305,3581 2349,3581 2393,3581 2437,3581 2482,3581 2526,3581 2570,3581 2614,3581 2658,3581 2703,3582 2747,3582 2791,3582 2835,3582 2879,3582 2924,3583 2968,3583 3012,3583 3056,3584 3100,3584 3145,3585"/>
                <TextEquiv>
                    <Unicode>Seidner. Firner und Inger waren</Unicode>
                </TextEquiv>
            </TextLine>
            <TextLine id="r3l69" custom="readingOrder {index:68;}">
                <Coords points="2239,3637 2812,3617 2850,3641 2911,3614 3163,3638 3149,3583 2725,3602 2239,3576"/>
                <Baseline points="2247,3626 2292,3625 2337,3625 2383,3624 2428,3624 2474,3624 2519,3624 2564,3624 2610,3624 2655,3624 2701,3625 2746,3625 2791,3625 2837,3625 2882,3625 2928,3625 2973,3625 3018,3625 3064,3624 3109,3624 3155,3623"/>
                <TextEquiv>
                    <Unicode>verdienstlich. Lotte Lang hat man schon</Unicode>
                </TextEquiv>
            </TextLine>
            <TextLine id="r3l70" custom="readingOrder {index:69;}">
                <Coords points="2251,3676 3151,3672 3106,3628 2935,3638 2910,3614 2831,3649 2251,3631"/>
                <Baseline points="2258,3667 2302,3667 2346,3667 2390,3667 2435,3667 2479,3667 2523,3667 2568,3667 2612,3667 2656,3667 2701,3667 2745,3667 2789,3667 2833,3667 2878,3667 2922,3667 2966,3667 3011,3667 3055,3668 3099,3668 3144,3669"/>
                <TextEquiv>
                    <Unicode>lustiger gesehen denn hier als böhmische</Unicode>
                </TextEquiv>
            </TextLine>
            <TextLine id="r3l71" custom="readingOrder {index:70;}">
                <Coords points="2244,3722 3157,3720 3157,3679 2717,3659 2244,3689"/>
                <Baseline points="2252,3709 2296,3709 2341,3710 2386,3710 2431,3710 2476,3710 2521,3709 2565,3709 2610,3709 2655,3708 2700,3708 2745,3708 2790,3708 2835,3708 2879,3708 2924,3708 2969,3709 3014,3710 3059,3711 3104,3712 3149,3714"/>
                <TextEquiv>
                    <Unicode>Zeugin. Der Untersuchungsrichter Barnay¬</Unicode>
                </TextEquiv>
            </TextLine>
            <TextLine id="r3l72" custom="readingOrder {index:71;}">
                <Coords points="2248,3756 3156,3760 3156,3713 2248,3722"/>
                <Baseline points="2256,3751 2300,3751 2345,3750 2389,3750 2434,3750 2479,3750 2523,3749 2568,3749 2612,3749 2657,3749 2702,3749 2746,3749 2791,3749 2835,3749 2880,3750 2925,3750 2969,3750 3014,3751 3058,3751 3103,3752 3148,3753"/>
                <TextEquiv>
                    <Unicode>war der jüngsten Theatergeneration nur als</Unicode>
                </TextEquiv>
            </TextLine>
            <TextLine id="r3l73" custom="readingOrder {index:72;}">
                <Coords points="2247,3808 3109,3806 3170,3784 3170,3755 2247,3756"/>
                <Baseline points="2254,3792 2299,3791 2344,3790 2390,3790 2435,3790 2481,3790 2526,3790 2571,3790 2617,3791 2662,3791 2708,3791 2753,3792 2798,3792 2844,3792 2889,3792 2935,3792 2980,3792 3025,3792 3071,3792 3116,3791 3162,3790"/>
                <TextEquiv>
                    <Unicode>Direktor bekannt. Es war jedenfalls inter¬</Unicode>
                </TextEquiv>
            </TextLine>
            <TextLine id="r3l74" custom="readingOrder {index:73;}">
                <Coords points="2247,3839 3149,3847 3149,3810 3025,3794 2247,3807"/>
                <Baseline points="2254,3831 2298,3832 2342,3832 2387,3833 2431,3834 2475,3834 2520,3834 2564,3834 2608,3834 2653,3834 2697,3834 2741,3834 2786,3834 2830,3834 2874,3834 2919,3834 2963,3834 3007,3834 3052,3835 3096,3836 3141,3836"/>
                <TextEquiv>
                    <Unicode>essant, ihn zu sehen. Ludwig Stößel als der</Unicode>
                </TextEquiv>
            </TextLine>
            <TextLine id="r3l75" custom="readingOrder {index:74;}">
                <Coords points="2237,3865 2293,3893 2608,3874 2654,3899 2883,3867 2933,3892 3151,3880 3151,3849 3110,3842 2762,3864 2642,3834 2237,3843"/>
                <Baseline points="2245,3874 2292,3875 2339,3875 2386,3875 2434,3876 2481,3876 2528,3876 2576,3877 2623,3877 2670,3878 2718,3878 2765,3878 2812,3878 2860,3878 2907,3878 2954,3878 3002,3877 3049,3877 3096,3876 3144,3874"/>
                <TextEquiv>
                    <Unicode>Beschuldigte ohne Schuld war wie immer</Unicode>
                </TextEquiv>
            </TextLine>
            <TextLine id="r3l76" custom="readingOrder {index:75;}">
                <Coords points="2241,3903 2353,3935 3156,3919 3156,3875 2370,3892 2241,3860"/>
                <Baseline points="2248,3916 2293,3917 2338,3918 2383,3919 2428,3919 2473,3920 2518,3920 2563,3920 2608,3920 2653,3920 2698,3920 2743,3920 2788,3920 2833,3919 2878,3919 2923,3919 2968,3919 3013,3918 3058,3918 3103,3918 3148,3918"/>
                <TextEquiv>
                    <Unicode>durchaus glaubhaft, aber der Exzuchthäusler</Unicode>
                </TextEquiv>
            </TextLine>
            <TextLine id="r3l77" custom="readingOrder {index:76;}">
                <Coords points="2251,3968 3156,3978 3156,3930 3120,3924 2251,3931"/>
                <Baseline points="2258,3959 2302,3960 2347,3960 2391,3961 2436,3961 2480,3961 2525,3961 2569,3962 2614,3962 2658,3962 2703,3962 2747,3962 2792,3962 2836,3963 2881,3963 2925,3964 2970,3964 3014,3965 3059,3966 3103,3967 3148,3969"/>
                <TextEquiv>
                    <Unicode>Gschmeidler, heute ein Abgeklärter, bleibt doch</Unicode>
                </TextEquiv>
            </TextLine>
            <TextLine id="r3l78" custom="readingOrder {index:77;}">
                <Coords points="2244,4038 2281,4018 2298,4029 2384,4014 2432,4030 2489,4012 2554,4020 2640,4007 2640,3986 2584,3965 2544,3973 2511,3962 2488,3975 2399,3964 2311,3977 2277,3975 2245,3954"/>
                <Baseline points="2252,4004 2277,4004 2302,4004 2328,4004 2353,4004 2378,4004 2404,4004 2429,4005 2454,4005 2480,4005 2505,4005 2530,4006 2556,4006 2581,4006 2606,4006 2632,4007"/>
                <TextEquiv>
                    <Unicode>eine Thaller=Rolle.</Unicode>
                </TextEquiv>
            </TextLine>
            <TextLine id="r3l79" custom="readingOrder {index:78;}">
                <Coords points="2957,4028 2999,4026 3022,4036 3050,4024 3082,4032 3096,4024 3132,4037 3132,3982 3103,3986 3084,3969 3049,3964 3021,3976 3004,3965 2957,3980"/>
                <Baseline points="2965,4007 2991,4007 3018,4007 3044,4007 3071,4007 3097,4008 3124,4008"/>
                <TextEquiv>
                    <Unicode>R. B.</Unicode>
                </TextEquiv>
            </TextLine>
            <TextEquiv>
                <Unicode>„OBSERVER
I. österr. behördl. konzessioniertes
Unternehmen für Zeitungs-Ausschnitte
WIEN, I., WOLLZELLE 11
TELEPHON R-23-0-43
Ausschnitt ausg,
HSFENADE. N
vom:
34
Hofmannsthal, Schnitzler,
Wildgans.
Gedenkfeier im Raimundtheater.
Den drei großen österreichischen Dichtern,
die in knapper Folge den gleichen, den gnädig¬
schnellen Tod gefunden haben, galt eine Gedenk¬
feier, die das Raimundtheater am 1. d. vor
ausverkauftem Haus, vor einem Burgtheater¬
Premierenpublikum, zur Aufführung brachte.
Man begann mit Hofmannsthals
„Tor und der Tod“. Die formschönen
Verse, die gelegentlich faustische Bedeutung
haben, gelten dem Ende eines jungen Edel¬
mannes, der, wie so viele andre, nur gelebt und
nicht erlebt hat. Mutter, Geliebte und Freund
werden herbeigefiedelt vom Tod, der wie in
Schillers „Die Götter Griechenlands“ kein
Sensenmann und Gerippe, sondern aus des
Dionysos= und des Bacchus=Geschlecht ist.
Artur Schnitzlers, Die letzten
Masken“ hat man schon lange nicht auf der
Bühne gesehen. Seine Porträtkunst (die auch,
wie es manche Maler können, hinter das Ge¬
sicht des Abzubildenden blickt), die da der
Dichter wie so oft zeigt, bleibt immer gleich
staunenswert. Hier läßt sich ein Journalist, der
im Krankenhaus in den letzten Zügen liegt,
den gehaßten Jugendfreund und Konkurrenten
holen, um ihm endlich zu sagen, daß der Götter¬
liebling jahrelang von seiner Frau, und dies
gerade mit ihm, dem Niemand an Ansehen, be¬
trogen worden ist. Aber als dann der Dichter¬
ling kommt, erscheint es dem Sterbenden so un¬
indlich gleichgültig, Auseinandersetzungen zu
pflegen mit einem, der morgen noch leben
wird.
„In Ewigkeit Amen“ von Anton
Wildgans wird nicht nur in den letzten
Jahren, sogar in den jüngsten Monaten immer
häufiger aufgeführt. Eine besonders glanzvolle
Darstellung sah man im Vorsommer im
Reinhardt=Seminar. Es ist aber auch dieses
„Gerichtsstück in einem Akt“ von außerordent¬
licher dramatischer Schlagkraft. Der Richter,
der sein Amt nicht um der Gerechtigkeit,
sondern um des Richtens willen ausübt, der
den Beschuldigten einer Tat überführt, die
dieser nicht begangen hat, die Zeugen, Schrift¬
führer, alles aus einem packenden, über¬
zeugenden Guß.
Man wurde Zeuge einiger schöner
Leistungen. War Frank als todbedrohter
Edelmann fast so leise, als wäre schon alles
vorüber, lag ihm der Dichterling bei Schnitzler
besonders gut. Lebenswahr wie immer der
„kleine“ Danegger von gestern, der heute
in jeder Beziehung sehr gewachsen ist. Kleine,
feine Typen Egon Friedell und die
Seidner. Firner und Inger waren
verdienstlich. Lotte Lang hat man schon
lustiger gesehen denn hier als böhmische
Zeugin. Der Untersuchungsrichter Barnay¬
war der jüngsten Theatergeneration nur als
Direktor bekannt. Es war jedenfalls inter¬
essant, ihn zu sehen. Ludwig Stößel als der
Beschuldigte ohne Schuld war wie immer
durchaus glaubhaft, aber der Exzuchthäusler
Gschmeidler, heute ein Abgeklärter, bleibt doch
eine Thaller=Rolle.
R. B.</Unicode>
            </TextEquiv>
        </TextRegion>
    </Page>
</PcGts>
