3484 4128
1170 167 1279 236 Ma
890 178 983 236 t2
254 171 1505 269 16.3 i
475 1089 1309 1188 „OBSERVER'
571 1188 1257 1244 I. österr. behördl. konzessioniertes
534 1231 1284 1293 Unternehmen für Zeitungs-Ausschnitte
595 1284 1224 1355 WIEN, I., WOLLZEILE 11
667 1347 1149 1405 TELEPHON R-23-0-43
485 1469 868 1548 Ausschnitt aug.
779 1510 1316 1642 nleine Poltehlat, Wien
1079 1656 1220 1758 333
492 1698 625 1774 vom:
788 1680 1119 1767 2. MOV. 1.
606 1767 1284 1883 Schone Känste.
508 1878 1380 1951 Gedenkfeier im Raimund-Theater.
531 1940 1372 2001 Auf dem gemeinsamen Grund feierlicher Er¬
500 2000 1388 2038 innerung an die Toten wird sehr gut das
509 2023 1380 2069 Wesen der drei Dichter Hofmannsthal,
536 2070 571 2114 9
648 2064 1384 2123 kler und Wildgans entfaltet. Von
501 2081 1380 2165 H##manngal bekommt man das Dramolett
496 2145 1371 2192 „Der Tor und der Tod“ zu sehen, von Schnitz¬
496 2182 1378 2247 ler „Die letzten Masken“ und von Wildgans
494 2222 1373 2277 „In Ewigkeit Amen“. Verschwebende Vers¬
492 2252 1374 2320 musik, blinkende Lebensbitterkeit und das
507 2293 1385 2349 naturalistische Lebensbild des Sträflings, der
503 2333 1374 2385 sich in der Welt nicht mehr zurechtfinden kann.
500 2378 1368 2424 Alle drei Werke sind längst im Wiener Spiel¬
495 2400 1373 2458 plan heimisch. Trotzdem gelingt es dem
493 2432 1375 2490 Raimund=Theater, nomentlich bei Schnitzler
500 2486 1372 2531 und Wildgans, den alten Themen einen per¬
504 2531 1034 2579 sönlich=neuen Ton zu geben.
524 2549 1370 2611 Hofmannsthals Versdrama leidet unter
490 2597 1374 2663 einem allzu gedämpften Piano der Stimmen.
506 2630 1380 2691 Sehr echt wirkt hier Blanka Pechy; Manfred
501 2677 1383 2728 Inger und Hans Frank gewinnen erst in
497 2708 1374 2754 den beiden übrigen Stücken festen Boden. Bei
493 2759 1368 2803 Schnitzler hatte man die Ueberraschung, Egon
497 2803 1371 2843 Friedell wieder auf der Bühne zu sehen,
501 2828 1372 2875 bei Wildgans Paul Barnay; als Schau¬
487 2865 1374 2919 spieler wie als Direktor knapp und intelligent.
491 2911 1377 2957 Wurde Schnitzler, von dem Regisseur Dr. Hock
497 2950 1363 2996 auch besser als Hofmannsthal kontrastiert,
488 2983 1372 3035 bereits viel lebendiger als Hofmannsthal
541 3023 1378 3065 auch Irene Seidner und Theodor Dan¬
482 3065 1268 3113 egger müssen hier genannt werden —
494 3089 1378 3151 stellte sich die richtige Raimund=Theater¬
497 3135 1371 3182 Stimmung erst im dritten Teil ein, als auch
492 3175 1370 3227 Karl Kalwoda, die reizvolle Lotte Lang
483 3214 1380 3263 und der geniale Ludwig Stössel sich zeigten
484 3267 1371 3299 und das Raimund=Theater den Sieg des
494 3292 1382 3331 Abends auf seinem eigentlichsten Feld gewann.
487 3332 1363 3376 Es zeigte sich starke Stimmung und starker
488 3372 1371 3437 Beifall, der auch der Regie Josef Glückmanns
1171 3406 1341 3473 Schr.
486 3408 629 3466 galt.
1652 173 2115 268 box 22/2
1680 1336 2532 1427 „OBSERVER
1775 1413 2482 1473 I. österr. behördl. konzessioniertes
1736 1455 2496 1534 Unternehmen für Zeitungs-Ausschnitte
1810 1510 2430 1587 WIEN, I., WOLLZEILE 11
1888 1582 2363 1633 TELEPHON R-23-0-43
1704 1704 2070 1777 Ausschnitt aus:
1901 1832 2301 1990 HLES NOV.
1680 1919 1865 1987 vom:
1914 2026 2459 2118 Raimund=Thealer
1954 2100 2411 2171 Einakter=Abend
1651 2156 2771 2220 Man hat, dem ernsten Anlaß des Allerheiligentages zur
1603 2215 2772 2275 Feier, drei ernste Einakter gegeben. Zuerst das kleine und
1605 2254 2770 2321 schon etwas müde Vorspiel von Hofmannsthal: „Der Tor
1613 2295 2766 2356 und der Tod.“ Damit ist auf dem Theater nicht viel an¬
1607 2339 2754 2398 zufangen; nun, es soll ja nicht Repertoirestück werden.
1619 2386 2755 2424 Böser ist, daß trotz dem hinausgeschobenen Beginn immer
1611 2425 2755 2475 wieder Nachzügler in das Theater einbrachen, daß Husten
1613 2465 2766 2519 und Unruhe lange Zeit ein gut Teil der Verse, die dank
1610 2510 2763 2565 einem mißverständlich durchgehaltenen Leisesprechen schon
1615 2555 2760 2627 ziemlich schlecht verstanden wurden, einfach verloren gehen
1615 2595 1716 2651 ließ.
1634 2617 2764 2686 Dann Schnitzler: „Die letzten Masken.“ Eine Stunde
1609 2678 2764 2749 vom Sterben, Versuch einer Abrechnung, die für alle Be¬
1610 2726 2762 2767 teiligten mit einem Defizit endet. Man hielt sich an die
1611 2811 2763 2880 im Angesicht des Todes nicht lassen kann: dieses Vergnügen
1604 2852 2209 2912 dankt man Herrn Dannegger.
1641 2883 2762 2949 Zum Schluß: „In Ewigkeit Amen.“ Zwei eindringliche
1606 2938 2762 2991 Typen: Lotte Lang und Ludwig Stössel; nur bei ihnen
2475 2977 2507 3009 7
1612 2979 2750 3025 war Echtheit des Tons, der Haltung. Im ubrigen hatte
1608 3017 2753 3068 das Wildgans=Stück, das ja auch immer noch den kräftigsten
1610 3065 2751 3122 Atem hat, sich der durchgearbeitetsten Wiedergabe zu er¬
2628 3106 2727 3166 M.
1595 3107 1767 3185 freuen.
