3484 4224
1199 217 1295 289 Ma
1693 213 2142 306 box 22/2
288 219 1540 317 16.3. Die letzten
1054 568 1888 665 „OBSERVER
1157 655 1844 720 I. österr. behördl. konzessioniertes
1109 704 1894 768 Unternehmen für Zeitungs-Ausschnitte
1191 753 1806 828 WIEN, I., WOLLZEILE 11
1266 816 1723 870 TELEPHON R-23-0-43
1055 939 1439 1022 Ausschnitt aus:
1059 1019 1797 1114 Neues Wiener Journal,
1053 1145 1224 1235 vom:
1384 1163 1755 1261 3.11.1934
975 1289 2204 1451 Gedenkfeier im Raimund=Theater.
1524 1442 1640 1500 Von
1369 1492 1797 1579 Rudolph Lothar.
1081 1551 2180 1627 Am Abend vor dem Tage Allerseelen ließ das Raimund¬
962 1613 2184 1671 Theater die Dichter aller Wiener Seelen zu Worte kommen:
963 1662 2195 1731 Hofmannsthal. Schnitzler und Wildgans. Aus den Werken
981 1709 2187 1782 dieser dreih###de Seee Wiens klingen und flüstern und
980 1760 2187 1819 fragen und sich bekennen. Und weil es die Seele Wiens ist, die
977 1803 2186 1860 aus Vers und Prosa der drei Poeten spricht, wohnt der Zweifel
981 1854 2198 1904 neben der Freude, blickt hinter der Maske des das Leben
980 1896 2183 1962 bejahenden Optimisten, der mit sich selbst zerfallende, mit sich
976 1942 2191 2002 selbst unzufriedene Nörgler, hervor. Ein Wiener Poet muß ein
966 1995 2192 2048 pessimistischer Optimist sein. Das war Schnitzler in hohem Grade
977 2032 2189 2098 und das war auch Hofmannsthal, dessen dramatische Parabel
973 2083 2190 2150 „Der Tor und der Tod“ so recht geeignet für den ersten
970 2132 2193 2185 November, den Tag der Toten, ist. Es war im alten Wien
973 2178 2188 2240 Sitte, an diesem Tage im Theater sich an den Tod erinnern zu
973 2234 2198 2283 lassen. Man gab das schaurig=gruselige Raupach=Stück „Der
971 2281 2195 2335 Müller und sein Kind“, das heuer merkwürdigerweise aus
972 2319 2192 2368 seinem schon fast vergessenen Grabe an manchem Theater wieder
979 2373 2189 2420 aufersteht; man gab Grillparzers „Ahnfrau“. Aber die schönste
963 2416 2185 2479 Totenfeier auf der Bühne gibt uns Hofmannsthal. Bei ihm ist
971 2476 2196 2556 der Ted kein Gerippe, sondern ein diontzfischer Jängling, gütig
989 2543 2194 2593 und weise, der den Lebensvergeuder darüber aufklärt, wie das
991 2580 2192 2642 Leben genossen werden muß: Der Tod als Lehrmeister des
989 2620 2203 2703 Lebens. Der Tod als Künder der tiefsten Lebensweisheit. Und
984 2678 2205 2728 diese Weisheit begleitet das Singen seiner Geige. Es ist keine
989 2726 2204 2779 schrille Tanzmelodie, wie der Tod auf deutschen Totentänzen sie
986 2772 2206 2828 geigt, es ist eine süße, in ihrer Traurigkeit bezwingende Melodie,
981 2815 2208 2879 die Hofmannsthals Totentanz=Poem umrahmt. Dem Zauber
986 2864 2201 2928 Hofmannsthalscher Gedankenlyrik wurde Walter Firner als
995 2914 2203 2968 Tod in hohem Maß gerecht. Sein Organ hat die Fülle und
994 2961 2206 3019 Weichheit, die in Hofmannsthalschen Versen liegt. Seinem
995 3008 2205 3072 Gegenspieler, dem jungen Edelmann Claudio, fehlte einiger¬
987 3069 2204 3127 maßen der Schwung, mit dem die Rolle gespielt werden muß.
989 3107 2207 3156 Denn Claudio ist ein Lebensverschwender aus Temperament.
991 3143 2213 3207 Der Schwung hätte sich vielleicht eingestellt, wenn das Stückchen
1000 3197 2211 3261 mit mehr Tempo gespielt worden wäre. Es wurde aber allzusehr
993 3252 2213 3315 gedehnt und zerdehnt, allzu deutlich ins Bühnenlicht gestellt,
990 3285 2212 3351 ohne die gespenstische Stimmung, die nun einmal zu dieser
998 3344 1637 3407 dramatischen Todeselegie gehört.
1103 3368 2215 3444 Schnitzler ist sein Leben lang vom Gedanken an den Tod
999 3436 2210 3511 nicht losgekommen. Das Weib, der Tod und das Theater haben
1000 3482 2219 3551 ihn unaufhörlich beschäftigt. Und sein ganzes Werk sind
996 3554 2216 3602 Variationen über diese drei Themen, die sich verschlingen, sich
1000 3587 2220 3643 kreuzen und dem philosophischen Betrachter immer nue Aus¬
1005 3635 2223 3706 blicke in ihre Beziehungen gewähren. Wenn ich ein Bildhauer
1007 3694 2230 3741 wäre und Schnitzler ein Denkmal setzen müßte, so würde ich den
998 3734 2224 3790 Tod über die Schulter einer schönen Frau blicken lassen. Und der
994 3789 2227 3857 Tod ist es auch, der dem Leben die letzten Masken vom Gesicht reißt
1008 3840 2222 3894 oder mindestens, wie im Schauspiel „Die letzten Masken“.
1002 3876 2230 3932 vom Gesicht reißen möchte. Denn der sterbende Rademacher hat
1010 3936 2219 3989 nur die Absicht, vor seinem Tod seinem Freund und Neben¬
1002 3972 2221 4038 buhler Weihgast die Maske vom Gesicht zu reißen und ihm
1012 4032 2231 4083 endlich, endlich brutal die Wahrheit zu sagen. Er tut es nicht
1011 4056 2226 4130 und das ist gut so. Denn wenn er es täte, wäre es eine schlechte
1002 4120 2235 4171 Tat, die uns erbittern müßte. Der Tod, der sich dem Sterbebelt
