3484 4192
1168 157 1299 229 Ma
1629 157 2141 255 box 22/2
261 163 1518 259 16.3. Die letztenken
1893 932 3313 998 a den. Lie m.“, densgefahl die in den Straßen gelegten Bomben.
583 997 3318 1049 Das Konsistorum ist nach dem „Bayer. Kur.“] bereitet haben; ich bin gern Ihrer Einladung ge= Mehrere von ihnen seien getötet worden; andere,
1464 1021 3308 1090 folgt. Es ist mir nicht unbekannt, daß die Be= die schwerverwundet in die Krankenhäuser gebracht
546 1044 1475 1096 endgiltig auf den 15. Juni festgesetzt. Zu Kardi¬
1457 1077 3308 1141 wohner des Bitscherlandes nicht reich an irdischen worden waren, wollten in die Straßen zurück¬
541 1083 1473 1148 nälen werden ernannt: 1. Msgr. Andreas Ajuti,
552 1092 3349 1205 Nuntius in Lissabon, geboren i. J. 1849 in Rom.] Gütern sind. Aber dieser Umstand regt sie an kehren, um das Platzen der Bomben und die durch
2200 1182 2317 1261 K
2392 1245 3322 1308 maßen verwischt. Die schon durch verschiedene
1462 1263 2401 1322 den im Laufe der Jahre angesammelten Haß ins!
546 1272 1469 1330 Ecuador geschehen, obwohl jeder einzelne Fisch
2395 1300 3314 1367 Hände gegangene geschiedene Fabrikantenfrau und
1469 1308 2399 1377 Gesicht zu schleudern und sein eheliches Glück zu
547 1323 1470 1391 sorgfältig in Leinwand eingenäht war und wir die
2402 1331 3328 1400 nachmalige Dichterin, die mit der Goetheschen
1478 1344 2404 1410 vernichten durch die Mitteilung, daß Frau Weihgast
548 1368 1478 1435 stacheligen Flossen wennmöglich noch mit Watte
2397 1370 3316 1435 Idealfigur Margarethe nichts als den Namen ge¬
2270 1383 2396 1442 Der
1484 1391 2292 1451 die Geliebte, des Totkranken gewesen ist.
2397 1419 3326 1471 mein hat, verstand es, einen naiven Aristokraten,
540 1404 903 1478 umwickelt hatten.“
1490 1415 2395 1482 Schauspieler kann den Komödianten auch im Ange¬
2393 1462 3326 1510 I von dem man nur den Vornamen Clemens erfährt,
595 1439 1476 1512 Von Buenos=Aires aus wurde die Heimfahrt
1487 1466 2395 1526 sichte des Todes seines Leidensgenossen nicht ver¬
2405 1496 3334 1561 so sehr für sich einzunehmen, daß er sie heiraten
548 1509 1467 1562 der Reise, welche von sechsmonatlicher Dauer war,
1488 1495 2400 1568 leugnen und beredet diesen, sich zur besseren Wirk¬
2403 1545 3325 1606 will. Margarethe schreibt zum Entsetzen ihres
1488 1550 2407 1606 ung einer Probe zu unterziehen. Daher auch der
542 1550 1486 1631 angetreten mit Anlaufen von Montevideo, Rio de
2396 1581 3322 1643 adeligen Verehrers einen Roman, der angeblich
2282 1592 2403 1646 Der
1483 1597 2273 1656 Name des Stückes „Die letzten Masken“
552 1594 1482 1673 Janeiro, Bahia usw. Prinzessin Therese von
2411 1626 3340 1692 ihrer Phantasie entsprang, in Wirklichkeit aber nur
1486 1622 2411 1697 Schauspieler, der nur noch acht Tage zu leben hat,
554 1647 1483 1710 Bayern hat während ihrer Reise 149 Arten von
2408 1668 3333 1723 Selbsterlebtes enthält. Ihr früherer Geliebter
1492 1682 2414 1738 spielt die Rolle des Schriftstellers. Als Weihgast
555 1688 1481 1757 Reptilien, Amphibien und Fischen gesammelt, von
2408 1695 3327 1758 Gilbert ist ihr jedoch zuvorgekommen und legt das
1488 1725 2410 1771 selbst kommt, ist Rademacher so ermattet, daß er
544 1733 1360 1816 welchen 11 für die Wissenschaften neu sind.
2398 1745 3324 1803 bereits erschienene Exemplar seines Romans auf
1490 1762 2402 1822 seinen Vorsatz nicht mehr ausführen kann. Weih¬
2394 1781 3330 1845 den Tisch des Hauses der noch wilden aristokrati¬
1493 1796 2401 1858 gast jammert dem Totkranken von seinen „Sorgen“
2409 1821 3341 1890 schen Ehe nieder. Die scharf paprizierte Aussprache
1494 1838 2399 1894 vor, er schildert seine Ehe als das einzige Glück,
2402 1869 3328 1927 Margarethes mit Gilbert bringt die Lacher auf die
1491 1876 2413 1943 das er in Wirklichkeit habe und halb Mitleid, halb
2405 1907 3338 1977 Seite des Autors. Als Clemens von dem Verleger
563 1814 1493 1987 Cheater, Kunst. Wissenschaft
1493 1924 2405 1975 Ekel über die Jämmerlichkeit des vom Erfolge so
2410 1939 3325 2020 zurückkehrt und Gilbert bei seinem „Weibchen“
1497 1974 2419 2021 sehr Begünstigten verschließen Rademacher vollends
605 1972 1489 2039 etz= Neues Theater in Mannheim. Am Samstag
2411 1982 3343 2052 trifft, entspinnt sich eine köstliche Verlegenheits¬
1480 2006 2416 2068 den Mund. Der Schauspieler kommt doppelt um den
557 2018 1487 2085 Abend wurden 4 Einakter aufgeführt. Das Schau¬
2403 2033 3336 2092 szene, die ihren Höhepunkt erreicht, als Clemens
1486 2044 2412 2102 Erfolg seiner Probe, einesteils darf er nicht Publikum
558 2065 1491 2121 spiel „Die letzten Masken“ von Arthur
2419 2072 3334 2129 erklärt, die beiden Romane lesen zu wollen, denn
1498 2084 2417 2150 sein und andernteils erfährt er auch später nichts
569 2102 1488 2148 Schnitzler gewährt einen Blick in den natura¬
2406 2122 3338 2174 Margarethe sowohl wie Gilbert haben ihre Liebes¬
1491 2131 2420 2188 über den Inhalt der Unterredung, da Rademacher
570 2145 1495 2196 listischen Guckkasten der Modernen. Die Frage, ob
2400 2154 3336 2217 briefe in ihren Romanen veröffentlicht, die dadurch
1492 2165 2410 2230 bald darauf in Fieberdelirien verfällt und dann
560 2187 1493 2239 man Szenen aus dem Gräßlichsten, was das Leben
2403 2195 3339 2253 zu Schlüsselromanen geworden sind, die Jedermann
1493 2199 2419 2271 seine nicht sehr reine Seele aushaucht. Wenn der
563 2226 1492 2283 bietet, auf die Bühne bringen soll, ist schon so oft er¬
2408 2240 3344 2296 verständlich sind. Die drohende Gefahr wird jedoch
1498 2252 2413 2319 Geschmack des heutigen Publikums nicht schon ver¬
559 2268 1491 2334 örtert worden, daß kaum etwas Neues zu sagen ist.
2404 2274 3347 2348 dadurch beseitigt, daß Margarethe einen der Zwil¬
1505 2289 2417 2350 dorben wäre, dann hätte Schnitzler sein ehrlich
573 2293 1496 2375 Wer sie verneint, bricht den Stab über den gesamten
2409 2311 3349 2389 linge der gemeinschaftlichen Muse dem Feuertode
1502 2333 2414 2394 Schärflein beigetragen; denn noch ekelhafter und
569 2354 1495 2403 modernen Realismus, der wenigstens das eine Gute
2414 2364 3333 2416 weiht und damit dem von der Liebe stockblind ge¬
1495 2362 2417 2436 widerlicher als die Verpflanzung der Krankenhaus¬
570 2388 1507 2445 hat, daß er mit den Marionetten der Bühne auf¬
2424 2400 3342 2470 machten Aristokraten scheinbar durch die Tat beweist,
1497 2415 2416 2469 szene wirkt die Verdorbenheit und Niedrigkeit der
566 2425 1488 2485 räumte und Charaktere aus dem neuzeitlichen Leben
2412 2462 3348 2501 daß sie der Schriftstellerei endgiltig entsagt. In
1490 2454 2423 2525 Charaktere der Hauptpersonen des Stückes. Herr
572 2474 1497 2532 auf die Bühne verpflanzte, die sonst das Schicksal
2415 2485 3340 2546 den Armen liegen sich beide und jubeln vor Lust und
1501 2499 2412 2560 Eckelmann spielte den Journalisten Rademacher
578 2500 1507 2569 der Versteinerung gehalt hätte oder ein Opfer der
2427 2511 3336 2580 Freude. Die verschiedenartigen Motive dieser
1497 2534 2426 2597 mit grauenerregender Natürlichkeit. Herr Kal¬
576 2553 1502 2613 süßlichen Richtung der Birch=Pfeiffer und Genossen
2418 2558 3351 2618 Freude sind zwerchfellerschütternd. Frl. Lißl gab
1501 2582 2430 2634 lenberger verlieh dem mit Entsetzen Scherz
577 2581 1510 2657 geworden wäre. Der Schnitzler'sche Einakter bringt
2425 2614 3350 2663 die wechselnden Empfindungen der vielseitigen
1501 2617 2420 2683 treibenden Komiker lebenswahre Züge. Den durch
2675 2648 2731 2686 3747
578 2638 1501 2690 Krankenhausluft ins Theater. Der sterbenskranke
2426 2646 3355 2712 Margarethe köstlich wieder. Ausgezeichnet war auch
1497 2666 2423 2721 seine Eitelkeit und Selbstsucht doppelt gefühlsrohen
563 2673 1502 2736 Journalist Rademacher bittet den Sekundärarzt Dr.
2428 2702 3347 2746 der echte Bohemien Gilbert des Herrn Kökert.
1507 2704 2429 2763 Schriftsteller Weihgast stattete Herr Jacobi mit
590 2703 1499 2776 Halmschläger in später Nachtstunde, den Schrift¬
2426 2725 3355 2801 Herr Godeck verlieh dem Aristokraten Clemens
1497 2744 2420 2799 einer Maske aus, die eher auf einen reichgewor¬
577 2755 1503 2815 steller Weihgast an sein Sterbebett zu rufen.
2426 2774 3341 2829 eine Noblesse, die auf wenige Ahnen schließen ließ.
1510 2784 2422 2845 denen Gewerbetreibenden als auf den erfolgreichen
582 2807 1504 2854 Zögernd willigt der Arzt ein, obwohl ihn sein Kol¬
2449 2807 3350 2866 — Es war sehr interessant, zwei Schnitzler'sche Ein¬
1502 2820 2428 2887 Schriftsteller schließen ließ und die Auffassung der
585 2841 1511 2899 lege wegen seiner „Sentimentalität“ verspottet.
2412 2846 3345 2915 akter entgegengesetzter Art zu sehen. Wenn man
1503 2865 2425 2925 Rolle entsprach der Maske. Frau de Lank lieferte
582 2876 1501 2935 Ein Schauspieler vom komischen Fache, der sich auf
2425 2897 3341 2953 auch mit der Verpflanzung des Krankenhauses auf
1501 2912 2426 2963 als Wärterin Paschanda ein Kabinetstück. Die
577 2930 1503 2978 dem Wege der Besserung glaubt, obwohl der er¬
2424 2931 3353 2997 die Bühne nicht einverstanden sein kann, so muß
1503 2943 2432 3018 Rollen der beiden Sekundärärzte lagen bei den
582 2954 1511 3024 fahrene Arzt einen Todeskandidaten in ihm sieht,
2421 2983 3346 3035 doch die Meisterschaft Schnitzler's in der Zeichnung
1494 2987 2430 3046 Herren Möller und Weger in guten Händen.
573 2990 1502 3056 war im Krankenhauseso befreundet mit dem ver¬
2427 3021 3343 3076 der Charaktere bedingungslos anerkannt werden.
1511 3020 2437 3088 Der gräßliche Eindruck des ersten Einakters wurde
578 3048 1511 3110 bitterten Journalisten geworden, daß dieser ihm an¬
2433 3074 3348 3122 Auch in dem Lustspiele ist die meisterhafte Port¬
1507 3062 2433 3135 durch das Lustspiel „Literatur“ des bühnen¬
586 3084 1512 3143 vertraut, daß er den vom Glück begünstigten
585 3141 3358 3182 Schriftsteller nur deshalb zu sich rufen ließ, um ihm gewandten Arthur Schnitzler wieder einiger= rätierungskunst Schnitzlers hervorzuheben. Er hat
