3296 4320
1819 69 2222 150 —.—
1375 147 1839 245 box 36/6
137 148 1218 264 Panphlets offorints
2141 926 2265 1020 171
1127 947 1913 1028 Early Works of Arthur Schnitzler
785 1048 2267 1108 Oriental fairy-tale atmosphere, but Assad’s dream likewise
792 1111 2276 1175 occupies the same prominent position as Rustan's dream in
784 1172 2281 1253 Der Traum, ein Leben and it similarly exerts a definite influence
111 1181 459 1256 e. Irsil is to
799 1232 1427 1301 on his actions afterward.?“
108 1239 466 1320 room. King
868 1282 2281 1350 The subject of dreams has interested this Viennese physician
105 1305 459 1383 zar the music
791 1350 2260 1403 throughout his career and in many of his works they occupy a
103 1366 465 1446 and dreams.
797 1419 2277 1482 prominent position.28 He later acquired such skill in the
123 1432 466 1504 second scene.
788 1464 2277 1534 invention and elaboration of dreams which are not merely
256 1487 460 1565 realizes
793 1524 2283 1600 grafted upon the action from without, but which arise so
788 1580 2280 1647 naturally from a given situation and in which conscious and
798 1662 2285 1721 subconscious elements are so subtly interwoven that those of
795 1703 2269 1775 most other writers seem artificial and meaningless by compari¬
796 1761 2278 1821 son. Reik? has devoted a long chapter to a detailed analysis,
789 1827 2297 1890 in the approved Freudian fashion, of some of the more prominent
803 1880 2284 1941 dreams and he finds them to be as complex and significant as
797 1954 2288 2014 actual dreams of living persons. In view of this fact it is
798 2003 2299 2065 interesting to note how clearly Schnitzler has already grasped
799 2076 2294 2135 the mechanism of dreams in Alkandis Lied.“ King Assad’s
40 2070 222 2174 rogen!“
799 2117 2291 2195 dream begins by taking up a situation he had witnessed in his
46 2166 462 2253 round and vows,
804 2178 2296 2250 waking state, but soon his subconscious emotions rise to the
52 2236 462 2316 oughout his land
811 2237 2198 2321 surface: his latent jealousy becomes manifest in his dream.
60 2296 467 2377 him by making
892 2315 2305 2375 27 It is possible that Schnitzler had the fate of Grillparzer in mind when he wrote
814 2379 1903 2428 the lines in which Assad apostrophizes the statue of Alkandi:
44 2358 469 2438 ncognito he sets
1101 2418 1906 2478 Wie spät erfuhr man deines Genius Kraft—.
41 2419 466 2494 rders have been
1120 2473 1928 2530 Wann beugte man sich deiner Meisterschaft?
38 2476 474 2553 returns at night
1111 2517 1880 2559 Erst als dem Haar zu bleichen dir begann—
1112 2544 1881 2585 Vom Greise sagten sie: das ist ein Mann!
52 2541 464 2622 He wreaks ven¬
1117 2580 1932 2637 Begeist’rung hub nun an in Nord und Süden,
50 2593 471 2675 to the multitude
1110 2620 1741 2675 Ist dir in deine Klause nachgeeilt.
1139 2644 1863 2703 Ja, wißt ihr, wer in unsrer Mitte weilt?
44 2665 461 2737 s only a dream,
1120 2678 1936 2745 Verspätet fand der Ruhm den allzu Müden!
1119 2729 1896 2776 Der Menge Ruf, der tosend zu dir schallte,
48 2724 467 2799 arning contained
1116 2768 1832 2820 Vor einer Krankenstube Tür verhallte,
57 2784 465 2875 boon upon him,
1124 2814 1921 2855 Und wenn ein Weib zu deinen Füßen sank—
1117 2840 1828 2885 Ihr wurde nimmer deiner Liebe Dank!
1131 2871 2034 2929 Was nützt dem Sterbenden des Ruhmes Zoll.. ..
1124 2915 1817 2962 Nun, da du tot bist, sind sie alle toll!
44 2871 457 2981 s formulated by
1117 2938 1890 2994 Sie baun dir Monumente! Erz und Stein
58 2960 473 3039 eideale Untreue
1132 2989 1835 3056 Wetteifern, deine Größe auszuschrein!“
52 3022 460 3093 e Eifersucht be¬
903 3040 2316 3093 28 Characteristic examples are Beatrice’s dream in Der Schleier der Beatrice
828 3083 2305 3146 (Ges. W., Theaterstücke, II, 161f.); Bertha Garlan’s dream in Frau Bertha Garlan
56 3082 480 3171 sen Treulosigkeit
833 3153 2321 3194 (Ges. W., Erz. Sch., II, 55f.); Georg von Wergenthin'’s dream in Der Weg ins Freie
817 3196 2323 3252 (Ges. W., Erz. Sch., III, ztyff.); Albertine's dream in Traumnovelle (Berlin, 1926),
46 3169 486 3281 llparzer, and we
814 3240 1015 3309 pp. 83fl.
61 3262 474 3341 certain influence
898 3277 1288 3359 2 Op. cil., 217-265.
56 3328 472 3405 we here the same
2185 3870 2511 4028 Seee
2255 4011 2379 4077 SA
2372 66 2789 147 AME
