3436 4448
2040 245 2203 318 —
1422 324 1892 426 box 36/6
1044 327 1089 404 1
199 332 1268 431 Panphlets offni s
1402 1269 1917 1368 The Germanic Reviem
904 1282 1044 1365 194
893 1355 2393 1438 die man dann nach Mariahilf oder Fünfhaus begleitet,—und
897 1443 2394 1503 die nichts anderes will, als einen Ausflug am Sonntag oder
911 1479 2399 1549 einen Abend beim Volkssänger oder einen Sitz auf die dritte
912 1528 2402 1594 Galerie zu der neuen Operette oder ein Bracelet um einen
914 1597 1834 1678 Gulden und sehr, sehr, sehr viel Liebe.'
904 1673 2395 1753 Josefine is in a similar frame of mind. Aliaison with an elegant
903 1736 2397 1821 cavalier having just terminated, she yearns for the devoted
920 1794 2399 1874 affection of an impecunious artist or poet. Thus on a Sunday
914 1852 2408 1916 afternoon Alfred, decked out with a flowing tie, a velvet coat
921 1931 2400 1997 and soft hat, strikes up an acquaintance with Josefine, who
910 1973 2404 2057 has likewise dressed in the simplest manner. They keep up
914 2046 2404 2111 this comedy of disguise for many weeks, reveling in their
913 2086 2405 2165 happiness. Both eventually tire of the hardships entailed by
909 2147 2413 2219 their professed poverty. One day Alfred, dressed in the latest
915 2207 2403 2277 fashion, appears at their rendezvous in a flacre. Josefine has
918 2268 2414 2353 had the same inspiration. After a moment’s consternation
922 2340 2408 2412 they burst out laughing and then celebrate the event with a
926 2409 2125 2467 drive through the Prater and a champagne dinner.
990 2436 2406 2530 Despite the triviality of the plot, these letters are most
917 2529 2420 2584 readable. This is due primarily to the author’s eminent skill
920 2568 2410 2641 in reproducing the moods and thoughts of his characters with
929 2644 2400 2699 such convincing verisimilitude. The epistolary device is ex¬
928 2678 2407 2758 cellently suited to this purpose: the writers express themselves
920 2744 2417 2826 informally and without restraint. By this method the author
920 2807 2419 2889 achieves somewhat the same result as with the inner monolog,
927 2865 2417 2932 although the latter, presenting to us the entire content of
930 2916 2420 3007 consciousness with all the seemingly irrelevant associations of
917 3000 1771 3068 ideas, naturally goes much further.
1005 3039 2425 3127 Speaking of Schnitzler's youthful works, Specht says:" Bis
926 3106 2412 3190 dahin, solange er den Arzt verleugnete und gleichsam vor ihm
926 3169 2416 3257 versteckt schriftstellerte, war er Epigone, hat heineisiert,
934 3230 2415 3326 gegrillparzert, gehebbelt, französelt.““ In view of the poem
935 3292 2409 3357 Wandernde Musikanten'’ quoted above, we may add “gele¬
930 3363 2416 3429 naut. The Heine influence is patent in many of our author’s
927 3411 2425 3483 poems. Grillparzer, as indicated above, probably stood sponsor
935 3468 2422 3551 to Alkandis Lied.“ Das Märchen with its theme“ Darüber
933 3559 2428 3603 kann kein Mann weg'’ seems to hark back to Hebbel’s Maria
1018 3608 1302 3691 * Op. cit., 19.
2278 4137 2320 4198 84
2374 4135 2431 4216 500
1597 4076 1745 4244 930
1790 4217 1842 4261 722
