3296 4320
126 226 196 319 1
1915 171 2443 244 ——
1470 241 1921 335 box 36/6
212 238 1309 348 PanbetsOfforints
822 1172 953 1248 158
1285 1165 1815 1258 The Germanic Reviem
813 1283 2297 1359 publication, but in the Munchner freier Landesbote. Strangely
812 1348 2296 1402 enough, the fate of so many of Schnitzler’s later works is here
811 1416 2297 1488 foreshadowed. A prophet is not without honor, save in his
821 1467 2300 1543 own country.“ With but a few exceptions his books have
808 1516 2303 1593 been published in Berlin (by S. Fischer), and a considerable
820 1586 2310 1655 number of his plays also had their premières in the north
815 1637 1155 1716 German city.
897 1703 2305 1779 The actual contents of this article, comprising only about
811 1764 2301 1829 eight hundred words, can be given briefly. The narrator,
817 1823 2293 1872 calling on his philosopher-friend Balduin in the latter’s attic¬
819 1882 2301 1949 room, is surprised to find him absorbed in the political editorial
816 1949 2311 2014 of a newspaper. Balduin, however, is not interested in the
817 1999 2310 2071 political contents of the article. The word patriotism had
806 2068 2305 2142 attracted his attention and caused him to reflect about the
817 2121 2293 2183 meaning of this word. He comes to the conclusion that patri¬
811 2181 2302 2245 otism is a prejudice and synonymous with egotism. The
817 2246 2291 2308 narrator takes issue with him and contends that it is merely
806 2297 2310 2355 modesty and resignation. When an idealist, he argues, filled
811 2355 2300 2430 with noble ideas of cosmopolitanism and love of humanity,
814 2426 2304 2493 and desirous of making all peoples equally great and happy,
816 2476 2311 2548 discovers the great difficulties in the way of realizing his ideals,
809 2538 2305 2592 he contents himself with doing his bit for the welfare and
805 2593 2304 2663 happiness of the country in which he was born. Balduin
810 2655 2289 2736 counters with the remark that then the idealists have become
808 2722 2320 2776 egotists from modesty and that thus they have merely returned
816 2772 1367 2847 to their starting-point.
886 2833 2293 2910 There is nothing particularly characteristic of the later
803 2889 2302 2953 Schnitzler here in form, or even in style and diction. What
808 2954 2305 3015 interests us here, however, is the method of approach in dealing
809 3018 2298 3075 with traditional ideas. He is not satisfied with the usual
803 3089 2298 3151 procedure which Balduin characterizes as follows:  Es ist uns
815 3140 2297 3199 zur Gewohnheit geworden, gewisse Ausdrücke einfach zur
815 3196 2299 3262 Kenntnis zu nehmen, sie mit dem Begriffe von irgend etwas
809 3255 2288 3325 Edlem oder Unedlem zu verbinden; damit glauben wir, sie
806 3311 2294 3366 abgetan zu haben, und sind mit unserer geistigen Arbeit zu¬
814 3370 2300 3451 frieden.''? He takes a hallowed concept, in this case patriotism,
897 3450 2299 3519 7 For similar statements see Traumnovelle (Berlin, 1926, p. 113): Wie man
811 3500 2299 3579 doch immer wieder, durch Worte verführt, Straßen, Schicksale, Menschen in träger
2738 172 2828 242 #R 8
3095 164 3229 253 ——
3069 1149 3294 1251 Early W
2730 1248 3303 1347 dissects and analyses i
2723 1332 3303 1409 again clearly expressed
2738 1386 3304 1466 was wir unsere schönst
2727 1451 3298 1532 wir ihnen mit der Schär
2729 1507 3303 1592 suchen. Here this y0
2735 1562 3302 1646 the same critical attitu
2733 1621 3294 1704 later led to that phase
3128 1682 3303 1760 d“ deb
3065 1684 3110 1755 11
2733 1689 3039 1761 parlance is
3253 1752 3306 1825 :
2733 1755 2819 1819 su
