3436 4448
2051 233 2278 298 —
1441 311 1924 404 box 36/6
1163 332 1294 388 tS
114 323 1314 435 1. Panphlets Offpr 1
2259 1048 2393 1122 191
1248 1060 2044 1143 Early Works of Arthur Schnitzler
911 1148 2407 1255 gewesen sein. Damals ist also eine Wahl getroffen worden.
918 1216 2397 1287 Im Anfang aller Dinge muß irgend etwas wirksam gewesen sein,
913 1267 2413 1340 das wir nach unseren Denkgesetzen nicht anders bezeichnen
909 1317 2404 1385 können, denn als Wille, wenn wir das Wort Gott nicht vorziehen.
913 1371 2405 1435 War aber irgend einmal ein Wille da, so ist nicht einzusehen,
921 1419 2406 1497 ja nicht einmal zu begreifen, warum er nicht immer da gewesen
925 1473 2420 1535 und immer noch da sein sollte. Und wenn er immer war und
913 1520 2407 1580 immer ist und sein wird, so ist nicht einzusehen und nicht zu
919 1580 2414 1635 begreifen, warum er nicht in jedem einzelnen Menschen in
924 1613 2415 1708 jeder Sekunde wirksam sein könnte und sollte, womit die Wahl
925 1667 2421 1750 in jedem einzelnen Falle in unsere eigene Hand gelegt, Gott
931 1741 2380 1807 also als Wille in uns ununterbrochen vorhanden ist (p. 54f.).
1006 1796 2420 1878 What makes" Der Sohn' particularly interesting, however,
931 1873 2425 1950 is the fact that it contains the germ of Schnitzler’s recent novel
930 1922 2420 2012 Therese. Chronik eines Frauenlebens (Berlin, 1028). The inci¬
938 1996 2423 2068 dents related in the sketch constitute the two concluding
933 2042 2421 2128 chapters of the novel. There are some minor modifications.
934 2100 2420 2187 Fräulein Martha Eberlein, who passes as the widow Frau
942 2162 2428 2265 Eberlein and who ekes out a meager existence with sewing and
172 2220 390 2302 held re¬
937 2229 2428 2304 embroidery work, has been transformed into the governess
153 2286 375 2370 aracters.“
957 2279 2433 2365 Therese Fabiani, daughter of a lieutenant-colonel; and in place
166 2346 393 2426 al to our
954 2344 2432 2427 of the ax used in the earlier version the matricide in the novel
219 2413 412 2476 nd here
958 2420 2431 2488 strangles his mother. Otherwise Therese is merely an expansion
251 2468 367 2537 Ville
954 2459 2435 2570 of" Der Sohn, so that we now have in addition the entire
181 2527 397 2607 has very
948 2529 2441 2612 previous history of the mother and the son with all the events
193 2591 409 2673 cite but
945 2598 1802 2684 leading up to the final catastrophe.
1023 2626 2441 2727 In view of what has been said above regarding Schnitzler’s
957 2704 2445 2777 altered views on determinism and free will, it is interesting also
172 2743 408 2817 ärts längs
969 2769 2442 2853 to see how the final paragraph of the sketch quoted above has
234 2803 416 2869 gendwo
971 2827 2445 2924 been modified in the novel. The young lawyer has presented
184 2855 407 2918 Villensakt
969 2906 2444 2992 the mother’s confession and her plea for leniency to the court.
332 2912 414 2974 um
142 2905 225 2964 di
265 2957 400 3020 äß an
967 2963 2448 3054 Der Staatsanwalt bemerkte mit nachsichtigem Spott, daß der
174 3009 398 3072 stellungs¬
972 3024 2453 3115 Angeklagte jene erste Stunde seines Daseins wohl kaum im
215 3059 417 3120 aß zum
968 3092 2456 3165 Gedächtnis bewahrt haben dürfte, und sprach sich im allge¬
186 3109 409 3176 rUnend¬
968 3127 2462 3222 meinen gegen gewisse, sozusagen mystische Tendenzen aus, die
173 3161 418 3225 eiten vor¬
978 3174 2456 3270 man nun auch schon zur Verdunkelung völlig klarer Tatbestände
170 3211 424 3276 die beiden
971 3224 2474 3313 und damit, wenn auch manchmal in zweifellos guter Absicht,
173 3261 425 3324 elt, da sie
978 3286 2476 3365 zur Beugung des Rechtes auszunützen versuche. Der Antrag
160 3314 431 3383 Welten, so
980 3323 2476 3419 auf Ladung eines Sachverständigen wurde abgelehnt, schon
191 3362 435 3431 orhanden
977 3385 2474 3470 darum, weil man ja wirklich nicht entscheiden konnte, ob in
2932 4165 3035 4245 S
