3296 4320
1447 190 1907 286 box 36/6
224 198 1289 302 Panphlets Offorints
1191 1056 1984 1146 Early Works of Arthur Schnitzler
2219 1063 2333 1138 179
1212 1169 1844 1239 Ihr laßt es drängen, lärmen.
1216 1220 2009 1295 Es scheint euch ganz verwunderlich,
1207 1283 1877 1344 Wie da die tollen Jungen sich
1206 1344 1833 1409 Erbittern und sich härmen.
1213 1450 1773 1526 Gemach in eurer Klause!
1212 1486 2023 1573 Wen's nicht zu schwer getroffen hat,
1214 1560 1977 1625 Wird bald der dummen Mühe satt
1222 1616 1987 1692 Und schleicht wie ihr nach Hause!
1206 1673 1856 1766 Ergebung heißt die Tugend!
1206 1735 2023 1817 Baid schaun auch die wie ihr in Ruh'
1205 1798 1959 1873 Dem ewigen Kampf der Straße zu
1225 1853 1929 1941 Und seufzen: Kranke Jugend!“
923 1913 2342 2009 As a sign of returning health from his neurotic ailment we
849 2010 2340 2064 may look upon the“ Tagebuchblatt.'' To free himself from
864 2062 2346 2137 his melancholy brooding the poet deserts his study to commune
867 2121 2040 2199 with nature and mingle with the common people:
1077 2186 1879 2266 Geliebter Pöbel, der vorbeispaziert,
1080 2246 2107 2317 Ahnst du, wie wohl mir wird in deinem Kreise?
1074 2303 1940 2379 Wie sich in deines Denkens stille Weise
1080 2354 2085 2430 Gemächlich nun auch mein Verstand verliert?
1076 2425 1988 2502 Die mich von meiner Einsamkeit befrein,
1082 2489 2085 2546 Die Hände möcht' ich dankbar ihnen drücken,
1089 2540 1974 2622 Und wandeln in wohltätigem Entzücken
1076 2599 1930 2680 Inmitten dieser braven Bürger Reih'n.
1073 2670 1945 2747 Es wallt ein mild Begehren auf in mir,
1074 2725 1985 2803 Auch dieses Glück als ganzes zu genießen,
1088 2780 1964 2848 In eins mit der Alltäglichkeit zu fließen,
1077 2840 1865 2907 Für alle Zeit zu sein wie diese hier!
1084 2906 1946 2974 So völlig wünschelos schreit’ ich dahin,
1087 2975 2191 3032 So herrlich dumm!—wie böser Traum der Kranken
1080 3033 2050 3089 Erscheint mir alle Sehnsucht nach Gedanken
1088 3058 2120 3161 Und meine Schwermut fühl' ich sanft entfliehn.“
859 3146 2354 3224 Here the poet has the same experience of acquiring new vigor
869 3215 2351 3281 and hopefulness in the presence of nature and through contact
872 3289 2361 3355 with che people that Faust has in the scene“ Vor dem Tor.?4
953 3357 2351 3413 4 There are also close parallels between the character of Christine and her
861 3406 2369 3456 modest home in Liebelei and Gretchen, as well as between Francesco, brother of
863 3463 1784 3530 Beatrice, in Der Schleier der Beatrice and Valentin.
