3296 4320
1985 156 2379 244 —
1538 227 2001 318 box 36/6
186 234 1378 348 1. Panphlets, offorints
201 1148 462 1240 rs of the
2177 1159 2314 1261 167
1160 1162 1956 1262 Earlo Works of Arthur Schnitzler
201 1218 465 1292 in in the
827 1272 2315 1343 wir hören die Tropfen an die Fensterscheiben schlagen, langsam,
233 1280 465 1362 ent their
819 1337 2315 1392 schwer. Sie lächelt, und ich beuge mich zu ihrem Munde.
221 1342 458 1427 the latter
819 1387 2306 1444 Ich küsse ihre Lippen, ihre Stirn, ihre Augen, die sie geschlossen
810 1437 2304 1489 hat. Meine Finger spielen mit den feinen goldenen Haaren,
814 1502 2311 1559 die sich hinter ihrem Ohre kräuseln. Ich schiebe sie zurück
825 1536 2309 1598 und küsse sie auf diese süße, weiße Hautstelle hinter dem Ohre.
819 1591 2304 1649 Sie schaut wieder auf und lacht. Was Neues, flüstert sie,
813 1638 2316 1686 wie erstaunt. Ich halte meine Lippen fest hinter das Ohr
821 1680 2316 1762 gepreßt. Dann sage ich lächelnd: Ja, was Neues haben wir
810 1765 2308 1811 entdeckt!' Sie lacht laut auf, und wie ein Kind fröhlich ruft
818 1793 1301 1870 sie aus: Amerika!
807 1868 2309 1923 In the future, whenever anything established this association,
810 1931 2310 1986 an advertisement of a steamer going to America or the mention
275 1965 436 2043 at the
815 1991 2304 2060 of Columbus in a play, they would look at each other and smile.
224 2036 442 2106 between
887 2048 2296 2109 As pointed out by both Reik and Kapp, this is the first occur-
218 2092 436 2172 ich later
808 2126 2310 2180 rence in Schnitzler’s works of“ Das süße Mädel.“ There is in
260 2161 430 2233 otably
812 2164 2314 2238 fact a striking resemblance between Anna’s home in the sketch
214 2215 436 2320 it works,
816 2227 2308 2308 Amerika“ and the room of“ Das süße Mädel'’ which Anatol
813 2307 2313 2365 describes to Gabriele in Weihnachtseinkäufe. In the former
232 2330 414 2420 no part
817 2350 2312 2413 the room is pictured as follows: Auf dem Tisch die Lampe
245 2409 438 2474 woman
818 2409 2299 2476 mit dem grünen Schirm, der gestickte Lehnsessel in der Ecke.
231 2463 445 2532 psilon's
822 2469 2303 2532 Kupferstiche hängen an der Wand; die Bilder verschwimmen
233 2525 444 2593 Türkisa
816 2529 2310 2602 im Schatten.'' Anatol gives Gabriele the following description
225 2589 434 2661 conclude
810 2613 2275 2664 of his sweetheart’s room:" Ein kleines Zimmer-s o klein—.
192 2638 446 2715 did not
820 2647 2304 2716 mit gemalten Wänden—und noch dazu etwas zu licht—ein
192 2706 446 2785 fact that
814 2708 2303 2781 paar alte, schlechte Kupferstiche mit verblaßten Aufschriften
818 2784 2309 2836 hängen da und dort.—Eine Hängelampe mit einem Schirm. 2
197 2767 442 2839 exclusive
811 2835 2298 2897 And Anna might very well be identified with“ Das süße Mädel?
204 2828 435 2896 in these
820 2890 2277 2954 as characterized by Anatol: Sie ist nicht faszinierend schön—
231 2888 441 2960 In the
819 2958 2303 3024 sie ist nicht besonders elegant—und sie ist durchaus nicht
204 2943 436 3028 re, takes
817 3015 2312 3081 geistreich . aber sie hat die weiche Anmut eines Frühlings¬
819 3066 2292 3130 abends.. und die Grazie eine verzauberten Prinzessin.
189 3032 432 3149 ess little
809 3124 2105 3185 und den Geist eines Mädchens, das zu lieben weiß!“ 23
196 3131 426 3209 al. The
903 3187 2309 3242 What really makes this little sketch characteristic of certain
220 3196 438 3281 merely
815 3265 2307 3331 phases of Schnitzler’s later work, however, is the skill with
814 3322 2305 3373 which he at once creates an atmosphere that casts a spell over
207 3327 427 3409 t weiter,
821 3380 2312 3456 us. There is a touch of melancholy wistfulness in this retro¬
216 3394 419 3469 regnen,
892 3441 2073 3508 21 Reik, Arthur Schnitzler vor dem Auatol“; Kapp, op. cit., 144.
891 3485 1476 3564 2 Ges. W., Theaterstücke, I, 34.
886 3540 1146 3604 2 lbid., 331.
902 3586 992 3654 12
