3296 4320
265 3050 468 3117 1e artist
239 3108 483 3182 autocratie
230 3159 492 3245 ble might
2108 153 2449 232 —.—
1536 226 1989 313 box 36/6
312 218 1376 315 PamphletsOfforints
2197 980 2347 1067 173
1184 973 1974 1070 Early Works of Arthur Schnitzler
394 1064 491 1127 18
850 1108 2331 1168 exercised by the singer Alkandi. Even age cannot impair the
379 1130 483 1201 IOry
853 1153 1623 1229 magnetic influence of the artist:
385 1185 480 1253 and
1033 1241 1997 1304 " Denn ew’ge Jugend ist des Künstlers Zier.
1055 1305 2043 1372 Wenn seines Geistes Flammen nicht erkalten,
1038 1358 1961 1436 Erspäh' ich nimmer seiner Stirne Falten;
1039 1408 2161 1480 Sein Aug’, selbst wenn es trüb, ja, wenn's erblindet,
1042 1467 1989 1545 Des Innern Glanz geheimnisvoll verkündet!
859 1550 2340 1629 In Assad’s dream, furthermore, Oucen Maja taunts him with
854 1618 2308 1681 his impotence in the face of Alkandi’s immortal achievements:
1040 1704 1861 1791 Ohnmächtig ist hier deine Tyrannei!
1046 1764 2017 1840 Was groß und schön ist, König! das ist frei!
1114 1821 2106 1902 Längst modert hier dein königlich Gepränge¬
1045 1879 2102 1951 Vergessen Assads Thron und Macht und Recht—
1046 1935 2039 2002 Noch träumen von Geschlechte zu Geschlecht
1049 1993 2027 2075 Sich unvergänglich fort—der Lieder Klänge.
939 2088 2340 2156 In asimilar vein Duke Bentivoglio in Der Schleier der Beatrice
861 2161 2305 2227 laments the premature death and suicide of the poet Filippo:
1041 2228 2052 2317 "Ein Lied von dem, verweht’s der Zufall nicht—
1043 2306 1914 2372 Ist ew’ger als der kühnste unsrer Siege,
1046 2361 1905 2431 Der wieder nur Vergängliches erringt!
1057 2402 1963 2464 Dran werden Menschen einer späten Zeit,
1047 2468 1912 2528 Der unsre Taten nichts als Worte sind,
1054 2541 1992 2590 In kühlen Stein gegraben zum Gedächtnis,
1054 2579 1913 2652 Wie wir, die Mitgebornen, sich erfreun
1055 2631 2086 2703 Mit gleichem Lächeln und mit gleichen Tränen.
1053 2694 1898 2761 Denn dieser war ein Bote, ausgesandt,
1049 2733 1951 2807 Das Grüßen einer hingeschwundnen Welt
1052 2800 1809 2867 Lebendig jeder neuen zu bestellen
1060 2854 1883 2928 Und hinzuwandeln über allen Tod.“ 33
930 2944 2337 2996 Anton Hausdorfer in Lebendige Stunden, to be sure, roundly
855 3016 2345 3066 denounces this glorification of the artist. When his dearest
856 3079 2338 3137 friend, the mother of Heinrich the author, terminates her own
854 3123 2342 3182 life, à la Charlotte Stieglitz, in order that her lingering illness
850 3179 2357 3241 may not prove a stumbling block to her son’s literary ambition,
852 3247 2353 3311 he hurls at Heinrich the words: Was ist denn deine ganze
939 3315 1561 3400 9 Ges. W., Theaterstücke, II, 321.
1560 3856 1747 3964 ——
1335 3904 1428 4021 —
