3296 4320
1870 174 2347 243 —.—
478 239 584 314 le
1417 231 1875 345 box 36//6
190 238 1265 368 Panphs Offorints
798 1044 943 1124 186
1285 1039 1806 1135 The Germanic Revien
809 1151 2287 1223 comment in the case of three of these books that they lack
795 1227 2293 1283 psychological depth, thus indicating at this early stage his
800 1281 1602 1356 predilection for such treatment.
871 1339 2295 1399 Several months later5 Schnitzler contributed a full-fledged
796 1390 2291 1470 story of between fifteen and twenty thousand words, entitled
813 1461 2297 1542 Reichtum, the longest and artistically the most perfect of
793 1525 2298 1595 his novelettes up to this time. On a stroll through an outlying
801 1578 2291 1654 section of the city, two aristocrats stop in at a plain-looking
797 1631 2290 1715 café where a group of humble citizens is engaged in a game of
799 1697 2297 1762 hazard. Acting on a sudden impulse, Count Treuen places his
792 1752 2289 1845 purse at the disposal of one of the players who had lost all his
799 1831 2294 1907 money. The latter’s luck now changes and in fifteen minutes
802 1887 2285 1935 all the other players are out of funds. The first gambler now
788 1938 2294 2016 introduces himself to the aristocrats as Karl Weldein, a married
796 2000 2291 2070 man and father of a six-year-old son, formerly an artist but
800 2057 2276 2132 now only an ordinary house painter. Again acting on a sudden
795 2118 2287 2195 impulse, Count Treuen proposes that Welde in accompany them
791 2182 2282 2249 to their club to see whether his luck would hold good there also.
790 2238 2277 2333 The latter assents. The count supplies him with evening
791 2305 2269 2362 clothes and introduces him as a friend from San Francisco.
790 2352 2282 2441 Weldein's luck proves to be equally phenomenal and in little
783 2424 2280 2501 more than an hour he has broken the bank with a fortune in
781 2484 2283 2540 his possession. He has also partaken so liberally of champagne
792 2541 2272 2609 that the count, beginning to feel uneasy, hurries him to the
792 2607 2274 2684 street entrance and closes the door behind him. Weldein can
786 2676 2276 2746 think of only one thing, that he must cenceal the money,
790 2721 2270 2807 and he proceeds to do so. The next morning, however, he is
787 2788 2263 2844 unable to recall the hiding-place. For days and weeks he
774 2851 2275 2903 retraces his steps of this momentous evening, so far as he can
783 2914 2276 2986 remember, but without success. In the course of years his
790 2969 2263 3038 wife dies and his son grows up. The latter displays considerable
784 3021 2279 3082 talent as a painter of gambling and drinking scenes. One of
784 3089 2268 3175 his paintings having attracted the attention of Count Treuen
782 3148 2273 3213 at an exhibition, he is often introduced by the latter at the
780 3226 2269 3289 club, not as a participant in the gambling, but as an observer
788 3265 2270 3346 who desires atmosphere and inspiration. On his deathbed the
859 3337 2281 3405 56 Denksteine, one of the Anatol scenes, had appeared on May 15, 1891,
763 3388 1044 3459 pp. 151-154.
2600 1277 2664 1359 fa
2609 1363 2677 1421 un
2607 1416 2661 1473 er
2680 1708 2725 1778 I
2594 1762 2787 1844 meanin
2585 1828 2944 1900 convey. To b
2590 1895 3261 1964 whims of fate, or the malign
2585 1947 3267 2012 contrast the lives of the twe
2594 2004 3272 2084 and show that fundamentall
2595 2062 3259 2137 emotions, quoting Count Tr
2600 2126 3271 2202 group of players in the mod
2632 2192 3268 2288 Empfinden diese da nicht
2592 2268 3259 2345 Haben sie nicht das Gefühl
2596 2317 3258 2386 Mahle, wie wir nach unse
2598 2366 3257 2442 rauschen sie sich nicht an
2592 2429 3261 2496 lieben uns unsere Maitresser
2600 2475 3255 2539 Und wenn sie sich zu den
2595 2527 3270 2593 der uns packt; freilich sin
2594 2576 3259 2645 Wahnsinn die Kaltblütigen
2596 2622 3258 2697 der Karten, wenn wir wirklic
2585 2685 3259 2775 Körner’s statement * that
2584 2765 3264 2847 puppet player toying withh
2593 2823 3272 2898 a means rather than as an
2590 2886 3274 2961 We may simply take the st
2598 2944 3271 3022 unusual events skillfully re
2587 3003 3260 3087 throughout and the pace
2581 3064 3273 3149 liberal usc of dialog. It is
2582 3124 3272 3194 straightforward narration and
2591 3192 3257 3262 to which he was to attain
2591 3240 3258 3336 inevitably reminded of the
2672 3314 2942 3384 5 Op. cit., 162.
2669 3356 3072 3430 * On the occasion of
3086 3326 3275 3424 Schnitzler
2591 3407 2893 3472 singled this stor
3096 3412 3266 3468 pecial com
2590 3448 2875 3518 kommen reife u
3079 3457 3273 3517 afte Erzäh
2905 3454 3003 3513 d mei
3039 3459 3079 3508 rh
2583 3503 2883 3576 gang der freien
3066 3510 3123 3575 y.
3130 3503 3266 3578 922, p.
