3296 4320
1856 179 2266 250 ——
1389 247 1842 339 box 36/6
159 251 1238 348 Panphlets offorinte
1362 1121 1908 1218 The Germanic Revien
882 1139 1016 1219 182
1124 1220 1947 1309 Und ließ ich dich zu früh für immer,
1127 1308 1862 1361 So war es just die rechte Zeit—
1128 1354 1986 1423 Nun strahlst du ewig mir im Schimmer
1144 1406 1952 1486 Von einem glühend goldnen Leid.“47
952 1455 2389 1561 In Anfang vom Ende'' the lover lacks the courage frankly#
885 1525 2393 1615 to confess that his ardor has cooled and thus becomes guilty
895 1595 1853 1684 of deceit by continuing the relationship:
1120 1664 2020 1749 Daß all das Schöne nun längst zu Ende,
1137 1736 1803 1809 Wie könntest du's verstehn?
1134 1781 1935 1855 Ich hab’ ja die lieben, süßen Hände
1142 1845 1898 1924 Geküßt beim Kommen und Gehn.
1134 1931 1901 2024 Ich will ja morgen wiederkommen
1137 2011 1707 2082 Mit lächelndem Gesicht;
1133 2028 2198 2137 Und daß ich längst Abschied von dir genommen,
1144 2122 1917 2199 Mein Mädel.—du weißt’s ja nicht.“
891 2187 2394 2274 Körner, citing these two poems,“ lists additional instances of
895 2255 2178 2326 similar situations recurring in Schnitzler’s later works.
977 2311 2400 2402 We have already reierred to Das Buch der Spräche und
904 2369 2394 2454 Bedenken and found that it contains some of the aphorisms first
903 2433 2396 2524 published in 1886. We are now gratified to discover that of
899 2499 2399 2577 nine Sprüche in Versen,“ published in 180r, two, with slight
900 2550 2384 2642 stylistic changes, were also incorporated in this collection,“
904 2620 2411 2697 thus corroborating our assumption that it is truly representative
911 2673 2417 2775 of all periods of Schnitzler’s life. The second of these in its
905 2741 1700 2843 original version reads as follows:
1306 2817 2005 2905 Es kann keine Wunder geben—
1313 2880 1954 2953 Denn was einmal geschehn,
1321 2938 2008 3010 Werden wir uns nie bequemen,
1313 2987 1922 3066 Als Wunder anzusehn.“ 50
986 3056 2408 3115 47 Compare with this the manner in which Robert Well despatches his mistress
906 3109 2404 3172 Ninette in Das Märchen. He explains to his friends: Die Frauen vertragen schon
910 3148 2414 3216 den letzten Kuß—man darf ihnen nur niemals sagen: dies ist der letzte. Ich
913 3218 2414 3283 vermeide stets die Herbheit des Abschiednehmens“ (Ges. W., Theaterstücke, I, 190).
990 3257 1282 3319 * Op. cit., 421.
998 3281 2108 3353 *9 Die feinen Gaumen,“ p. 16; " Der Exakte spricht,“ p. 17.
992 3329 2201 3396 50 In Das Buch der Sprüche und Bedenken this has been changed to:
1348 3383 2002 3465 Was kann ich als Wunder nehmen?
1353 3438 1860 3484 Ist etwas einmal geschehn,
1355 3470 1977 3540 So werd' ich mich nie bequemen,
1335 3510 1834 3584 Als Wunder es anzusehn.
2696 154 2783 233 E
