3296 4320
1934 171 2269 259 —
1405 242 1857 344 box 36/6
170 249 1253 365 Panphlets offorints
984 965 1111 1058 178
1459 969 2009 1079 The Germanic Reviem
1056 1069 2509 1183 One poein of this same year actually bears the title“ Der
978 1143 1261 1238 Blasierte“:
1204 1222 2262 1316 Dem Sang der Liebe matten Ohrs er lauschte,
1215 1298 2080 1375 Und seelenlos die Freude ihn umquoll.“
988 1342 1765 1451 In the end he takes his own life:
1217 1429 2184 1543 VEr hatte sich gelangweilt und ging schlafen.“
1043 1535 2477 1629 The sentiments expressed in these poems may have been to
973 1602 2476 1673 some extent an affectation, but the constant reiteration of them
972 1652 2488 1735 seems to indicate that Schnitzler was subject to similar moods
971 1716 2474 1797 during these ycers. Specht,“ in recalling the first meeting with
970 1770 2471 1852 him, at approximately this date, in a fasiiionable drawing-room
987 1836 2469 1902 where the young poet was playing the part of the lover in an
982 1887 2483 1969 amateur performance of some comedy, describes him as follows:
990 1951 2472 2038 "Ich sehe ihn lässig flircend, ein wenig blasiert, ein wenig
979 2011 2467 2083 weltschmerzlich und gar nicht wenig affektiert.“ Schnitzler
969 2087 2476 2155 was as a matter of fact passing through a mental and emotional
969 2137 2468 2199 crisis. It was the time when he had to come to a decision
980 2186 2474 2286 whether to give up his chosen calling, the medical profession,
972 2257 2477 2345 or to launch out on a literary career, and the resulting conflict
978 2317 2479 2373 was only intensified by his father’s sceptical opposition to his
959 2374 2475 2434 literary ambition. Aletter from Schnitzler to Theodor Herzl,
968 2443 2460 2512 dated August 5, 1862, but referring to an earlier period, cor¬
967 2495 2462 2555 roborates this: “ Ich erinnere mich noch meines letzten Zusam¬
968 2546 2462 2636 mentreffens mit Ihnen—auf irgend einem Ball in einer Nacht,
962 2604 2467 2685 wie Sie schon lange, aber schon sehr lange ein berühmter Mann
973 2674 2440 2757 waren, während ich an mir, an meinem Beruf—an beiden—
961 2741 2467 2815 verzweifelnd, von niemandem ernst genommen, meinen Ehrgeiz
958 2812 2473 2875 als guter Gesellschafter und Demimondainer (in Bourgets Sinne)
1525 2852 1587 2910 40
969 2844 1508 2924 zu befriedigen suchte.“
1037 2892 2459 2975 A note of weariell resignation is contained in the poem
993 2956 2460 3067 An die Alten“ which may have been inspired by the conflict
966 3018 1366 3100 with his father:
1319 3079 1909 3166 Thr habt es überwunden!
1325 3159 1982 3226 Ven eurem stillen Winkel aus
1326 3210 2051 3284 Blickt ihr zur Straße nun hinaus
1326 3272 2004 3355 Und habt euch dreingefunden.
1033 3301 1308 3375 * Op. cit., Z1.
1011 3350 2342 3454 Jüdischer Almanach, Wien. 1900, p. 102f. Cited by Reik, op. cif., 15..
1085 3900 1977 4120 heche
2319 4106 2445 4169 ee
3016 4138 3060 4203 M0
