<?xml version="1.0" encoding="UTF-8" standalone="yes"?>
<PcGts xmlns="http://schema.primaresearch.org/PAGE/gts/pagecontent/2013-07-15" xmlns:xsi="http://www.w3.org/2001/XMLSchema-instance" xsi:schemaLocation="http://schema.primaresearch.org/PAGE/gts/pagecontent/2013-07-15 http://schema.primaresearch.org/PAGE/gts/pagecontent/2013-07-15/pagecontent.xsd">
    <Metadata>
        <Creator>prov=University of Rostock/Institute of Mathematics/CITlab/Gundram Leifert/gundram.leifert@uni-rostock.de:name=ONB_Newseye_GT_M1+(htr_id=10810)::::v=2.4.2
prov=University of Rostock/Institute of Mathematics/CITlab/Tobias Gruening/tobias.gruening@uni-rostock.de:name=de.uros.citlab.module.baseline2polygon.B2PSeamMultiOriented:v=2.4.2
prov=University of Rostock/Institute of Mathematics/CITlab/Tobias Gruening/tobias.gruening@uni-rostock.de:name=/mnt/transkribus/LA/DEA/URO/LA_news_onb_att.pb:de.uros.citlab.segmentation.CITlab_LA_ML:v=2.4.2
Transkribus</Creator>
        <Created>2019-10-07T15:16:07.242+02:00</Created>
        <LastChange>2019-10-09T03:22:05.937+02:00</LastChange>
        <TranskribusMetadata docId="224218" pageId="9515325" pageNr="42" tsid="16620127" status="IN_PROGRESS" userId="40391" imgUrl="https://files.transkribus.eu/Get?id=GYQOVVLJPPVPXLSCLCKTQWFO&amp;fileType=view" xmlUrl="https://files.transkribus.eu/Get?id=UBIUCWGSJDRUJALVSMDFGOUC" imageId="6203559"/>
    </Metadata>
    <Page imageFilename="224218_0042.jpeg" imageWidth="3436" imageHeight="4448">
        <ReadingOrder>
            <OrderedGroup id="ro_1711443595355" caption="Regions reading order">
                <RegionRefIndexed index="0" regionRef="r1"/>
                <RegionRefIndexed index="1" regionRef="r2"/>
            </OrderedGroup>
        </ReadingOrder>
        <TextRegion orientation="0.0" id="r1" custom="readingOrder {index:0;}">
            <Coords points="250,324 250,3473 2575,3473 2575,324"/>
            <TextLine id="r1l1" custom="readingOrder {index:0;}">
                <Coords points="1471,355 1491,351 1519,376 1754,356 1791,377 1937,344 1937,311 1882,290 1842,287 1827,302 1733,290 1675,320 1575,302 1564,312 1549,298 1472,303"/>
                <Baseline points="1481,350 1507,350 1533,351 1559,351 1586,352 1612,353 1638,353 1665,353 1691,354 1717,354 1743,355 1770,355 1796,355 1822,355 1849,355 1875,355 1901,355 1928,355"/>
                <TextEquiv>
                    <Unicode>box 36/6</Unicode>
                </TextEquiv>
            </TextLine>
            <TextLine id="r1l2" custom="readingOrder {index:1;}">
                <Coords points="1227,363 1240,362 1243,359 1254,359 1262,362 1273,361 1268,298 1255,301 1251,299 1246,302 1242,300 1230,309 1223,309"/>
                <Baseline points="1236,360 1264,358"/>
                <TextEquiv>
                    <Unicode></Unicode>
                </TextEquiv>
            </TextLine>
            <TextLine id="r1l3" custom="readingOrder {index:2;}">
                <Coords points="240,393 1161,399 1438,364 1438,335 1236,358 1129,304 881,294 809,341 321,298 240,332"/>
                <Baseline points="250,379 312,377 374,375 436,374 498,374 560,374 622,375 684,375 746,376 808,377 870,377 932,378 994,378 1056,378 1118,377 1180,376 1242,374 1304,371 1366,368 1429,363"/>
                <TextEquiv>
                    <Unicode>Pamphlets, Offprin#e</Unicode>
                </TextEquiv>
            </TextLine>
            <TextLine id="r1l4" custom="readingOrder {index:3;}">
                <Coords points="2338,1103 2364,1094 2379,1096 2405,1111 2422,1106 2434,1112 2449,1099 2481,1100 2482,1045 2441,1038 2428,1049 2410,1038 2384,1039 2377,1031 2340,1038"/>
                <Baseline points="2348,1083 2379,1084 2410,1083 2441,1084 2472,1087"/>
                <TextEquiv>
                    <Unicode>193</Unicode>
                </TextEquiv>
            </TextLine>
            <TextLine id="r1l5" custom="readingOrder {index:4;}">
                <Coords points="1339,1139 1737,1143 1784,1117 2056,1116 2125,1080 2124,1058 1917,1046 1856,1069 1337,1074"/>
                <Baseline points="1347,1122 1385,1121 1424,1119 1462,1117 1501,1116 1539,1115 1578,1114 1616,1113 1655,1111 1693,1110 1732,1110 1770,1108 1809,1107 1847,1106 1886,1105 1924,1104 1963,1102 2001,1101 2040,1099 2078,1097 2117,1095"/>
                <TextEquiv>
                    <Unicode>Early Works of Arthur Schnitzler</Unicode>
                </TextEquiv>
            </TextLine>
            <TextLine id="r1l6" custom="readingOrder {index:5;}">
                <Coords points="993,1259 2425,1210 2479,1149 1089,1200 990,1161"/>
                <Baseline points="1001,1234 1074,1235 1147,1235 1221,1235 1294,1234 1368,1232 1441,1231 1515,1228 1588,1225 1662,1222 1735,1219 1808,1215 1882,1212 1955,1209 2029,1205 2102,1202 2176,1199 2249,1195 2323,1193 2396,1190 2470,1188"/>
                <TextEquiv>
                    <Unicode>moon, but only for one night. Thereupon she slaps him in the</Unicode>
                </TextEquiv>
            </TextLine>
            <TextLine id="r1l7" custom="readingOrder {index:6;}">
                <Coords points="990,1298 1872,1291 1966,1275 1965,1224 989,1268"/>
                <Baseline points="999,1290 1046,1292 1094,1293 1142,1294 1190,1294 1238,1295 1286,1295 1334,1294 1382,1293 1430,1292 1478,1291 1525,1289 1573,1287 1621,1285 1669,1282 1717,1279 1765,1277 1813,1273 1861,1270 1909,1266 1957,1262"/>
                <TextEquiv>
                    <Unicode>face and departs. The dialog concludes:</Unicode>
                </TextEquiv>
            </TextLine>
            <TextLine id="r1l8" custom="readingOrder {index:7;}">
                <Coords points="999,1363 1089,1402 2483,1340 2481,1277 2392,1275 1982,1335 1823,1289 1612,1335 998,1326"/>
                <Baseline points="1008,1372 1081,1374 1154,1376 1228,1376 1301,1376 1374,1375 1448,1373 1521,1370 1594,1368 1668,1364 1741,1360 1814,1357 1888,1353 1961,1349 2034,1346 2108,1343 2181,1341 2254,1338 2328,1337 2401,1337 2475,1337"/>
                <TextEquiv>
                    <Unicode>*ER: (bleibt wie gelähmt stehen) Dul . .. (will ihr nach, dann)</Unicode>
                </TextEquiv>
            </TextLine>
            <TextLine id="r1l9" custom="readingOrder {index:8;}">
                <Coords points="2002,1401 2043,1396 2068,1411 2128,1398 2155,1413 2182,1398 2214,1415 2444,1384 2478,1395 2476,1355 2383,1340 2283,1344 2256,1360 2139,1349 2092,1381 2002,1379"/>
                <Baseline points="2011,1398 2036,1399 2061,1399 2087,1399 2112,1398 2138,1398 2163,1396 2189,1395 2214,1393 2240,1392 2265,1390 2290,1389 2316,1387 2341,1387 2367,1386 2392,1385 2418,1385 2443,1386 2469,1387"/>
                <TextEquiv>
                    <Unicode>... (wütend) über¬</Unicode>
                </TextEquiv>
            </TextLine>
            <TextLine id="r1l10" custom="readingOrder {index:9;}">
                <Coords points="990,1440 2006,1404 2003,1356 989,1410"/>
                <Baseline points="999,1431 1048,1431 1098,1431 1148,1431 1198,1431 1248,1430 1298,1428 1348,1427 1398,1426 1448,1424 1498,1422 1547,1420 1597,1418 1647,1415 1697,1413 1747,1411 1797,1409 1847,1406 1897,1404 1947,1401 1997,1399"/>
                <TextEquiv>
                    <Unicode>ah nein—(mißlaunig) überspannte Person</Unicode>
                </TextEquiv>
            </TextLine>
            <TextLine id="r1l11" custom="readingOrder {index:10;}">
                <Coords points="998,1492 2484,1454 2482,1397 2428,1389 997,1446"/>
                <Baseline points="1007,1481 1080,1482 1153,1481 1227,1480 1300,1479 1374,1477 1447,1475 1520,1472 1594,1469 1667,1467 1741,1463 1814,1460 1887,1457 1961,1454 2034,1450 2108,1448 2181,1445 2254,1443 2328,1442 2401,1441 2475,1440"/>
                <TextEquiv>
                    <Unicode>spannte Person... Da gibt man einer einen . .. guten Rat,</Unicode>
                </TextEquiv>
            </TextLine>
            <TextLine id="r1l12" custom="readingOrder {index:11;}">
                <Coords points="1005,1537 2344,1510 2341,1447 2210,1444 1714,1499 1004,1502"/>
                <Baseline points="1015,1531 1080,1531 1146,1530 1212,1529 1278,1528 1344,1527 1410,1525 1476,1523 1542,1521 1608,1519 1674,1516 1739,1514 1805,1511 1871,1508 1937,1506 2003,1502 2069,1499 2135,1496 2201,1493 2267,1490 2333,1487"/>
                <TextEquiv>
                    <Unicode>und da wird sie noch grob. Das ist dann die Liebe!</Unicode>
                </TextEquiv>
            </TextLine>
            <TextLine id="r1l13" custom="readingOrder {index:12;}">
                <Coords points="1005,1587 2426,1550 2488,1507 2351,1473 2286,1513 1004,1553"/>
                <Baseline points="1015,1585 1088,1585 1161,1584 1234,1583 1307,1582 1381,1579 1454,1577 1527,1574 1600,1571 1673,1568 1747,1564 1820,1561 1893,1558 1966,1554 2039,1551 2113,1548 2186,1546 2259,1543 2332,1541 2405,1539 2479,1538"/>
                <TextEquiv>
                    <Unicode>Der Himmel schütze einen vor verliebten Weibern.—Uber¬</Unicode>
                </TextEquiv>
            </TextLine>
            <TextLine id="r1l14" custom="readingOrder {index:13;}">
                <Coords points="1016,1657 2330,1602 2169,1550 1015,1607"/>
                <Baseline points="1024,1639 1088,1636 1153,1633 1218,1630 1283,1628 1347,1627 1412,1624 1477,1623 1542,1621 1606,1619 1671,1617 1736,1616 1801,1614 1865,1611 1930,1609 1995,1607 2060,1603 2124,1600 2189,1596 2254,1592 2319,1588"/>
                <TextEquiv>
                    <Unicode>spannte Person!—Und folgen wird sie mir ja doch!.</Unicode>
                </TextEquiv>
            </TextLine>
            <TextLine id="r1l15" custom="readingOrder {index:14;}">
                <Coords points="1081,1731 2495,1679 2493,1640 2353,1616 1079,1685"/>
                <Baseline points="1091,1724 1160,1722 1230,1720 1300,1717 1369,1715 1439,1712 1509,1709 1578,1706 1648,1703 1718,1700 1788,1696 1857,1693 1927,1690 1997,1687 2066,1684 2136,1681 2206,1678 2275,1676 2345,1673 2415,1671 2485,1669"/>
                <TextEquiv>
                    <Unicode>In the early works of Schnitzler it is usually the problems</Unicode>
                </TextEquiv>
            </TextLine>
            <TextLine id="r1l16" custom="readingOrder {index:15;}">
                <Coords points="1013,1790 2504,1741 2427,1681 1011,1749"/>
                <Baseline points="1022,1786 1095,1782 1169,1778 1242,1776 1316,1773 1389,1770 1463,1767 1536,1765 1610,1762 1683,1760 1757,1758 1831,1755 1904,1753 1978,1750 2051,1747 2125,1744 2198,1741 2272,1738 2345,1735 2419,1730 2493,1726"/>
                <TextEquiv>
                    <Unicode>and tribulations of the lover we find depicted. Here the tables</Unicode>
                </TextEquiv>
            </TextLine>
            <TextLine id="r1l17" custom="readingOrder {index:16;}">
                <Coords points="1022,1860 2469,1804 2501,1742 1020,1818"/>
                <Baseline points="1030,1844 1103,1842 1176,1840 1249,1837 1322,1835 1395,1832 1468,1830 1542,1827 1615,1824 1688,1821 1761,1818 1834,1815 1907,1812 1980,1809 2054,1806 2127,1802 2200,1799 2273,1795 2346,1791 2419,1788 2493,1784"/>
                <TextEquiv>
                    <Unicode>are turned and it is refreshing to find the author’s ironic shafts</Unicode>
                </TextEquiv>
            </TextLine>
            <TextLine id="r1l18" custom="readingOrder {index:17;}">
                <Coords points="1017,1903 2506,1844 2452,1796 1016,1868"/>
                <Baseline points="1027,1903 1100,1901 1174,1899 1247,1897 1321,1894 1394,1891 1468,1889 1541,1886 1615,1883 1688,1880 1762,1877 1835,1874 1909,1871 1982,1869 2056,1865 2129,1862 2203,1860 2276,1857 2350,1853 2423,1851 2497,1848"/>
                <TextEquiv>
                    <Unicode>directed for once against the male, exposing his naive self¬</Unicode>
                </TextEquiv>
            </TextLine>
            <TextLine id="r1l19" custom="readingOrder {index:18;}">
                <Coords points="1022,1970 2513,1913 2511,1867 2394,1860 1021,1930"/>
                <Baseline points="1031,1963 1104,1961 1178,1960 1251,1958 1325,1956 1399,1954 1472,1951 1546,1948 1619,1946 1693,1943 1767,1939 1840,1936 1914,1933 1987,1930 2061,1926 2135,1923 2208,1920 2282,1916 2355,1913 2429,1910 2503,1907"/>
                <TextEquiv>
                    <Unicode>conceit and his brutal selfishness. Simplicissimus, in which</Unicode>
                </TextEquiv>
            </TextLine>
            <TextLine id="r1l20" custom="readingOrder {index:19;}">
                <Coords points="1025,2029 2081,2009 2468,1978 2509,1930 1024,2001"/>
                <Baseline points="1034,2025 1107,2022 1180,2020 1254,2017 1327,2014 1400,2011 1474,2009 1547,2006 1620,2004 1694,2001 1767,1998 1840,1995 1914,1993 1987,1990 2060,1987 2134,1984 2207,1981 2280,1978 2354,1974 2427,1971 2501,1968"/>
                <TextEquiv>
                    <Unicode>this one-act play had appeared, was promptly barred from the</Unicode>
                </TextEquiv>
            </TextLine>
            <TextLine id="r1l21" custom="readingOrder {index:20;}">
                <Coords points="1024,2096 1097,2110 1181,2083 1243,2102 1478,2071 1625,2090 1676,2068 1675,2029 1453,2020 1328,2043 1283,2024 1236,2054 1140,2027 1023,2066"/>
                <Baseline points="1033,2083 1064,2082 1096,2081 1128,2080 1159,2079 1191,2078 1223,2076 1254,2076 1286,2074 1318,2073 1350,2072 1381,2070 1413,2069 1445,2068 1476,2068 1508,2066 1540,2065 1571,2065 1603,2064 1635,2063 1667,2063"/>
                <TextEquiv>
                    <Unicode>mails in Austria-Hungary.</Unicode>
                </TextEquiv>
            </TextLine>
            <TextLine id="r1l22" custom="readingOrder {index:21;}">
                <Coords points="1110,2155 2492,2111 2504,2035 1107,2099"/>
                <Baseline points="1119,2140 1187,2139 1256,2137 1325,2135 1394,2133 1463,2131 1532,2128 1601,2126 1670,2123 1739,2120 1808,2117 1876,2114 1945,2111 2014,2108 2083,2105 2152,2102 2221,2099 2290,2095 2359,2092 2428,2089 2497,2085"/>
                <TextEquiv>
                    <Unicode>We now reach the year 1805 and shall conclude our survey</Unicode>
                </TextEquiv>
            </TextLine>
            <TextLine id="r1l23" custom="readingOrder {index:22;}">
                <Coords points="1037,2219 2511,2155 2509,2107 2252,2103 1036,2188"/>
                <Baseline points="1045,2202 1117,2200 1190,2199 1263,2197 1336,2195 1409,2192 1481,2189 1554,2186 1627,2183 1700,2180 1773,2176 1845,2173 1918,2169 1991,2165 2064,2162 2137,2159 2209,2156 2282,2153 2355,2150 2428,2148 2501,2146"/>
                <TextEquiv>
                    <Unicode>of these early works with the discussion of an interesting</Unicode>
                </TextEquiv>
            </TextLine>
            <TextLine id="r1l24" custom="readingOrder {index:23;}">
                <Coords points="1034,2261 2152,2241 2500,2187 2408,2152 1032,2224"/>
                <Baseline points="1042,2264 1114,2261 1186,2259 1259,2256 1331,2254 1404,2252 1476,2249 1549,2246 1621,2243 1694,2240 1766,2238 1838,2234 1911,2231 1983,2228 2056,2225 2128,2222 2201,2218 2273,2215 2346,2211 2418,2207 2491,2203"/>
                <TextEquiv>
                    <Unicode>experiment in the epistolary novelette,“ Die kleine Komödie.</Unicode>
                </TextEquiv>
            </TextLine>
            <TextLine id="r1l25" custom="readingOrder {index:24;}">
                <Coords points="1037,2317 1922,2319 2488,2286 2522,2242 1035,2273"/>
                <Baseline points="1046,2325 1119,2323 1192,2320 1266,2318 1339,2316 1412,2313 1486,2309 1559,2306 1632,2303 1706,2300 1779,2296 1852,2293 1926,2289 1999,2285 2072,2282 2146,2279 2219,2275 2292,2272 2366,2269 2439,2266 2513,2263"/>
                <TextEquiv>
                    <Unicode>This comprises about twenty large pages and was published in</Unicode>
                </TextEquiv>
            </TextLine>
            <TextLine id="r1l26" custom="readingOrder {index:25;}">
                <Coords points="1043,2387 2512,2334 2486,2284 2247,2286 1042,2355"/>
                <Baseline points="1052,2388 1124,2384 1197,2380 1269,2377 1342,2374 1414,2370 1487,2367 1559,2364 1632,2361 1704,2358 1777,2355 1850,2352 1922,2349 1995,2346 2067,2343 2140,2340 2212,2336 2285,2334 2357,2330 2430,2327 2503,2323"/>
                <TextEquiv>
                    <Unicode>the Neue Deutsche Rundschau. Without introduction or com¬</Unicode>
                </TextEquiv>
            </TextLine>
            <TextLine id="r1l27" custom="readingOrder {index:26;}">
                <Coords points="1040,2441 2519,2398 2516,2343 2433,2332 1039,2417"/>
                <Baseline points="1050,2448 1126,2444 1203,2440 1280,2436 1357,2433 1433,2429 1510,2426 1587,2422 1664,2418 1741,2415 1817,2412 1894,2409 1971,2405 2048,2402 2125,2399 2201,2396 2278,2394 2355,2391 2432,2389 2509,2387"/>
                <TextEquiv>
                    <Unicode>ment on the part of the author, the entire story is contained in</Unicode>
                </TextEquiv>
            </TextLine>
            <TextLine id="r1l28" custom="readingOrder {index:27;}">
                <Coords points="1041,2509 2469,2460 2527,2413 1528,2430 1040,2488"/>
                <Baseline points="1050,2507 1123,2504 1196,2501 1270,2498 1343,2494 1417,2491 1490,2488 1564,2485 1637,2482 1711,2479 1784,2476 1857,2472 1931,2469 2004,2465 2078,2462 2151,2459 2225,2456 2298,2453 2372,2451 2445,2447 2519,2444"/>
                <TextEquiv>
                    <Unicode>alternate letters written by Alfred von Wilmers to a friend in</Unicode>
                </TextEquiv>
            </TextLine>
            <TextLine id="r1l29" custom="readingOrder {index:28;}">
                <Coords points="1050,2575 2497,2522 2529,2453 2335,2496 2170,2462 1048,2527"/>
                <Baseline points="1058,2564 1131,2562 1204,2560 1277,2558 1350,2555 1423,2552 1496,2549 1570,2545 1643,2542 1716,2538 1789,2535 1862,2531 1935,2527 2008,2523 2082,2519 2155,2516 2228,2513 2301,2510 2374,2507 2447,2505 2521,2503"/>
                <TextEquiv>
                    <Unicode>Naples, and by Josefine Weninger to her friend in Paris. Alfred</Unicode>
                </TextEquiv>
            </TextLine>
            <TextLine id="r1l30" custom="readingOrder {index:29;}">
                <Coords points="1048,2612 2533,2575 2441,2515 1047,2580"/>
                <Baseline points="1058,2627 1131,2625 1204,2622 1277,2619 1351,2616 1424,2612 1497,2608 1570,2604 1644,2601 1717,2596 1790,2593 1863,2589 1937,2585 2010,2582 2083,2578 2156,2576 2230,2573 2303,2571 2376,2569 2449,2568 2523,2567"/>
                <TextEquiv>
                    <Unicode>does not differ materially from Anatol. He is a well-to-do,</Unicode>
                </TextEquiv>
            </TextLine>
            <TextLine id="r1l31" custom="readingOrder {index:30;}">
                <Coords points="1051,2693 2416,2646 2528,2587 1049,2660"/>
                <Baseline points="1059,2689 1132,2685 1205,2681 1278,2677 1351,2672 1424,2669 1497,2665 1570,2661 1643,2658 1716,2655 1790,2651 1863,2648 1936,2645 2009,2642 2082,2638 2155,2635 2228,2632 2301,2629 2374,2625 2447,2622 2521,2619"/>
                <TextEquiv>
                    <Unicode>pampered and blasé man of the world. Tired of his fashionable</Unicode>
                </TextEquiv>
            </TextLine>
            <TextLine id="r1l32" custom="readingOrder {index:31;}">
                <Coords points="1053,2759 2496,2702 2529,2630 1051,2722"/>
                <Baseline points="1061,2746 1134,2743 1207,2741 1280,2738 1353,2735 1426,2731 1499,2729 1572,2724 1645,2721 1718,2718 1792,2714 1865,2710 1938,2707 2011,2702 2084,2699 2157,2695 2230,2691 2303,2688 2376,2685 2449,2681 2523,2678"/>
                <TextEquiv>
                    <Unicode>mistresses, he longs for a change, for the unsophisticated</Unicode>
                </TextEquiv>
            </TextLine>
            <TextLine id="r1l33" custom="readingOrder {index:32;}">
                <Coords points="1065,2824 2478,2761 2535,2701 1062,2765"/>
                <Baseline points="1073,2807 1145,2803 1218,2799 1291,2795 1363,2791 1436,2788 1509,2784 1581,2780 1654,2777 1727,2774 1800,2771 1872,2768 1945,2765 2018,2762 2090,2758 2163,2756 2236,2753 2308,2749 2381,2746 2454,2744 2527,2740"/>
                <TextEquiv>
                    <Unicode>sincerity of the“'süßes Mädel.“ After an evening of shallow</Unicode>
                </TextEquiv>
            </TextLine>
            <TextLine id="r1l34" custom="readingOrder {index:33;}">
                <Coords points="1062,2864 2431,2820 2451,2761 1060,2822"/>
                <Baseline points="1072,2868 1140,2864 1209,2860 1277,2857 1346,2853 1414,2849 1483,2846 1551,2842 1620,2839 1688,2835 1757,2832 1826,2829 1894,2826 1963,2823 2031,2819 2100,2816 2168,2814 2237,2811 2305,2808 2374,2805 2443,2803"/>
                <TextEquiv>
                    <Unicode>amusements with his friends and their mistresses he writes:</Unicode>
                </TextEquiv>
            </TextLine>
            <TextLine id="r1l35" custom="readingOrder {index:34;}">
                <Coords points="1060,2941 2337,2909 2548,2852 1058,2902"/>
                <Baseline points="1070,2940 1143,2941 1216,2940 1290,2939 1363,2937 1437,2935 1510,2933 1584,2930 1657,2926 1731,2922 1804,2919 1877,2915 1951,2911 2024,2907 2098,2903 2171,2900 2245,2896 2318,2893 2392,2890 2465,2887 2539,2885"/>
                <TextEquiv>
                    <Unicode>Die Weiber und die Männer sind mir gleich zuwider. Die</Unicode>
                </TextEquiv>
            </TextLine>
            <TextLine id="r1l36" custom="readingOrder {index:35;}">
                <Coords points="1068,2997 2541,2943 2539,2892 2487,2892 1067,2962"/>
                <Baseline points="1078,3006 1150,3003 1223,2999 1295,2996 1368,2992 1441,2988 1513,2984 1586,2981 1659,2977 1731,2972 1804,2968 1877,2965 1949,2961 2022,2958 2095,2954 2167,2950 2240,2947 2313,2944 2385,2941 2458,2939 2531,2936"/>
                <TextEquiv>
                    <Unicode>Parfüms und die Seidenstrümpfe sind doch nicht alles, wenn</Unicode>
                </TextEquiv>
            </TextLine>
            <TextLine id="r1l37" custom="readingOrder {index:36;}">
                <Coords points="1058,3072 2485,3003 2551,2995 2549,2947 1056,3039"/>
                <Baseline points="1067,3057 1140,3053 1214,3050 1288,3046 1361,3042 1435,3038 1509,3035 1582,3031 1656,3028 1730,3025 1804,3021 1877,3017 1951,3014 2025,3011 2098,3007 2172,3003 2246,3000 2319,2997 2393,2993 2467,2989 2541,2986"/>
                <TextEquiv>
                    <Unicode>sie alles sind!—Ich ging den Stadtpark entlang, der erste</Unicode>
                </TextEquiv>
            </TextLine>
            <TextLine id="r1l38" custom="readingOrder {index:37;}">
                <Coords points="1067,3108 2545,3060 2543,3013 1065,3071"/>
                <Baseline points="1077,3107 1149,3103 1222,3099 1295,3096 1368,3092 1441,3088 1514,3085 1587,3081 1660,3078 1733,3074 1806,3071 1878,3067 1951,3064 2024,3061 2097,3057 2170,3054 2243,3050 2316,3047 2389,3043 2462,3040 2535,3036"/>
                <TextEquiv>
                    <Unicode>Dämmerschein des Tages lag schon drüber. Da sind nun</Unicode>
                </TextEquiv>
            </TextLine>
            <TextLine id="r1l39" custom="readingOrder {index:38;}">
                <Coords points="1064,3157 2549,3082 2432,3039 2033,3094 1061,3107"/>
                <Baseline points="1074,3160 1147,3156 1220,3152 1293,3148 1367,3145 1440,3141 1513,3137 1586,3133 1660,3129 1733,3126 1806,3122 1879,3118 1953,3114 2026,3111 2099,3107 2172,3103 2246,3099 2319,3096 2392,3092 2465,3088 2539,3084"/>
                <TextEquiv>
                    <Unicode>die Erinnerungen gekommen.—An das, was ich Jugendliebe</Unicode>
                </TextEquiv>
            </TextLine>
            <TextLine id="r1l40" custom="readingOrder {index:39;}">
                <Coords points="1074,3224 2443,3160 2545,3142 2543,3104 1072,3190"/>
                <Baseline points="1083,3209 1155,3205 1228,3202 1300,3198 1373,3194 1446,3191 1518,3187 1591,3183 1663,3180 1736,3176 1809,3172 1881,3168 1954,3165 2026,3161 2099,3158 2172,3155 2244,3151 2317,3148 2389,3145 2462,3142 2535,3139"/>
                <TextEquiv>
                    <Unicode>nenne. Ich meine nicht die platonische, wo man Fenster¬</Unicode>
                </TextEquiv>
            </TextLine>
            <TextLine id="r1l41" custom="readingOrder {index:40;}">
                <Coords points="1079,3271 2560,3195 2516,3136 1077,3226"/>
                <Baseline points="1087,3258 1160,3255 1233,3252 1306,3249 1379,3246 1453,3242 1526,3238 1599,3234 1672,3231 1745,3227 1819,3223 1892,3219 1965,3215 2038,3212 2111,3208 2185,3205 2258,3200 2331,3197 2404,3194 2477,3191 2551,3188"/>
                <TextEquiv>
                    <Unicode>promenaden macht, und sie einem dann weggeheiratet wird,</Unicode>
                </TextEquiv>
            </TextLine>
            <TextLine id="r1l42" custom="readingOrder {index:41;}">
                <Coords points="1079,3310 2568,3235 2497,3194 1078,3284"/>
                <Baseline points="1089,3307 1162,3304 1236,3300 1309,3297 1383,3293 1456,3290 1530,3287 1603,3283 1677,3280 1750,3276 1824,3272 1897,3269 1971,3266 2044,3262 2118,3259 2191,3254 2265,3250 2338,3246 2412,3242 2485,3238 2559,3234"/>
                <TextEquiv>
                    <Unicode>weil man erst siebzehn Jahre alt ist. Nein, die andere, die</Unicode>
                </TextEquiv>
            </TextLine>
            <TextLine id="r1l43" custom="readingOrder {index:42;}">
                <Coords points="1078,3357 2534,3307 2571,3257 1076,3316"/>
                <Baseline points="1087,3355 1160,3354 1234,3350 1308,3348 1382,3345 1456,3341 1529,3337 1603,3333 1677,3329 1751,3325 1825,3321 1898,3317 1972,3313 2046,3308 2120,3305 2194,3301 2267,3297 2341,3294 2415,3291 2489,3288 2563,3286"/>
                <TextEquiv>
                    <Unicode>nicht genug gewürdigte, die erste vernünftige Liebe, die zu</Unicode>
                </TextEquiv>
            </TextLine>
            <TextLine id="r1l44" custom="readingOrder {index:43;}">
                <Coords points="1080,3424 2577,3332 2381,3293 1078,3373"/>
                <Baseline points="1089,3405 1162,3402 1236,3399 1310,3397 1384,3394 1458,3390 1532,3387 1606,3384 1680,3380 1754,3377 1828,3373 1901,3370 1975,3366 2049,3362 2123,3358 2197,3354 2271,3351 2345,3347 2419,3343 2493,3339 2567,3335"/>
                <TextEquiv>
                    <Unicode>irgend einem kleinen Mäderl aus der Vorstadt, die bei Tag im</Unicode>
                </TextEquiv>
            </TextLine>
            <TextLine id="r1l45" custom="readingOrder {index:44;}">
                <Coords points="1088,3472 2585,3391 2527,3342 1085,3428"/>
                <Baseline points="1097,3461 1170,3459 1244,3456 1318,3453 1392,3449 1466,3446 1540,3442 1614,3438 1688,3434 1762,3430 1836,3425 1909,3421 1983,3417 2057,3412 2131,3408 2205,3404 2279,3400 2353,3396 2427,3392 2501,3389 2575,3386"/>
                <TextEquiv>
                    <Unicode>Geschäft ist, die man abends an der Straßenecke erwartet, und</Unicode>
                </TextEquiv>
            </TextLine>
            <TextEquiv>
                <Unicode>box 36/6

Pamphlets, Offprin#e
193
Early Works of Arthur Schnitzler
moon, but only for one night. Thereupon she slaps him in the
face and departs. The dialog concludes:
*ER: (bleibt wie gelähmt stehen) Dul . .. (will ihr nach, dann)
... (wütend) über¬
ah nein—(mißlaunig) überspannte Person
spannte Person... Da gibt man einer einen . .. guten Rat,
und da wird sie noch grob. Das ist dann die Liebe!
Der Himmel schütze einen vor verliebten Weibern.—Uber¬
spannte Person!—Und folgen wird sie mir ja doch!.
In the early works of Schnitzler it is usually the problems
and tribulations of the lover we find depicted. Here the tables
are turned and it is refreshing to find the author’s ironic shafts
directed for once against the male, exposing his naive self¬
conceit and his brutal selfishness. Simplicissimus, in which
this one-act play had appeared, was promptly barred from the
mails in Austria-Hungary.
We now reach the year 1805 and shall conclude our survey
of these early works with the discussion of an interesting
experiment in the epistolary novelette,“ Die kleine Komödie.
This comprises about twenty large pages and was published in
the Neue Deutsche Rundschau. Without introduction or com¬
ment on the part of the author, the entire story is contained in
alternate letters written by Alfred von Wilmers to a friend in
Naples, and by Josefine Weninger to her friend in Paris. Alfred
does not differ materially from Anatol. He is a well-to-do,
pampered and blasé man of the world. Tired of his fashionable
mistresses, he longs for a change, for the unsophisticated
sincerity of the“'süßes Mädel.“ After an evening of shallow
amusements with his friends and their mistresses he writes:
Die Weiber und die Männer sind mir gleich zuwider. Die
Parfüms und die Seidenstrümpfe sind doch nicht alles, wenn
sie alles sind!—Ich ging den Stadtpark entlang, der erste
Dämmerschein des Tages lag schon drüber. Da sind nun
die Erinnerungen gekommen.—An das, was ich Jugendliebe
nenne. Ich meine nicht die platonische, wo man Fenster¬
promenaden macht, und sie einem dann weggeheiratet wird,
weil man erst siebzehn Jahre alt ist. Nein, die andere, die
nicht genug gewürdigte, die erste vernünftige Liebe, die zu
irgend einem kleinen Mäderl aus der Vorstadt, die bei Tag im
Geschäft ist, die man abends an der Straßenecke erwartet, und</Unicode>
            </TextEquiv>
        </TextRegion>
        <TextRegion orientation="0.0" id="r2" custom="readingOrder {index:1;}">
            <Coords points="3040,4106 3040,4260 3124,4260 3124,4106"/>
            <TextLine id="r2l1" custom="readingOrder {index:0;}">
                <Coords points="3030,4215 3134,4212 3130,4151 3121,4151 3118,4155 3108,4150 3093,4151 3090,4155 3079,4153 3070,4163 3046,4157 3039,4165 3027,4164"/>
                <Baseline points="3040,4210 3068,4208 3096,4206 3124,4206"/>
                <TextEquiv>
                    <Unicode></Unicode>
                </TextEquiv>
            </TextLine>
            <TextEquiv>
                <Unicode></Unicode>
            </TextEquiv>
        </TextRegion>
    </Page>
</PcGts>
