3296 4320
2017 175 2339 257 —
1441 229 1914 328 box 36/6
160 238 1288 363 Panphlets, offorints
1200 1041 1737 1119 The Germanic Revien
718 1037 851 1140 166
718 1143 2215 1215 tragedy pandemonium suddenly sets in. Members of the
713 1216 2213 1276 audience and even characters from other plays join in the
721 1269 2222 1339 action, and the legitimate marionettes of the cast invent their
720 1333 2211 1394 own lines, even poking fun at their author, so that the latter
705 1388 1447 1472 in his consternation exclaims:
940 1464 1913 1550 Das Spiel ist aus! Was für ein toller Spuk!
953 1515 2047 1600 Wer schützt mich vor den eigenen Scheingestalten?
951 1592 1639 1656 Hinweg mit euch! es ist genug!
955 1618 2010 1703 Wagt nicht, selbständig hier im Raum zu walten!
952 1692 1903 1752 Und wenn ich so viel Seel' euch eingeblasen,
941 1752 1789 1815 Daß ihr nun euer eignes Dasein führt,
949 1807 1982 1871 Ist dies höchst frech und unvernünft’ge Rasen
946 1856 2020 1954 Der Dank, der meiner Schönferkraft gebührt?“ 20
803 1933 2223 2020 There is also connected with this theme of the artist at the
720 2015 2230 2083 mercy of his own creations the motif of the borderline between
730 2078 2212 2139 appearance and reality, dreaming and waking, which later
732 2123 2216 2194 becomes prominent in a number of Schnitzler’s works, notably
719 2183 2225 2244 in Paracelsus and Der grüne Kakadu, and of more recent works,
720 2248 1149 2320 in Traumnovelle.
807 2311 2224 2390 In all the works so far considered woman plays no part
729 2360 2220 2423 whatever. Only in Mein Freund Ypsilon'' is a woman
732 2434 2234 2497 introduced, but here she serves merely as a foil to show Vpsilon’s
727 2496 2225 2555 lack of interest in her as compared with the lovely Türkisa
734 2543 2229 2601 of his fancy. It would no doubt be a mistake to conclude
732 2599 2225 2671 from this that the relations between man and woman did not
737 2665 2228 2731 interest our author at this time. But in view of the fact that
737 2721 2224 2797 he has often been charged with an excessive or even exclusive
733 2785 2221 2852 absorption in erotic subjects, it is worth noting that in these
730 2844 2232 2932 early works of his nothing of the kind is evident. In the
736 2914 2233 2993 remaining works to be discussed this subject, to be sure, takes
727 2969 1424 3036 on considerable importance.
813 3022 2219 3093 The first of these, named Amerika,)' is a harmless little
735 3098 2214 3157 feuilleton, not at all inappropriate for a family journal. The
732 3147 2233 3229 narrator has just landed in the New World, but this merely
730 3219 1802 3294 evokes reminiscences of a former sweetheart:
740 3275 2225 3339 Wir haben aufgehört zu plaudern; der Abend schreitet weiter,
733 3339 2233 3411 und stille ist’s im Gemach. Draußen beginnt es zu regnen,
820 3393 1450 3479 20 Ges. W., Theaterstücke, III, 2651.
2592 1223 2708 1305 wir
2596 1338 2671 1396 Ich
2591 1392 2645 1453 h
3115 1876 3304 1943 steame
2809 1883 2867 1947 rti
2604 1880 2800 1961 an adve
2597 1923 3255 2021 of Columbus in a play, they
2679 1986 3303 2068 As pointed out by both Re
2596 2049 3290 2137 rence in Schnitzler’s works o
2597 2102 3303 2195 fact a striking resemblance b
2623 2164 3303 2251 Amerika“ and the roon of
2618 2226 3283 2311 describes to Gabriele in“ We
2605 2283 3303 2374 the rcom is pictured as foll
2610 2351 3299 2432 mit dem grünen Schirm, der
2606 2407 3304 2479 Kupferstiche hängen an der
2606 2462 3303 2549 im Schatten. Anatol gives
2614 2524 3274 2609 of his sweetheart’s room:
2612 2586 3304 2672 mit gemalten Wänden—un
2613 2645 3294 2730 paar alte, schlechte Kupfer
2612 2693 3292 2792 hängen da und dort.—Eine
2615 2763 3304 2854 And Anna might very well b
2632 2820 3263 2908 as characterized by Anatol
2627 2864 3303 2974 sie ist nicht besonders ele
2618 2940 3292 3035 geistreich .. aber sie hat
2637 3005 3290 3095 abends .. und die Grazie
2628 3060 3303 3150 und den Geist eines Mädche
2711 3121 3303 3209 What really makes this
2642 3183 3293 3276 phases of Schnitzler’s later
2632 3248 3294 3342 which he at once creates an
2637 3302 3292 3396 us. There is a touch ofn
2725 3366 3290 3450 21 Reik, Arthur Schnitzler vor
2724 3426 3287 3515 n Ges. W., Theaterstäcke, I, 34-
2719 3479 2971 3547 2 lbid., 331.
