3296 4320
1884 88 2296 163 —
1391 149 1840 262 box 36/6
167 163 1243 260 Panphletsofforints
2079 931 2224 1026 183
1074 922 1864 1026 Early Works of Arthur Schnitzler
741 1040 2229 1113 That this is a subject that has repeatedly engaged our author’s
744 1106 2225 1171 attention is evidenced by the fact that an entire section, entitled
733 1169 2228 1244 Wunder und Gesetze,'' is devoted to it in the collection. One
726 1199 2230 1302 of these paragraphs? reads like a careful elaboration of this
733 1291 918 1358 verse:
69 1341 417 1426 ourage frankly
742 1354 2219 1443 Die nach dem Sprachgebrauch als Wunder bezeichneten
72 1411 420 1493 ecomes guilty
734 1426 1802 1491 Erscheinungen sind dadurch charakterisiert:
825 1482 2213 1544 3. Dadurch, daß sig, soweit ihre Realität manchen Beob¬
730 1529 2211 1592 achtern erwiesen scheint, doch nur als die Resultate gewisser
738 1577 2233 1627 sich zwar sparsamer auswirkenden, aber an sich doch keineswegs
732 1642 2224 1692 geheimnisvolleren Gesetze aufgefaßt werden könnten als die¬
733 1681 2153 1761 jenigen Naturgesetze, die uns bisher offenbar geworden sind.“
806 1756 2220 1824 Most of these verses are probably intended merely as clever
738 1826 2217 1899 apergus, but they reveal keenness of mind and a wide range of
735 1886 2221 1952 thought. Among other things the author speculates on evoiu¬
111 1918 207 2019 Lien,
737 1947 904 2031 tion:
935 1985 1548 2073 Es wird in einer fernen Zeit
934 2052 1807 2119 Ein neuer Darwin neue Lehren schaffen.
934 2104 2017 2166 Ach! Dann sind wir, der Schöpfung Krone heut',
927 2156 1414 2241 Der Nachwelt Affen.“
816 2246 2232 2302 Felicitously phrased are alsc the lessons to be derived from
753 2308 1223 2387 the world'’s history:
917 2387 1751 2480 Als aller Weltgeschichte Grundmoral
931 2473 1749 2532 Hab’ ich den einen Satz entnommen:
933 2521 1762 2587 Wenn der Herr Vater sich berauscht,
942 2563 2048 2633 Hat der Herr Sohn den schweren Kopf bekommen.?
807 2651 2208 2729 It is to be observed that most of the works we have so far
747 2732 2227 2803 considered are already contemporary with Anatol, written in
740 2781 2226 2849 1880-1800, and with Das Märchen, written in 1801. Before
738 2848 2219 2917 proceeding wich our examination of the few remaining novelettes
746 2920 2225 2980 and one-act plays, which Schnitzler composed before 1895, we
736 2979 2224 3042 may pause for a moment to note an interesting point in con¬
733 3036 2223 3100 nection with the stage-history of Schnitzler’s plays. We have
746 3088 2221 3148 cited above the earliest performances of the published Anatol
733 3159 2225 3221 scenes. The very first production, however, of any of his works
755 3201 2241 3298 was that of an unpublished one-act comedy, entitled Das
835 3282 1159 3359 No. 4, p. 129f.
