3344 4352
170 268 748 363 2. Cuttings
854 259 1316 348 box 37/1
1235 1171 1798 1246 10 0
1418 1343 1891 1414 MERCVRE DE FRANCE
1138 1364 1233 1419 372
1132 1440 2164 1511 étre mis au clair qu'apres la publication de tous les docu¬
1140 1492 2169 1537 ments concernant les relations de Bakounine avec le socia¬
1139 1523 2177 1564 lisme de l’Europe occidentale. Déjá maintenant, nous trouvons
1142 1560 2178 1601 dans ses lettres et dans ses proclamations des idées sur Za
1145 1599 2179 1640 Pandestruction des formes sociales, sur la signification du poi¬
1131 1637 2186 1674 gnard et du poison dans les révolutions, ainsi que des con¬
1140 1660 2173 1701 seilsdonnésaux communards en vue d’unedestruction de Paris,
1138 1697 2176 1741 et mème des traces de plan touchant les moyens de révolu¬
1135 1728 2181 1778 tion par le simple vol.. Néanmoins, ce différe grandement de
1138 1772 2026 1809 Tanarchisme qui lance des bombes dans les cafes. .
1174 1786 2173 1840 Nous reviendrons plus fard sur ce tres intéressant volume
1145 1835 2171 1885 de correspondance. Malheureusement, les lourdes et inintelli¬
1135 1867 2169 1910 gentes annotations de M. Dragomanow en ont rendu la lec¬
1140 1907 1474 1958 ture assez ardue.
1172 1922 2173 1980 La nouvelle revue de Munich: Der Glaspalast (7e Palars
1140 1981 2175 2023 de Glace), publie dans son second numérode tres intéressantes
1145 2015 2170 2059 études sur l’évolution de la peinture allemande, une critique
1136 2051 2174 2100 des prochaines cuvres de M. Léopold Andrian, le nouvean
1134 2083 2166 2122 génie découvert per M. Hermann Bahr, des poèmes de
1140 2122 2170 2167 MM. Einhorn et Traugott Tüftler. Relevons surtout lapetite dé¬
1138 2149 2181 2196 couverte que se paye Mme Elisabetb Lindenlaub d’un jeune
1138 2184 2177 2224 poête qui semble faire partie du groupe des Blaekter #ür die
1132 2227 1914 2263 Kunst, M. Jules Dieu, dont elle cite ces vers:
1258 2249 2001 2305 #####aede, zur quelque flüte cambree et svelte,
1248 2283 1800 2325 Exerce stimulée en étolle silante
1252 2327 2016 2368 Et freie d'un scrupule, la candeur iremblante
1267 2355 2042 2395 Quil chuchote an Seigneur, sdirituel et preste.
1250 2392 2022 2449 Laede sur quelque flüte cambrée et svelte. „
1592 2428 1726 2476 etc
1166 2456 2162 2514 La Semaine Littéraire de Genéve commence dans son
1124 2500 2170 2545 numéro du zy avril une traduction de Mourir de M. Arthur
1130 2540 2170 2587 Schnitzler, par M. Gaspard Vallette. M. Schnitzler me de¬
1139 2571 2170 2615 manda de le présenter par quelques lignes de préface à la
1135 2607 2179 2640 clientéle de l’estimable journal. Je dus renoncer à cet honneur,
1136 2639 2178 2691 à la suite d’une lettre du directeur de la Semaine Zilferaire;
1136 2674 2178 2724 j’en extrais cette phrase: e Il me semble nécessaire enoutre,
1139 2708 2164 2745 si vous donnez le thema (stc) de n Sterben n, de faire ce que
1136 2737 2170 2788 fit (stc) le mois dernier l’écrivain (stc) qui présentait cet ou¬
1145 2775 2177 2823 vrage aux Debats (stc) en présentant l’héroine comme la
1141 2816 2172 2857 jeune femme de Félix, tandis qu'elle semble (sic) étre sa mai¬
1147 2843 2172 2890 tresse n — Ceci sans commentaires, et en priant mes lecteurs
1132 2889 2172 2935 d’excuser que je relate ces faits personnels. — Hnnnr Annsar.
1169 2934 2177 2990 Je suis bien aise den’étre plus seul à supporter la colère
1137 2987 2166 3025 des braves Hollandais. Cela devenait angolssant. Eux non
1144 3023 2161 3070 #lus nesont plus seuls à mehouspiller dailleurs. I Ermitage
1134 3050 2172 3096 du mois dernier, entre de n jolis madrigaux y (!) de Suliy
1138 3085 2180 3126 Prudhomme, de A. Silvestre, de Richepin, et un sourire jau¬
1137 3120 2186 3163 nasse au Mercure à propos de 1'Enquéte — Allemane et lean
1136 3147 2176 3197 Grave nesontque des esots n — consacre deux pages à la litté¬
1138 3189 2168 3231 rature hollandaise. Ces pages anonymes, évidemment obtenues
1133 3218 2173 3276 par l’intermédiaire de Willy,appellent toutes les malédictions
