3436 4352
1283 170 1798 274 box 35/11
236 172 1149 295 14. Littie Novels
2671 524 3400 650 Kansas City Journa
473 563 617 681 14
492 668 3398 866 Comment and Reviewsfrom the Book Won
2807 888 3400 955 apart from the rest of the voll
1537 905 1744 985 POET.
2017 914 2556 1004 Sophisticated.
2806 930 3394 996 an Italian peasant boy, a
434 931 1027 1012 Kansas Cityan's
2799 970 3406 1031 blinded his brother Geronime
2020 973 2528 1071 Romantics by.
447 990 968 1077 Splendid Book
2820 1010 3412 1074 airgun when both were small
2823 1057 3397 1104 afterward devoted his life t
2031 1045 2423 1124 Schnitzier
455 1059 1018 1142 on Story Telling
2814 1081 3406 1151 fortunate. When their father
2081 1085 2820 1160 LITTLE NOVELS.Ba -Arther
501 1102 1261 1169 ·THE STORY TELLER AND HIS
2816 1134 3408 1178 failed and the two were cast
2033 1128 2826 1202 Schnitzler (Simon and Schust 82.50.
2814 1162 3406 1215 the world, Carlo was eyes am
459 1156 1270 1235 PACK.“ By Prof. Clifford H. Nowlin
2293 1183 2580 1245 Reviewed br
2826 1201 3407 1252 Geronimo as they journeyed ##
474 1204 716 1270 (Bradley).
2189 1223 2663 1305 BABETTE DEUTSCH.
2819 1227 3403 1306 to village with their guitar, in
493 1244 1265 1319 DOR those parents and educaotrs who
2821 1269 3356 1330 bed and bread and wine.
2115 1277 2815 1356 IOST of the ten stories that make un
458 1289 1266 1344 T know through experience the magie
2924 1298 3408 1371 passing tourist’s ill na
2849 1315 2940 1366 A
2040 1304 2819 1376 Witbis littie book very cieariy tdate.“
462 1323 1267 1390 of story telling and who have wished
1702 1323 1905 1414 32
2818 1345 3399 1410 rouses in Geronimo the skulh
2034 1357 2827 1415 It is not only because of the style of the
459 1362 1267 1436 longfor a means of enriching their Story
2819 1390 3408 1444 cion that Carlo has been ch#
2036 1404 2829 1455 ladies' coiffures, nor yet the fact that
472 1402 1265 1469 telling abllitg as well as their material,
2832 1427 3399 1477 of the coin bestowed on both,
2041 1441 2820 1491 they drive to the ball in carrlages rather
469 1445 1083 1502 the perfect book has appeared.
2830 1460 3404 1517 utter despair Carlo does actuc
2047 1483 2826 1538 than motors. Nor is it owing to the lead¬
506 1463 1259 1547 The Story-Teller and His P’ack.“ pr
2832 1492 3409 1550 twenty-franc piece and prete
2043 1515 2825 1568 ing themes: the frailty of women, the
477 1514 1267 1576 Elifford H. Nowlin, principal of East
2820 1537 3402 1587 brother that he had withhel
2043 1551 2829 1606 beadlong passion of men¬themes which
468 1552 1265 1621 high school, is a treasure mine #ch in
2823 1567 3404 1633 in order to keep Geronimo fro
2049 1597 2828 1650 were a commonplace when Cleopatra
461 1595 1255 1646 precions material. Its theme is the story,
2826 1609 3407 1672 it away. The two are soon a
2045 1633 2820 1680 flourished and a familiar jest to Poti¬
471 1635 1261 1675 its origin, its psychology, its power of en¬
2825 1644 3403 1709 and on the way to the sta
2046 1664 2839 1724 phar’s servants. These tales date be¬
472 1673 1269 1723 #terteinment, its myriad possibilities in the
2832 1689 3402 1740 Carlo's misery reached its ac
2046 1694 2828 1762 cause of the viewpoint that is implieit
475 1708 1265 1774 ballding of character and ideals in chil¬
2824 1726 3399 1772 Geronimo, he imagines, is no
2048 1739 2830 1801 in them and that seems somehow as re¬
465 1745 1262 1797 dren. The book covers storg telling from
2823 1768 3404 1825 him a common thief, though
2052 1770 2837 1836 mote as the waltzes of Strauss, the warm¬
470 1776 1270 1833 early childhood, up through high school
2834 1785 3398 1861 rifling the pockets of strangen
2052 1812 2834 1881 skinned luscions models of Stuck, the
467 1825 1271 1873 and college, even to the time of the pub¬
2827 1832 3398 1898 Ig as nastg as the thought
2047 1846 2753 1919 fabnlons gayety of pre-war Vienna.
479 1857 1261 1908 lic speaker and his use of aneedoles,
1296 1867 2046 1925 George 0’Neil, whose new book of
2831 1866 3394 1929 has robbed his blind brother.
2085 1887 2832 1945 To describe the viewpoint in two words
474 1892 1271 1951 Truly', it is an elastie hardbook of story
1274 1906 2052 1975 verse," God Beguiled,“ has been published
2828 1913 3399 1969 impossible to explain the th
2052 1925 2827 1988 would be to call it sophisticated roman¬
478 1933 1268 1983 telling, designed to help the average per¬
1268 1946 1850 2020 recentlg by Horace Liveright.
2832 1937 3410 2015 magistrate: its actual moti#
2054 1965 2840 2016 ticism. Sex is the guiding force in ihe
481 1974 1256 2030 son to become proficient in storg telling
2835 1990 3399 2041 plausible. Just when Carlo's
2052 1995 2834 2063 lives of the qutte trivial people with
515 2000 1268 2059 The fact that Mr. Nowlin is a Kansas
2838 2030 3405 2084 ness seems as impenetrably b
2053 2039 2832 2090 whom the story-teller concerns himself,
480 2042 1273 2103 City man and a prineipal of one of ouf
1257 2028 2054 2109 of tale telling from the ancient fables,
2829 2063 3407 2122 darkness in which Geronimo
2054 2073 2832 2136 but though they commit murder and
485 2077 1268 2136 high schools, makes his book a bright
1270 2088 2045 2138 Through the maze of modern fables, par¬
2833 2098 3400 2152 blind man drops the guitar, s
2042 2115 2842 2173 shoot themselves because one woman is
474 2114 1270 2182 feather indeed in Kansas Citg’s #iterary
1268 2125 2050 2176 ables, allegories, myths, fairy, tales,
2836 2131 3396 2199 his arms and kisses Carlo on
2052 2150 2837 2204 more faseinating or one man more at¬
479 2158 616 2221 cap.
1272 2154 2057 2221 household tales, epie stories, biograph¬
2840 2160 3414 2230 That roment sets back th#
2054 2186 2844 2251 tractive than another, the thing that
528 2174 1267 2248 First hand experience has guided Mr.
1275 2191 2053 2260 ### tales, animal lor and short stories
2829 2212 3404 2280 poor Carlo; the world becon
2045 2224 2842 2290 drives them lacks the terrible signifi¬
475 2220 1272 2287 Nowlin inthe preparatior of his ex¬
1270 2239 1693 2296 ###the modern day.
2836 2254 3400 2303 in which, jail or no jail, blin
2048 2262 2845 2331 cance that it has for a writer like D. H.
477 2266 1277 2334 tremely worthwhile book. His personal
1308 2253 2062 2330 In all or these phazes of tale telling.
2834 2284 3408 2350 no such thing, one can live
2054 2304 2844 2359 Lawrence, and one feels thaf all these
485 2305 1278 2366 practice in classroom story telling has
1271 2310 2049 2356 the author traces the origin of each, its
2837 2321 3411 2384 and contentment. His bro#
2056 2331 2846 2389 bullets and all this blood are like the
482 2342 1272 2410 #been extensive and he has also done
1280 2346 2059 2404 various classification and characteristics.
2837 2352 3404 2420 stored to him, his lifelong s#
2058 2376 2844 2426 cigarettes that used to be manufactured
481 2380 1271 2438 great deal of work as entertainer in storz
1272 2388 2051 2447 as well as when, rhy and where such
2837 2390 3386 2455 ompensed, his peace made
2058 2418 2836 2465 for ladies—disguised by a faint flavor of
477 2420 1267 2463 programs befor audiences of vonns
1279 2422 1681 2488 stories are suitable.
2833 2426 3396 2494 spite of the fact that Geronin
2049 2455 2828 2520 violets. There is nothing here of ele¬
488 2455 1270 2509 mothers, teachers, newsboys, high school
1318 2454 2064 2511 Speaking of fairy tales, he says, "In
2830 2463 3393 2538 processes are not made as
2051 2491 2679 2563 mental fury, of animal urgency.
483 2489 1276 2546 pupils, soldiers and prisoners. He is, in
1275 2499 2053 2545 the geography of childhood there is no
2840 2506 3396 2559 desirable, the tale is a lovely
476 2529 1276 2583 truth, a born story teller and that he
1273 2523 2066 2586 brighter spot than fairy land. This
2834 2551 3394 2609 deeply moving and full of vig
2085 2546 2836 2623 Not that the stories are lacking in the
480 2580 1280 2628 should write the sort of book he has
1281 2580 2060 2625 realm of lightsome elves and fairies, of
2840 2591 3403 2645 derness. It is the one story
2056 2597 2842 2665 sardonic quality which one has come 1o
477 2600 1073 2676 seems a natural consequence
1275 2613 2054 2662 horrible goblins and trolls, was discov¬
2843 2617 3403 2684 that deals with common fo#
2064 2643 2835 2694 associate with Schnitzler; but his is a
1273 2641 2066 2699 ered during the early life of the race.
2842 2646 3381 2725 riously enough, the author
522 2664 1280 2730 Mr. Nowlin'’s first introduction tothe
2063 2669 2842 2735 smiling cynicism, an irong strangely
1276 2682 2069 2743 Instead of it being the most frivilous of
2839 2693 3399 2754 more credible and certainly
2057 2711 2839 2777 blunted ! urbanity. No final ugliness
493 2722 1282 2773 magic of story telling was at bis mother's
1277 2716 2070 2784 fancies, tlie fairy tale is one of the most
2833 2736 3400 2799 touching figures than any of
2053 2755 2846 2817 quite cancels the glamour that be cannot
492 2758 1271 2812 knee—the natural field for the earlg de¬
1275 2751 2065 2816 earnest products of the mind of man;
2849 2770 3412 2832 riduen barons, sculptors and
2064 2792 2846 2848 refrain from casting uponthe most
493 2801 1279 2848 velopment of a love of storg telling, he
1277 2803 2060 2862 the love of the fairg storg is onc of 1b:
2843 2802 3403 2872 Howeuer seductive the wor
2059 2829 2855 2892 fragile relation between a pwir of casual
490 2830 1272 2884 says—and much of the material he ab¬
1276 2830 2048 2888 most significant of the child’s interest.“
2843 2852 3396 2900 those gentlemen so grace
2052 2861 2845 2922 lovers, like a mundane halo. One has
493 2875 1282 2918 sorbed there he has used as a background
1271 2864 2061 2927 1t is exactlg in such a clear understand¬
2845 2892 3398 2936 however rough and dismal #
2062 2903 2855 2950 but to contrast these #little novels“ with
488 2904 1274 2972 in his school work and to entertain bis
1282 2909 2064 2977 ing of children, that the value of this
2851 2920 3404 2976 blind Geronimo, one is gru##
2068 2940 2847 2989 those Stripped tales in 7hich Heming¬
479 2946 1269 2998 four dauchters. Thig seconnte in furge
1278 2948 1974 3010 auchof’s work is revealed.—L, #I. C7.
2838 2956 3408 3027 glimpse into that more hone
2075 2974 2853 3033 wr, for example, exhibits the Teebleness
496 2983 1285 3048 mensure forthe fluent, lueid method fol¬
2057 3011 2851 3070 and folly of his intimates, to recognize
488 3021 1281 3078 lowed in his book and his evident under¬
2070 3042 2852 3098 the gulf that lies between the world of
500 3057 1275 3119 standing of children, their likes and dis¬
2990 3044 3406 3118 Heading the I
1279 3052 1746 3135 Machinations
2062 3083 2855 3149 Selmitzler’s sophisticated romarties and
490 3085 663 3151 likes.
3134 3102 3349 3153 FICTION.
2057 3128 2855 3183 the post-war world of Hemingway’s hard¬
521 3131 1282 3186 Mr. Nowlin brings out in countless dif¬
2887 3114 3389 3180 FALL. QUIFT ON THE WEST
1283 3115 1707 3199 Designed to
2056 3157 2849 3205 boiled wenklings. Both writers are deal¬
2839 3158 3395 3237 by Erich Maria Remarque (Littig
489 3157 1271 3225 ferent ways the good effect of storg
2064 3193 2846 3247 ing with people who are eruel because
1268 3182 1724 3263 Prolong Life
2887 3200 3403 3264 ·DODSWORTH, by Sinclair Le
495 3206 1274 3257 telling and its power to swar the emo¬
2070 3235 2838 3283 theg are cowards, people who are the
2843 3232 3008 3300 Brace).
487 3239 1276 3304 tions of children. How much more ef¬
1332 3232 2064 3317 ·TIMES SAUARE.“ By Cornell Wool¬
2893 3246 3410 3333 ·SCARLET SISTER MARY,
2060 3268 2842 3317 creatures and the victims of their littie
487 3275 1280 3340 fective, he urges, is the dramatie appen!
1282 3296 1896 3348 rich (Horace Liveright). 82.00.
2848 3309 3225 3359 kin (Bobbs, Merrill).
2069 3305 2845 3370 lusts, people who are relieved from the
504 3320 1275 3376 of a well told story compared to those
2910 3316 3405 3402 THIE BLACK CAMEL,“ by Ear
1524 3333 1822 3396 Reviewed by
2062 3340 2844 3407 pressure of economic necessity to no pur¬
492 3358 1277 3401 time honored makeshifts to good be.
2844 3365 3167 3427 (Bobbs, Merriil).
2068 3383 2854 3443 pose. But whereas Hemingwar’s char¬
1325 3361 2015 3441 MARGARET CHENEY DAWSON.
497 3392 1294 3460 havior, viz., scolding, threatening and
2890 3386 3396 3465 ·VISTTORS TO HUGO,“ by All
2067 3421 2846 3485 acters are sick with the knowledge of
2840 3430 3242 3489 man (Minton, Balen)
488 3430 743 3497 punishing.
1289 3422 2050 3491 •PPHE author of“Children of the Ritz,“
2072 3462 2851 3516 their own frustrated existence and his
2894 3448 3386 3527 ·DARK HESTER,“ by Anne
541 3452 1288 3528 A story is a sort of magie wand, atthe
1308 3480 2072 3550 1 now being shown in New York movie
2067 3500 2846 3552 tales vivid with disgust, Schnitzler’s char¬
2841 3496 3311 3561 wick (Houghton, Mifflin).
495 3504 1280 3558 command of mother or teacher who #.
1272 3513 2076 3576 bills, has written another einemasque
3101 3514 3370 3579 NOKFICTION.
2071 3539 2850 3594 acters live in an atmosphere perversely
504 3544 1282 3597 its use, brings relief swiftlg and surelz
1422 3556 2064 3607 It concerns the endless tawdry
1287 3561 1435 3615 StOrF.
2886 3555 3395 3634 VHENRY TIIE EIGHTH,“ by E
2076 3566 2794 3631 enticing as the taint in gamy ment.
494 3580 1290 3627 #to tired, fretful children. With the tell¬
1271 3594 2072 3647 machinations be which Cliff Reill, and
2854 3594 3202 3668 (Horace Liveright).
2101 3592 2851 3676 Butif there is something old-fashioned,
494 3621 1283 3676 ing of an absorbing story a mether’s lan
2878 3618 3384 3686 uTHE ART OF THINKING,“ b
1282 3629 2071 3683 Perrg Londres prolonged life and songht
2068 3651 2846 3699 and so slightly unreal, about most of
505 3655 1283 3707 becomes a sort of wishing rarpet that
2844 3664 3300 3722 net (Simon & Schuster).
1277 3681 2063 3725 to escape the boredom thereof. Primarily,
2072 3684 2837 3737 there stories, all of them are skillfullz
513 3693 1284 3749 wafts Mary and Johung für, für away
2890 3682 3393 3766 UA PREFACE TO MORALS,“ b
1286 3711 2072 3768 of course, they are busy secking the
2071 3726 2847 3781 written and are as casy to read as Vien¬
2844 3731 3175 3797 man (Macmillan).
497 3725 1275 3779 over land and sea, to the world of ro¬
1273 3750 2066 3815 necessarg funds, and the greasg nitle rag
2073 3763 2845 3824 nese coffee is to drink. Several touch
2890 3754 3403 3834 SALT WATER TAFFY,“ by Co
498 3771 1287 3821 mance and make believe, And whet
1286 3779 2065 3843 st romanee ehich covered their mecling
2077 3794 2845 3851 upon the supernatural, and handle this
2847 3800 2987 3865 nam)
495 3807 1281 3864 mother or teacher who has tried telling
1282 3811 2079 3883 und the first months of their Hife together
2888 3813 3401 3885 +THE MANSIONS or PHLLosc
2064 3839 2847 3885 unlikelg motif in a felicitous and thrilling
504 3841 1283 3909 a good story well, has not hnd eracllg
1281 3857 2067 3918 is soon worn to nothing in the endless
2842 3864 3359 3929 Durant (Simon & Schuster).
2074 3878 2849 3936 fashion. Schnitzler does masterly work
497 3880 859 3945 this experience.
2891 3892 3405 3953 CTHE CRADLE OF THE DEE
1279 3891 2072 3948 pursuit. Terrg, being cieverer than Cliff,
2070 3907 2852 3967 when he treads the borderline beiween
2833 3918 3340 4002 Lowell (Simon & Schuster).
1280 3921 2066 3989 strikes ouf for herself aftera While bul is
2069 3938 2855 4007 truth and fantasy: the render 18 no less
535 3935 1277 4007 Of immense help to storg tellers in
1284 3961 2077 4034 subiiect to sentimental relapses, during one
2075 3981 2850 4044 echilarated than confused br beinz mede
508 3973 1283 4041 achleving the true magie will be Mr.
1283 4012 2072 4077 of which her new Pfriend“ fires her bag¬
2071 4014 2857 4084 to breathe alternate gusts of nir from
507 4026 833 4086 Nowlin's book.
2969 4014 3400 4100 What Missouri
1279 4051 2061 4102 gaße into the street. Then ensues a com¬
538 4048 1291 4123 He traces the origin of the story, Trom
1284 4067 2494 4140 pliested surgession of intrigues, schemes, Ivo ullen untverses.
2996 4074 3406 4150 Kansas Authd
517 4095 1288 4142 Ds vurliest dngs so pranest tine und
