3436 4352
-4 3233 255 3318 MOl C
1458 213 1967 311 box 35/11
439 196 1304 311 14. Littie Novels
1048 540 2834 600 THE NEW TORKESUN, MONDÄY, SEPTEMBER 9, 1929.
2002 599 2073 647 —in.
1656 595 1819 666 Aan.
3277 640 3385 728 1
1407 653 1877 740 Osborn to Marry
425 641 1142 797 IWAUKEES
2135 642 3160 797 The Books of the Day
1338 715 1963 799 Marie Montgomery
416 768 565 822 cam¬
1273 799 1949 853 At a dinner party ion Saturday
447 809 564 863 also
1255 821 1944 894 evening in celebration of their silver
422 832 559 899 al at¬
1968 843 3347 907 *Little Novels,' by Arthur Schnitzler—A
621 842 1248 931 DIedERS NOTED
1246 865 1941 923 wedding anniversary, Mr. and Mrs.
439 888 569 942 pub¬
1243 904 1945 963 John F. Montgomery of 1067 Fifth
445 924 573 974 con¬
2233 922 3016 1009 Modern Master of lrony.
1244 943 1956 1005 avenue and the Cascades, Manches¬
454 960 568 1009 the
1254 982 1956 1038 ter, Vt., announced the engagement.
423 996 550 1057 e ap¬
556 959 1254 1090 Excavating Machinery Made
1252 1031 1954 1070 of their daughter, Miss Marie Louise
1970 1024 3336 1107 Amazing at what a rate we are appropriating literary
1248 1068 1948 1109 Montgomery, to James Marshall Os¬
1234 1092 1942 1155 born, son of Mr. and Mrs. Clara
1958 1089 3331 1163 Europe. Fifteen years ago Arthur Schnitzler was among
592 1070 1218 1164 There Takes First Rank.
421 1110 555 1159 mem¬
1241 1142 1940 1185 Marshall Osborn of Shorewood, Mil¬
422 1143 566 1206 ellogg
1946 1142 3340 1224 tle “iwry, apes and peacocks'’ whose exotic qualities were
1255 1181 1947 1231 waukee. Miss Montgomery was in¬
441 1182 563 1234 New
1255 1213 1939 1260 troduced to society in New York in
1946 1197 3343 1279 reporteu, not without some flourish of showmanship, by
446 1225 561 1276 with
563 1210 1251 1302 70 CURB OLD MISSISSTPPI
1251 1254 1938 1306 the season of 1925 and attended Mise
449 1265 562 1314 1 bar
1947 1258 3326 1330 literary explorers like Huneker. Nobody thought then of
1243 1289 1945 1351 Spencr's School and Wassar College.
1271 1328 1942 1379 Mr. Osbern was graduated from
1951 1329 3330 1392 putting Schnitzler into English. Some of the poets, Haupt¬
437 1303 554 1383 ra
570 1336 1252 1422 World's Largest Dirt Moving Job
1258 1356 1947 1416 Wesleyan University in 1928. He is
411 1370 556 1426 the
1941 1373 3328 1444 mann, Sudermapn, had been translated a little, but a novel or
1245 1395 1942 1458 a member of che Psl Upsilon Club
427 1409 564 1476 Falls.
636 1397 1179 1481 Gets Special Equipment.
1247 1440 1937 1510 and associated with the Guaranty
1948 1439 3334 1502 a prose play could be famous throughout Europe and nothing
1253 1474 1801 1535 Trust Company in this city.
1939 1496 3333 1550 but the rumor of it get through to us. Now several Ameri¬
1274 1502 1945 1567 The guests at the dinner ircluded
581 1497 1250 1574 The world’s largest dirt moving
422 1500 552 1574 mith.
1261 1554 1948 1605 Miss Hazel Osborn, Mr. and Mrs.
555 1557 1239 1622 Job is under way, says the Milwau¬
1944 1549 3341 1615 can publishers almost specialize in the issuance of English
414 1559 555 1618 pthers
559 1586 820 1648 kee Journal.
1254 1593 1943 1643 Clarence Whitehill, Mr. and Mrs.
413 1601 556 1649 ttend
1947 1595 2709 1681 versions of the best foreign work.
1247 1624 1936 1681 Daniel Schnakenberg, H. E. Schnak-
568 1610 1242 1683 Industry has been called to action,
416 1641 548 1692 Nanus.
1253 1668 1947 1707 enberg, Mr. and Mrs. Charles Cor¬
556 1664 1245 1715 with Greater Milwaukee corpora¬
1955 1663 2641 1727 Schnitzle: is rated as a modern,
417 1679 546 1736 Alder¬
1259 1707 1935 1754 liss, Stuart Coxhend, Mr. and Mrs.
560 1705 1244 1750 tions accepting the challenge. There
1944 1706 2626 1755 but his work is recognizable as a
2629 1706 3329 1762 wife who has feund no true mate in
439 1713 555 1763 The
1252 1739 1944 1796 John L. Given. Mr. and Mrs. Rob¬
557 1742 1244 1785 is being shipped and built there a
1947 1742 2624 1809 product of art as art was understood
416 1750 554 1804 ck on
2637 1748 3329 1807 marrlage, and therefore adventures
1261 1777 1943 1829 ert Lee, Robeson White, Mr. and
563 1783 1240 1836 fleet of donosaurlike excavators
1938 1784 2617 1833 in pre-dada ages. A Schnitzler nlay
413 1789 555 1836 f the
2638 1783 3330 1847 more or less unhappily outside of
567 1819 1249 1860 that will gulp up more than seven
1248 1817 1942 1880 Mrs. Stanley Ineson and Mr. and
415 1827 542 1877 y-first
1944 1818 2631 1886 or story always has a headto it and
2633 1827 3332 1884 marrlage, Schnitzler’s Bertha, in
1259 1847 1618 1918 Mrs. Harry Wolf.
558 1854 1242 1899 tons of earth in a bite. Other metal
424 1863 558 1921 lvary
1934 1861 2629 1914 afall. I sedom relesson Dr.
2632 1860 3337 1927 the end, despising herself, can but
548 1893 1250 1939 trades plant. are turning out fabri¬
1934 1902 2636 1955 bolnts a moral, but like all creative.
2634 1909 3328 1951 reflect on what an enormous wrong
557 1928 1248 1975 cation steel that will go into giant
420 1923 561 1991 of Al¬
1936 1930 2623 1995 work it is packed with meaning
2638 1935 3312 1993 has been wrought against the world“
1256 1940 1922 2022 Miss Frances L. Seymour
561 1968 1251 2023 barges for towing tons of earth.
1939 1967 2625 2029 SCHHitzler's is voll may. Say A.lter.
409 1978 556 2027 s had
2627 1957 3335 2036 in zlving woman a desire for
553 2006 1250 2058 Then batteries of concrete mixers,
1946 2003 2638 2072 alüré Of the falling inflection, It ac
414 2019 555 2071 vears;
2628 1993 3341 2070 pleasure equal to man's withobt
1289 2006 1943 2088 And Fiance to Be Guests
563 2045 1247 2086 powerful pumps, dredges, electrical
428 2056 544 2102 Tam¬
1942 2053 2629 2114 geptk raäther grimin The earthiness. 2.
2633 2042 3328 2104 giving her his immunities.“ Profes¬
553 2064 1258 2128 equipment and diesel engines, all
1258 2065 1942 2143 Mr. and Mrs. John D. Beals of 1170
409 2087 547 2144 which
1937 2079 2632 2152 KuMaf nature and the Troniesof.
2630 2079 3332 2144 sor Bernhardi,“ called a comedy,
559 2100 1246 2181 going to make“Ol' Man Rivvuh“
1247 2124 1939 2168 Fifth avenue will give a dinner on
1951 2131 2625 2194 fate. The gay paganism of the South
2633 2122 3327 2173 was a searching and rather bitter
560 2153 746 2197 behave.
1246 2165 1935 2205 Wednesday night at the St. Regis
434 2132 544 2216 ien¬
2636 2166 3323 2214 study of racial antipathies and pro¬
1936 2168 2628 2217 Is strange to I—The.-Lagaries dl.Se*
561 2164 1248 2232 Mississippi River flood control, as
1256 2204 1945 2245 roof garden for Miss Frances Lord
2630 2201 3332 2249 fessional ethige. Therdäre problems
1949 2205 2625 2259 Tascinate Schnitzler hut he. takes no.
556 2224 1251 2288 now planned, is a ten year job—and
415 2245 544 2295 idents
1250 2226 3341 2303 Seymour and their brother, Donald denght in them. His brow is heavv. Iand ideas not Far in thh padkground
559 2264 823 2312 what a jobl.
3124 2271 3340 2333 Perhaps
1246 2277 1956 2336 Marcy Beals, who will be married,
446 2281 559 2327 who
1977 2265 2620 2344 Eps droch.- Aa. ha. Teccunta EIih
2632 2268 3040 2333 of both novelhund
580 2282 1238 2347 More dirt will be moved than was
1254 2317 1933 2379 next Saturday in St. John’s Church,
417 2295 556 2367 ets to
2631 2292 3328 2374 these ten Litti#dmore fairly
1944 2301 2625 2376 ## Prsclsion these episodes o“
562 2330 1246 2381 turned in digging the Panamma
1254 2348 1559 2412 Far Rockaway.
418 2357 544 2403 pf the
1932 2343 3326 2399 mortal ggotiem, fickieness spiritus) represent Schnitzlet thebartist, the
553 2364 1242 2418 Canal. There is nothing quite like
1268 2374 1931 2438 Donald Marcy Beals, who is the
416 2389 543 2443 Amilies
2621 2375 3337 2460 creator. It is spidhthat mhny of the
1948 2388 2607 2460 fumbling and unsatisfied desire al
546 2401 1238 2477 it in history, according to engineers
1252 2430 1928 2477 son of the late Mr. and Mrs. John
2632 2415 3340 2486 critics abroad esteem him Wost as a
407 2427 550 2479 many
1947 2435 2200 2497 Tha flesh.
551 2448 1098 2513 of Milwaukee corporations.
1243 2465 1935 2515 D. Beals of New York, gave his
2623 2470 3088 2533 writer of short starles.
412 2471 546 2519 rought
2642 2487 3331 2553 Short storles these 'novels'' are,
413 2509 557 2566 cata¬
1228 2500 1951 2568 bachelor dinner at the Harvard Club
1961 2489 2627 2552 Althird work of his to be presented
615 2495 1197 2573 Use Milwankee Machinery.
2633 2522 3344 2601 according to bur American definition
1239 2542 1934 2596 on Saturday evening. Those present
1944 2545 2625 2592 in English recently is called“ Little
585 2559 1236 2616 The biggest part of the titanic job
1246 2582 1938 2634 included Mr. Beals’s brother and
2627 2579 3329 2628 —nouvelles rather than contes, to use
1936 2582 2617 2636 Novels“ (Simon & Schuster; 32.50).
540 2597 1242 2659 of moving the levees, building new
1247 2616 1947 2676 best man, John D. Beals, Jr., and
2624 2615 3337 2676 the French terms. Some of them are
1948 2618 2625 2666 The twoothers were“ Professor Bern¬
551 2634 1251 2682 flood walls, erection of spillways
421 2641 542 2704 old, a
1253 2647 1934 2701 his ushers Marius S. Beal of Chi¬
2633 2650 3343 2699 very short, but all are complete.
1949 2658 2626 2713 hardi,“ issued last year by the same
564 2677 1245 2718 and dams is to be accomplished
1253 2691 1932 2740 cago, Alfrei U. Elser of Milwaukee,
406 2688 541 2742 ember
2632 2686 3332 2740 They have been assembled as a rep¬
1942 2694 2626 2753 publisher, and" Bertha Garlan“ (In
551 2709 1246 2759 with Milwaukeg machinerg. for that
1239 2726 1933 2770 Robert B. Coburn of Hartford, Bur¬
410 2734 543 2783 hange.
2631 2725 3329 2784 resentative group for English read¬
1940 2723 2622 2777 the Modern Library']). The theme
562 2752 1238 2802 clty is a national leader for exca¬
1240 2764 1930 2813 ton M. Parks and James 1V. Harris
411 2771 546 2821 sice, at
2628 2766 3328 2821 ers, from various periods of Schnitz¬
1941 2773 2620 2823 of Bertha Garlan“ has been treated
555 2786 1164 2843 vation and concrete machinery.
407 2806 560 2864 ot of
1253 2809 1932 2848 of Boston and Roswell O. Fich. Rich¬
2635 2791 3333 2858 ler’s career. Most of them have to
1946 2809 2623 2860 a hundred times in current fiction:
575 2817 1239 2874 The preseit allocation of work by
1242 2839 1929 2887 ard S. Aldrich, John B. Hempstend,
2639 2840 3342 2894 do with the relations of men and
398 2839 544 2892 Dor this
1952 2847 2618 2900 the weil-meaning but temperamental
564 2861 1241 2905 the Mississippi River Commission
1244 2879 1938 2923 Lawrence W. Snell, Morris Wi Sey¬
409 2876 543 2933 Pollege
2635 2874 3325 2935 women, with love in all its guises but
551 2898 1235 2944 calls for an expenditure of 8325,000.-
1241 2913 1943 2955 mour, Louis A. Sturcke, Renwicke B.
408 2921 551 2969 aves a
2612 2903 3334 2980 chlefly as a visitation or obsession.
561 2935 1248 2986 000 from 1929 to 1933. There will be
1249 2954 1944 3015 Dimond and Richard W. Burgevin of
400 2953 551 3003 om is
2622 2956 3324 3015 Looking them over agaln, the re¬
1949 2943 2543 3028 Miss Dorothy M. Hall
560 2972 1237 3034 something like 824,000,000 used this
1252 2989 1479 3053 New York.
399 2990 550 3042 ass of
2629 2988 3330 3035 viewer finds that there is not a
554 3005 1243 3057 year and 830,000,000 in 1930. The
2106 3002 2620 3091 To Become a Bride
406 3031 548 3077 o’clock
2631 3023 3333 3076 happy love among them, unless it be
562 3038 1254 3095 largest experditure this year will be
405 3068 555 3118 Ehurch
2633 3066 3333 3116 the happiness of perfect self-saeri¬
552 3073 1905 3159 for the Bonnet Carre spillway. EachGreenwich Women Plan
1952 3079 2622 3158 Mr. and Mrs. Frank Griswold Hall
400 3103 554 3167 kave¬
2624 3103 3327 3160 fice that attends the death of the
554 3120 1251 3166 year there will be between 60,000,-
1949 3132 2621 3189 of 1120 Fifth avenue and Greenwich,
2632 3132 3329 3190 wife Mathilde in The Greek Danc¬
1336 3138 1938 3217 Musical Fashion Show
542 3138 1270 3222 000 and 75,000,000 cubic yards of
1937 3176 2619 3223 Conn., made known at a dinner¬
2636 3173 3326 3226 ing Girl.“ And there is the love of
548 3186 958 3250 Tearth to be moved.
1949 3219 2620 3266 dande Saturday night at the Green¬
2632 3216 3335 3268 brothers in Blind Geronimo,“ so
1265 3198 1937 3272 Under the auspices of the welfare
582 3210 1246 3285 Old practices are not adequate.
1942 3248 2627 3299 wich Country Club the engagement
2632 3256 3329 3306 strongly and purely surviving all as¬
1256 3260 1930 3307 committee of the Woman’s Club of
408 3263 1238 3321 bratedThe old hand shovel will not play
1942 3288 2619 3335 of their daughter Miss Dorothy
2633 3286 3331 3343 saults of slfishness and doubt and
398 3301 561 3363 August
563 3304 1929 3355 an important part in conquering theGreenwich, Conn., a musical fashion
1938 3325 2615 3379 Marion Hall, to Jefferson Ferrand
2633 3328 3325 3382 privation. The Death of a Bach¬
407 3339 557 3388 of her
565 3336 1941 3385 Tood. Rather there will be dragline Ishow will be held on the evening of
1941 3361 2616 3411 Armstrong, son of the late John
2628 3346 3336 3418 elor“ is coldly sardonic, almost a
403 3369 553 3424 Addy¬
1250 3377 1932 3421 October 4. The entertainment is in
552 3381 1245 3437 excavators weighing 100,000 tons
1932 3401 2627 3452 Knapp Armstrong of Denver and
2631 3400 3333 3457 denlal of the posslbility of fidellty in
1250 3412 1940 3470 charge of Mrs. I. Newton Lewis, and
413 3406 566 3460 yor of
553 3419 1243 3478 that will run a bucket out and pull
1934 3439 2619 3499 Mrs. Richard G. Brown of James¬
2621 3439 3323 3492 the sexual relation, though assenting
401 3450 554 3497 fter a
1248 3452 1933 3512 its proceeds will be used for the
553 3453 1240 3502 up three and a half cubic yards
2624 3468 3340 3535 to the existence of a sort of comfort
1930 3478 2203 3540 town. N. V.
396 3482 559 3539 tive in
1247 3479 1709 3541 club’s charitable work.
555 3494 1244 3545 of dirt each trip. Power shovels will
1955 3485 2625 3567 Miss Hall is a graduste of St.
2624 3504 3334 3580 in the domestic business of marrlage.
396 3524 547 3577 eArds¬
1261 3507 1938 3574 The following sub-committees have
559 3532 1248 3574 wreck the old levees, scooping un
1935 3550 2620 3602 Mary’s School, Peekskill. The mar¬
403 3564 559 3613 rch al¬
1247 3558 1931 3604 been appointed: Shops. Mrs. William
556 3567 1243 3617 tons of earth into barges and rall
1935 3584 2624 3636 riages of her sisters, Miss Norma
2648 3579 3332 3649 In The Murderer“ a, man kills his
1247 3601 1931 3645 Sagar: models, Mrs. Anson W. H.
407 3606 1246 3658 s born Scars, to be moved further back for
1944 3625 2624 3678 Hall, to Harry Lee Keel of Winston¬
399 3639 562 3691 as the
1229 3639 1936 3686 Taylor; tickets, Mrs. Russell) Rey¬
2631 3630 3336 3688 wife in order to gain another woman
549 3647 1146 3711 the new line of flood defense.
1944 3665 2616 3717 Salem, N. C., and Miss Lucie Lee
396 3673 559 3735 hirteen
1231 3669 1931 3722 nolds; music. Mrs. James N. Ether¬
2624 3674 3324 3724 and is mocked for his pains. At the
1936 3702 2625 3749 Hall to Henry T. Skelding, now of
681 3686 1131 3767 Will Deepen River.
1237 3715 1929 3760 idge, Mrs. Alanson Enos, Jr., and
2634 3717 3326 3764 moment before he deliberately pol¬
1945 3733 2624 3802 New York and formerly of Pitts¬
1243 3754 1935 3795 Mrs. Boyd Reed, and publicity, Mrs.
2622 3729 3344 3803 soned a trusting woman +he felt a
484 3729 1238 3809 was Cutter dredges will chew up the
1941 3777 2492 3835 burgh, took place recently.
1247 3790 1939 3837 Sherman Woodward. Tickets may be
404 3791 559 3838 to the
2633 3790 3328 3836 sort of secret envy of thé young Crea¬
556 3781 1251 3853 bottom of the river, sucking up the
1963 3797 2625 3871 Miss Hall and Mr. Armstrong will
1244 3821 1946 3877 reseryed by teiephoning Mrs. Russell
393 3814 561 3885 short¬
2618 3801 3345 3884 ture at his side who was so soon to
557 3835 1239 3900 silt and sand, despéhing ihe river
1940 3854 2627 3902 probably be married in November.
426 3864 558 3908 1 war.
1232 3850 1940 3924 Reynolds or any member fthe com¬
2623 3853 3336 3914 find release, without paln and with¬
558 3870 1165 3930 and obtaining earth for levees.
1935 3889 2620 3950 Mr. Armstrong attended the Uni¬
1245 3902 1418 3960 mittee.
404 3893 557 3953 Besides
2627 3900 3335 3949 out foreknowledge, from the perplex¬
609 3893 1244 3966 The flood control plans call for
1926 3930 2616 3993 versity of Utah and received his
2631 3929 3333 3997 ities of living.“ In The Fate of the
404 3941 559 3992 kley is
567 3947 1254 3992 the introduction of long haul into
1259 3940 1930 4020 TO RETURN FROM HER CAMP.
1941 3965 2620 4016 bachelor of law degree at Fordham
2623 3972 3323 4029 Baron“ a man is deliberately mur¬
555 3984 1252 4042 levee construction,“ says one of the
1937 4003 2619 4059 University. He is a member of Phi
1262 4004 1941 4055 Mrs. Herbert L. Parker, who has
401 4014 555 4066 as and
2630 4008 3322 4057 dered by fear in order that his mis¬
556 4027 1245 4075 engineers.Revetment construction
1940 4040 2624 4093 Delta Theta and Gamma Upsllon
1248 4042 1942 4099 been passing the summer at Parker
2620 4038 3333 4094 tress may be free of him. Here an
415 4048 561 4114 great¬
549 4067 1246 4121 in most cases is being changed from
1941 4078 2630 4127 fraternities. He served during the
1256 4082 1894 4140 Camp in the Adirondacks, is e
2620 4084 3323 4144 element of the ghostly comes in,
557 4105 1257 4155 willow mats to permanent concrete.
1190 4113 2630 4169 pecied in a few days at the Ritz¬ wer in the Navnl Reserve, and Is
415 4104 561 4169 e Rear¬
2464 4112 3321 4203 #em.re strongly developed in two cther
602 4138 930 4189 PPrem Tan A
3097 4150 3327 4186 al„. „„
