3436 4256
775 188 811 256 P
228 189 1090 288 14. Li t f. 1 6
1266 196 1765 282 box 35/11
2254 96 2827 146 23, Rue du Rhöne- GENEVF“
2060 142 3019 228 Adr. teig: Coupures-Genève - Tel. Stand 40.05
2071 250 3001 316 Bureau international de coupures de journaux.
2165 309 2917 366 Traductions de et en toutes langues.
2058 418 3025 507 Correspondants dans toutes les grandes villes.
2056 556 2503 637 Eatrait du Journat:
2502 512 3047 717 Sere e
2058 674 2294 732 Adresse:
2061 772 2243 827 Date:
2463 777 2824 927 K I
2342 985 2749 1053 LITTLE NOVELS
2112 1104 3003 1176 Lrrrez NovEzs, (Constable, 7s.6d.net) consists
2115 1160 3053 1211 olten of Arthur Sehnitzler’s. short stories, 5.—
2119 1202 3103 1264 all written between 1900 ang 1910. Most 7.50
2120 1236 3075 1301 of the ten are studies in feinimme,psyelology, 9.—
2117 1276 2980 1317 accomplished, elever, surprisingf lbut rather
2118 1301 2984 1355 onthe romantie side of things? Love, it seeins,
3004 1335 3104 1394 née.
2118 1352 2993 1403 was a desperate business in the Vienna of a
2116 1390 2977 1450 generation ago; passion played fast and loose
2120 1429 2979 1483 with tlie commonplaces of existence, and the
2113 1468 2978 1520 happiest of husbands and wives were those
2117 1507 2985 1544 whlose infidelities were not discovered. Herr
2125 1534 2981 1596 Schnitzler has generally written in restrained
2118 1582 2978 1639 and refreshingly straightforward language,
2110 1620 2969 1665 but he has also shown a marked liking for
2120 1659 2974 1717 pathological types and emnotional aberrations
2117 1699 2976 1743 und enigmatie feininine passions and so on.
2108 1732 2966 1787 The result is that his stories, although thev
2113 1778 2973 1830 are contrived with great skill and although
2116 1811 2968 1859 they displav a remarkable power of analysis,
2117 1849 2974 1888 seldom strike the reader—the English reader
2103 1887 2873 1945 inore particularly—as being quite real.
2130 1933 2966 2002 Thiere is, indeed, an element of artificiality
2857 1987 2969 2050 The
2108 1986 2882 2032 in every story in this volume. The first,
2106 2013 2890 2071 Stranger, is the tale of a woman of in¬
2106 2051 2892 2111 able mmpulses who fascinated a great mu¬
2095 2100 2957 2142 of inen. One of thein, a sober, conventionalolli¬
2098 2133 2972 2177 cial, fell madly in love with her, saw that she
2099 2170 2978 2224 was queer, and married her, determined to
2104 2207 2974 2271 commit suleide on the day she left him. She
2094 2255 2973 2309 departed one morning after a honeymoon
2098 2294 2979 2330 lastinga fortnight; and thie husband thereupon
2098 2331 2978 2386 went out to shoot himnself at about the same
2097 2367 2973 2415 moment that his wife, for sore reason beyond
2098 2404 2977 2445 human fathoming, was betraying him with a
2101 2456 2976 2496 stranger." The Fate of the Freiherr von
2097 2486 2970 2534 Leisenbohg“ is a little less mysterious. He
2095 2526 2964 2576 tell deeply in love with another tempera¬
2093 2556 2963 2617 inental womnan, an opera singer, who rejected
2096 2598 2973 2655 his advances, but who retained his affection
2092 2634 2970 2691 during all the years in which she took one
2094 2676 2971 2726 lover after another, and whio finally yielded to
2096 2708 2967 2758 him for one night for no more worthy purpose
2092 2757 2967 2795 than to expiate the curse of the last and most
2087 2777 2959 2833 jealous of her lovers. The story las an extra¬
2100 2837 2971 2883 ordinarily deft ending, but it is obvions that
2090 2869 2968 2920 the whole thing was written round the sur¬
2083 2912 2966 2962 prise wilich 18 sprung on tiie render in the last
2086 2949 2963 2996 couple of pages. Equally effective in its
2095 2984 2964 3025 slightly artificial way is“ The Greek Dancing
2082 3013 2960 3076 Girl,'’ which tells of a woman who died be¬
2088 3066 2953 3119 cause she no longer had the peculiar strength
2091 3098 2953 3146 of mind which enabled her to disbelieve in
2085 3130 2958 3182 her husband’s infidelities." The Death of a
2082 3170 2948 3231 Bachelor,?’ which is again a masterly piece
2088 3209 2951 3264 of construction, asks the reader to believe
2079 3238 2944 3301 that a dying iian would occupy the last
2085 3283 2952 3340 few mnoments of his life in writing a letter
2086 3324 2948 3384 to lns friends for the purpose of informing
2084 3367 2947 3429 them that he had seduced each of their wives
2083 3394 2262 3452 in turn.
2105 3444 2938 3512 Psychological experiments in this manner
2077 3503 2944 3549 are put to greater artistie advantage in the
2085 3535 2938 3590 stories of the occult. The Prophecy,? for
2071 3575 2949 3612 instance, teils of a man whose fortune was
2073 3605 2953 3656 told to him by a Jewish conjurer (who gave
2068 3659 2947 3708 the name of Marco Polo), and whose destiny
2085 3689 2937 3740 was consummated during the performance of
2076 3730 2942 3790 a play in which the dramatist had visualized
2065 3762 2934 3818 every detail of the conjurer’s prophecy. Un¬
2069 3804 2930 3861 real as the stories are in fact, thiey are the,
2067 3838 2937 3896 work of a story-teller who las never had much
2069 3874 2952 3929 to learn in thie way of eraftsmanship. Mr. Eric)
2074 3909 2943 3960 Sutton's translations have the direetness and
2052 3923 2949 4018 the finish which Sehnitzler requires in Englisi.
2934 4101 3133 4163 a: 1#8
