3344 4384
137 298 1044 420 14. Littie Novels
330 679 949 763 HEMSTREET
359 754 923 819 96 WARREN STREET
382 800 883 886 NEW YORK CITY
374 869 1039 979 Knickerbocker Press
373 941 654 1012 Albany N
366 991 735 1080 Aug 25 192;
771 1034 885 1167 10
339 2151 988 2232 ARTHUR SCHNITZLER, whose
356 2217 989 2285 latest host TiteAgpels, ten
360 2251 986 2327 #tgles, each compact and, com¬
338 2304 946 2394 —plete, by Simon and Schusker.
623 2411 719 2562 C
552 2551 1363 2649 The Reliable Press Clipping Bureau
659 2634 1253 2693 ALBERT ROMEIKE & CO.
835 2678 1104 2728 INCORPORATED
765 2721 1164 2787 26 Warren Street
800 2778 1120 2840 New Vork Clty
797 2865 1130 2940 CLIPPING FROM
1155 3007 1389 3203 Ka
702 3463 1297 3631 Sophisticated
758 3630 1243 3730 Romantics
638 3752 1158 3839 LITTLE NOVELS.
646 3819 1344 3900 By Arthur Schnitzlereu
656 3879 1332 3953 Pork:-Simon and Schuster..
651 3926 813 3996 82.50.
848 4006 1127 4072 Reviewed by
760 4051 1211 4111 BABETTE DEUTSCH
794 4142 1386 4200 OST of the ten stories that
770 4183 1381 4243 make up this little book very
1151 297 1651 403 box 35/11
1446 1020 3009 1135 sardonic quality which one has come to alterward devoted lus lile to this um
1445 1100 2212 1163 associate with Schnitzler; but his is a
2215 1116 3000 1179 fortunate. When their father's littie“
1447 1143 2219 1207 smiling eynicism, an irony strangely
2213 1158 2997 1209 farm failed and the two were cast out
1446 1187 2990 1270 blunted by urbanity. No final ugliness upon the world. Carlo was eyes and staff
1438 1226 2212 1302 quite cancels the glamour that he can¬
2208 1244 2992 1302 to Geronimo as they journeyed from vil¬
1437 1274 2215 1337 not refrain from casting upon the most
2227 1295 3003 1362 lnge to village with their guitar, in search
1428 1317 2208 1386 fragile relation between a pair of casual
2214 1344 2990 1409 of bed and bread and wine. A passing
1441 1373 2221 1431 lovers, like a mundane halo. One has
2222 1379 2992 1448 tourist’s ill natured jest rouses in Geron¬
1427 1399 2207 1480 but to contrast these little novels“ with
2218 1431 2993 1486 imo the skulking suspicion that Carlo
1441 1453 2180 1526 those stripped tales in which Heming¬
2210 1471 2993 1548 has been cheating him of the coin be¬
1442 1498 2198 1577 way, for example, exhibits the feebleness
2220 1524 2988 1580 stowed on both, and in his utter despai:
1433 1561 2203 1613 and folly of his intimates, to recognize
2215 1562 2997 1631 Carlo does actually steal a twenty¬
1435 1595 2196 1662 the gulf that lies between the world of
2207 1618 2995 1674 franc piece and pretends to his brother
1426 1614 2202 1707 Schnitzier's sophisticated romantics and
2213 1662 2988 1725 that he had withheld it earlier in order
1432 1680 2197 1753 the post-war world of Hemingway's
2215 1702 2991 1768 to keep Geronimo from drinking it away.
1434 1731 2199 1795 hard-boiled weaklings. Both writers are
2215 1738 2996 1810 The two are soon apprehended, and on
1429 1782 2197 1844 dealing with people who are cruel be¬
2213 1795 2985 1848 the way to the station house Carlo’s mis¬
1420 1825 2200 1904 cause they are cowards, people who are
2208 1832 2993 1918 ery reaches its acutest stage. Geronimo,
2205 2355 2393 2475 62
2245 2696 2389 2794 . „
1936 4062 2383 4152 Arthur Schnitzler
1380 4185 2130 4249 the creatures and ihe vietiine #f cbeir
2173 4191 2352 4251 de imavin
