3436 4256
2039 162 2479 228 —
349 200 1219 315 14. Littie Novels
1379 212 1884 302 box 35/11
700 837 820 907 992
1537 853 2179 920 TIME AND TIDE
2623 860 3015 939 Aueusr 16, 1929
697 974 1837 1038 got merits: of course it has; but what is best in it
1872 993 3005 1058 potent in breaking down the child’s self-confidence,
689 1042 1838 1096 seems to be but a sccondary reflection of the quality
1881 1039 2997 1098 as may also be more directly that of the teacher.
695 1072 1839 1128 of its predecessor. 1 admit that I am tired of the
1883 1087 2997 1142 Nor can we exonerate nurses from their shrre in the
694 1131 1835 1171 dawning sexual experiences of small boys, and
1875 1139 3020 1212 cnvironmental wrecking of the small child's nervons
698 1175 1829 1242 do not find Nicky’s transformation into being a
1876 1187 2637 1249 system, though children rarely tell.
688 1237 1825 1288 farmer particularly convineing; for the rest, one has
1933 1243 3006 1299 Dr. Thom defends the negativistic, contrary child,
687 1271 1827 1326 had it already, and better, in Egg''. Anyone who
1886 1297 3004 1337 whose mother stigmatises him as “impossible“’. He is
684 1337 1837 1392 has not readEgg'’ I should advise so to do; about
1884 1335 2999 1395 certainly made, not born, and can be reconditioned by
685 1366 1246 1437 Nicky, I feel quite tepid.
1874 1395 3012 1454 loyalty, and by the parent, if necessary, shouldering
761 1426 1838 1466 These three are the best of the bunch: with the
1879 1440 3011 1499 the blame, instead of, as so often happens, taking it
687 1484 1836 1544 other two, one passes into book making—book making
1885 1497 2757 1541 out of the child for his own incompetence.
693 1530 1837 1577 by very efficient and slick performers. With Mimset)
1938 1543 2995 1601 Dr. Thom has an apt way of expressing things.
682 1584 1823 1628 und Mr. Raikes Mr. Maxwell has taken a great deal
1870 1595 3003 1654 He says of a child who plays on his mother’s feelings
682 1632 1836 1677 of trouble: the subject, intrinsically interesting, is
1869 1640 3012 1709 by refusing food that he is “dramatizing the meal
684 1682 1832 1734 surely extremely near to the one that he handled,
1876 1686 3014 1764 hour''. Speaking of anger repressed for fear of
678 1736 1823 1792 many years ago, in The Silence of Dean Maitland'
1885 1745 3000 1800 punishment, which has accumulated to breaking point,
684 1774 1838 1824 his first big success. 1 do not remember“ The Silence
1878 1794 3011 1858 he says it is like some infernal machine, it explodes
678 1842 1832 1898 of Dean Maitland' very well, at this distance; but if
1872 1850 3013 1897 at a most inopportune time?'; and of a maladjusted
683 1888 1835 1926 1 am not mistaken, it was a study of a man who
1876 1898 3011 1947 child he says he is “a time-consuming blot on the
678 1943 1835 1999 presented to the world a personality inferentially
1865 1935 2136 2003 family life'.
683 1986 1829 2047 superior to his own, and by dint of consistent artifice,
1949 1985 2675 2061 Undoubtedly it is a book to read.
687 2033 1837 2081 became the thing he acted. So here, Oswald Raikes
2766 2045 2902 2118 M.M.
678 2091 1836 2143 carries about with him a picture of the perfect man
676 2140 1816 2183 he is not: acts, at every crisis, not as is “natural'
686 2188 1836 2237 to him, but as that perfect man would do; until, at the
682 2240 1821 2303 last, the problem of which is the “real'' Mr. Raikes,
688 2288 1817 2338 and which the sham, is insoluble even to himself. The
2024 2283 2831 2393 Critic’s Commentary
682 2329 1824 2383 detail of the narrative is of course carried off with
674 2387 1825 2458 great neatness and aplomb; but there is something
1861 2434 3005 2517 Being Some Notes from a Reviewer'’s Note-Book.
672 2462 1822 2507 fundamentally commonplace and superficial in its
682 2489 1827 2553 brainwork which prevents one’s ever being deeply
1924 2514 2994 2593 William Dampier. Clennell Wilkinson. (The Golden
673 2549 1821 2593 interested in Oswald or in anybody else in the tale.
1876 2557 3006 2638 Hind Series. Bodley Head. 128. 6d.) Mr. Milton
668 2589 1821 2645 It ought to be interesting, such a theme; it evidently
1872 2619 3003 2680 Waldman, as editor of The Golden Hind Series, has
675 2648 1825 2707 interests Mr. Maxwell; but one feels he sees little more
1876 2662 3007 2718 done us good service in providing a really full and
671 2695 1181 2749 of it than the surface.
1871 2718 2998 2761 reliable biography of Captain William Dampier“Pirate
740 2743 1834 2792 Dance, Little Gentleman, is the study of a cad, by
1873 2759 2997 2817 and Hydrographer“, probably the greatest English
682 2800 1832 2851 himself: the autobiography of a successful gigolo. It
1865 2811 2994 2866 adventurer between the last of the Elizabethans and
673 2849 1829 2915 is a supremely vulgar book. As a short story, Henry
1868 2857 2996 2898 the sailors of the mid-eighteenth century. He was not
1872 2900 2991 2946 really a pirate, and he was much more than a hydro¬
672 2899 1827 2955 St. Aubin’s self-satisfied picture of his own meanness
1877 2946 3005 3001 grapher. He could not manage his crews well; he was
676 2954 1826 3010 and commonness, of his successful exploitation of a
1867 2998 3007 3058 perpetually disgruntled with life; he was something of
683 3012 1830 3066 series of infatuatedly silly, rich, elderly women, might
1875 3038 3006 3101 an intellectual; he was not quite a gentleman; and he
673 3050 1822 3103 have had an ironic value; but there is far too much
1875 3087 3004 3145 just missed discovering Australia. But he had many
686 3105 1823 3158 of it here to be borne. The taste of it is nauseating:
1868 3131 2999 3188 adventures; he circumnavigated the globe; he wrote
677 3142 1517 3229 und the taste is the same, throughout.
1871 3178 3001 3224 about his travels with acumen, and Mr. Wilkinson has
1877 3223 2994 3297 written about him with engaging enthusiasm, apprecia¬
1869 3268 2205 3319 tion and gusto.
1909 3318 2996 3383 The Poet and the Lunatics. G. K. Chesterton.
1859 3372 2990 3429 (Cassell. 78. 6d.) A detective story has as much right
865 3370 1641 3450 NERVOUS PROBLEMS
1870 3414 2986 3471 to be sacred as it has to be profane. There is no
1862 3461 2997 3505 reason why a poet should not solve mysteries by his
978 3445 1547 3530 OF CHILDHOOD
1870 3510 2991 3564 comprehension of spiritual values; there is no reason
1860 3555 2997 3601 why Mr. Chesterton should not attribute to the
668 3561 1817 3642 The Everyday Problem of the Everyday Child. Dr.
1854 3600 2988 3650 poet his own personal religious predilections. But
765 3628 1571 3696 Thom. (D. Appleton & Co. 108. 6d.)
1869 3641 2991 3685 the essential condition is that the sacred story should
1867 3685 2989 3741 be as logical as the profane is, and that a religious
750 3689 1810 3752 Dr. Thom well deserves the American prize for the
1863 3737 2985 3791 joke should have as much point as an unreligious one.
673 3740 1819 3801 best book about children. There is no doubt that they
1857 3788 2992 3852 There is nothing wrong with the motive of his short
679 3786 1815 3842 have studied the mental hygiene of the child in
1869 3829 2996 3886 stories, but sometimes there is something a little too
671 3842 1815 3901 America more than we have here, and it is from this
1862 3870 2987 3920 loose in their construction. Their tale is adorned more
676 3905 1813 3949 point of view that the Everyday Problem os the
1864 3918 2999 3974 than their moral is pointed. Still—Mr. Chesterton
673 3925 1824 3997 Everyday Child is written, though the physical
1851 3967 2988 4008 could not write eight stories without giving them some
686 3994 1814 4050 causes of nervous troubles are not overlooked, as
1865 4011 2897 4071 grace or ingenuity, and several of these have both.
682 4035 1812 4095 seemed to be the case in some of the American elinics
1918 4064 2986 4122 Pale Warriors. David Hamilton. (Cape. 78. 6d.)
682 4088 1232 4152 which I visited last year.
1856 4111 2987 4154 An ingenious but somewhat stale idea imperfectlj¬
