3344 4352
667 314 715 369 N
1067 304 1629 395 box 35/11
105 307 977 403 14. Little els
1549 868 2526 921 given in English, but M. Maurois made of them a
521 895 1487 939 raised to Heaven united in love and death, is told
1541 938 2524 984 French book, which has here been translated into ex¬
519 936 1486 983 with tenderness and beauty and with a steady progres¬
1553 968 1866 1022 cellent English.
517 986 1484 1024 sion of incidents. Miss Beauclerk has managed to in¬
1612 1011 2523 1056 M. Maurois treats this enormous, and, as the un¬
516 1013 1490 1064 vest her tale with a translucence in which reality and
1553 1048 2532 1091 certain and varied character of modern biographies will
515 1057 1495 1106 unreality melt into a shimmering whole. Background
1551 1089 2525 1143 show, almost uncharted subject with admirable and
524 1102 1493 1146 and incident, enwrapped in tender sentiment, glow
1548 1140 2538 1187 often beautiful lucidity, and he never fails to arrive
523 1140 1498 1191 with subdued color. The book most successfully creates
1558 1187 2529 1232 at a gvaluable conclusion.H gives us many
514 1197 1488 1236 and sustains an atmosphere, and makes momentarily
1554 1220 2527 1279 admitble objectivestandards, whch zyere badly needed,
506 1227 1500 1284 plausible a world in which angels play their part in
1815 1260 2542 1338 vieh b# be judged and
1555 1263 1588 1304 1
1625 1257 1736 1321 „ra
511 1271 880 1334 the affairs of men.
700 1362 1285 1463 LITTLE NOVELS
1654 1409 2449 1487 WIIITEOAKS OF JALNA
706 1450 1297 1526 By. ARTHUR SCHNITZLER
1770 1503 2322 1576 BP MAZO DE LA ROCHE
855 1515 1142 1588 Price 82.50
1899 1558 2196 1635 Price 82.50
536 1579 1503 1667 THE little novel, short enough to sustain one intense
576 1647 1499 1688 emotional pitch throughout, yet long enough for
1630 1615 2534 1710 (ISS DE LA ROCHE is thehluther# bamous
521 1686 1500 1732 the development of amazingly complete characterization,
1559 1666 2541 1734 IVI novel. Jalna, one of the encting best selters of
512 1726 1501 1771 has come to be considered both here and in Europe
1566 1738 2541 1789 1927, which Nas awarde-th#frst Atlantic Mogthly
519 1758 1504 1814 the perfect, the typical, Schnitzlerian medium of ex¬
1567 1776 2551 1843 prize of S10/000##fbr ihe mott intexesthg noutl of
519 1801 1493 1853 pression. Many of the best of these novelli have
1564 1816 2164 1879 any kind, scht, orVdescription.
514 1841 1499 1908 already appeared in English translation and the present
1620 1828 2543 1926 To the seteral hundred thousand Che feld it, che
527 1885 1507 1937 volume adds ten more to the list. These ten are a
1564 1904 2526 1949 prize-winning Jalna becahne ahe symbol as well as the
528 1937 1504 1981 further contradiction of the hasty, however enthusias¬
1567 1913 2622 1993 setting for ghat strange- Canadian family. stbh —
519 1980 1504 2019 tic, estimate of Arthur Schnitzler as merely the inter¬
1578 1979 2558 2045 Whiteoaks iho liteuAhd still live—wich a kinf of¬
527 2020 1511 2062 preter of the suave, the modern, and the sophisticated
1591 2014 2394 2082 Victorian ni#eVin ihe Ont(rio ewaldschesse
525 2053 1504 2099 in love. His early plays were the starting point for
1608 2053 2538 2130 In her new novel, Whiteoaßs ##loba, she deals
524 2096 1510 2142 this superficial judgment but in reality he has been
1575 2111 2538 2159 with the furter historv of th sanfd violently indiv¬
517 2135 1507 2181 concerned from first to last with the individual in
1572 2143 2545 2223 idual familyjwhozej Miort and reactions were of
526 2179 1505 2242 his reaction to psychological environment. His central
1574 2199 2535 2242 absorbing intéles##to the readers of Jalna—which, by
523 2212 1509 2263 characters are forever absorbed in what other people
1575 2229 2544 2282 the way, has Heen translated into a number of languages
521 2260 1498 2315 are thinking of them or what they must think of
1578 2287 2234 2326 and done into Braille for the blind.
531 2315 1505 2354 themselves. They are driven to suicide, to murder,
1628 2310 2543 2369 The author was born in Toronto, Canada, of
533 2345 1513 2395 and to despair in their attempts to establish in the
1577 2359 2543 2415 French, Irish, and English ancestry. For many years
528 2408 1513 2439 minds of others or in their own minds, some desired
1568 2397 2544 2453 she lived on her father’s stock and fruit farm on the
525 2433 1510 2484 image of themselves. The recognition of one part of
1580 2448 2546 2493 shores of Lake Ontario. Her education was private.
530 2477 1500 2521 consciousness, the observing self, as separate, merging
1610 2493 2543 2547 Miss de la Roche spends as much time as possible
528 2514 1504 2563 actually withthe outside world which must be Vplayed
1572 2514 2551 2576 away from city life. Her favorite sports are sailing
525 2560 1509 2604 up to“, gives to Mr. Schnitzler’s work a duality of
1572 2577 2548 2623 and canoeing. Some curiosity has been aroused by her
540 2607 1512 2655 patterns which with infinite skill he plays over against
1572 2617 2542 2657 unusual first name. It is Spanish and masculine; an
532 2648 1513 2693 itself with tremendous gain in the tragic futility of
1569 2660 2542 2711 only child, she was named for a friend of her father.
531 2689 1514 2734 his continually driven characters. For all this pre¬
530 2728 1512 2780 occupation with the subtleties of personality, the little
531 2772 1516 2814 novels never neglect the story as story. It is surprising
1778 2771 2341 2864 ON THE ANVIL
543 2814 1523 2854 what tight, definite plots can be achieved in such short
546 2846 1511 2906 sketches. This particular collection offers a fairly wide
1813 2862 2294 2929 By L. I. CRAWFORD
548 2903 1505 2941 range of subjects and presents the author at very nearly
547 2931 1504 2980 his best in some, and very far from it in others.
1919 2922 2218 2997 Price 82.50
535 2980 1514 3028 These are little people the novelli tell of, but how
1639 3009 2558 3066 (R. CRAWFORD'S story spans a generation, the
536 3018 1513 3069 significant the strange play of their gigantic shadows!
1578 3015 2545 3094 IVI jife of his hero from birth to the day he gazes
1586 3090 2552 3144 upon his son in bis cradle much as his father had
1570 3149 2550 3187 looked upon him nearly twenty-four years before. It
583 3101 1483 3213 ASPECTS OF BIOGRAPHY
1576 3175 2549 3226 is a cyele that begins in Chile and ends in England,
766 3205 1278 3269 By ANDRE MAUROIS
1581 3220 2558 3269 and takes the World War in its course. The book
647 3274 1401 3317 (Translated by Sydney Castle Roberts)
1582 3256 2560 3313 is interesting and effective throughout, but nowhere
1568 3306 2550 3344 more charming than in its first third wherein is por¬
878 3312 1159 3378 Price 82.00
1574 3363 2564 3397 trayed the life o“ a Chilean family of wealth and
1588 3388 2555 3434 breeding—or perhaps it were better to say of a family
535 3370 1501 3451 CTCA WELL-WRITTEN life, M. Maurois ob¬
1574 3439 2556 3481 resident in Chile, since Tim Stavely's grandfather
665 3433 1506 3482 k serves, 'is a much rarer thing than a well¬
1592 3469 2550 3522 was Prussian, his mother the result of the union be¬
546 3487 1520 3527 spent one.“ It is fitting that M. Maurois, who has
1578 3504 2564 3555 tween General Von Schulenberg and a Chilean, and
532 3532 1519 3571 himself added to these rarities, should tell us how to
1574 3553 2553 3604 his father an Englishman. Mr. Crawford’s depiction
548 3558 1520 3612 add to their number, a subject which has not been
1578 3609 2563 3649 of the well-regulated household and his characterization
547 3610 903 3676 greatly discussed.“
1586 3645 2560 3691 of its members are admirably done; the personalities
589 3647 1509 3702 This is from The London Times’ comment upon
1595 3683 2564 3738 stand out distinct and veracious, the small incidents
528 3704 1403 3755 this very readable volume. It goes on to say:
1591 3736 2560 3780 have life and interest, and the atmosphere of the home
590 3732 1521 3794 The present book has been made out of a series
1589 3764 2570 3819 with its harmony, its sincerity, and its purposefulness
534 3777 1507 3828 of six lectures given at Trinity College, Cambridge,
1588 3819 2573 3865 is completely realized. And when the story moves on
537 3829 1529 3884 on the Clark Foundation. The lectures were first
2620 4182 2920 4249 e
