3436 4256
1262 196 1757 286 box 35/11
214 189 1100 294 14: Little Novels
1318 547 2908 618 THE SATURDAY REVIEW OF LITERATURE, SEPTEMBER 7, 1920
493 559 596 635 110
2363 682 3389 818 A Letter From Londe
2571 809 3270 900 By Mav LamBEkron BEckEk
2941 880 3384 959 methods not unlike thos
2130 880 2913 968 TTHE air is always tense at a “world's
725 900 1774 993 ONZ. HOMENTS
2943 945 3388 1004 lion-tamer. For the kin
2172 932 2912 1020 1 first performance“ of a Shaw play, as
2928 989 3368 1047 hero, has the advantage
2135 995 2910 1052 those can testify who were permitted to
2934 1030 3394 1092 nitely formulated convich
2129 1043 2917 1091 watch the Theatre Guild’s curtain go up on
2932 1067 3375 1133 ing with all the force
2128 1075 2911 1123 Sunday nights before Saint Joan'' and
2945 1107 3378 1176 experience, and his positi
2137 1124 2908 1178 (Back to Methuselah'’ were given to th¬
2941 1163 3380 1215 point in a shifting crow
2127 1160 2916 1216 world. There was something about the
691 1140 1922 1210 27 LITTLE PÖVELS
2934 1195 3385 1262 for the England in which
2130 1210 2907 1271 #first English production of The Apple
2947 1238 3388 1300 the enemy as personified
2130 1242 2917 1296 Cart,?’ however, that suggested an act of
716 1247 1288 1322 Like“'opals flawiesslycut, Arthur
2951 1284 3384 1334 and its world. When Pris
2125 1290 2918 1338 public worship rather than a theatrical
721 1310 1290 1365 Schnirzler’s Litle Nosels offer che
2943 1323 3384 1381 presents an ultimatum t
2137 1333 2916 1383 event. It took place on Sunday—a day
719 1350 1292 1407 perfection of the Viennese master
2947 1360 3382 1424 even talking about the h
2139 1376 2921 1426 taken more seriously in London than in
730 1395 1291 1440 to his cager and growing Amcrican
2942 1403 3387 1467 weapon against this end
2125 1408 2912 1468 New Vork—and opened the Shaw Festival
735 1428 1292 1485 audience. Countless great moments
2938 1450 3381 1510 complete constitutional ##
2134 1450 2925 1518 at Malvern, taking place simultaneously
737 1472 1288 1519 arc packed away in the ten little
2937 1489 3391 1544 for a pause in which to
2142 1494 2911 1554 with the Canterbury Festival in the Cathe¬
735 1513 1296 1568 novels that comprise this book—
2942 1537 3381 1589 it; the act has lasted o
2128 1531 2915 1603 dral of the Martyrdom at the other end of
720 1554 1305 1614 magnificent moments, glamourous
2939 1574 3380 1636 half. Most of this pe
2138 1578 2929 1646 England. The hundred or more dramatie
725 1599 1300 1644 moments, ineffably tender moments
2937 1616 3384 1673 by the audience on the c
2139 1620 2926 1687 crities transported in a body from London
742 1637 1293 1682 moments made unforgettable
2949 1657 3365 1718 its heart in its mouth.
2136 1651 2929 1730 for the occasion found that like a proper
725 1677 1298 1742 by the genius of Arthur Schnitzler.
2942 1704 3378 1761 to take for granted; I
2133 1698 2917 1763 pilgrimage it involved long distance and
2942 1747 3369 1795 densed version of the
2141 1753 2918 1807 protracted effort. Even with a non-stop
922 1754 1103 1837 334
2946 1785 3389 1852 play cannot be condense
2137 1797 2928 1851 special train, Great Malvern is three good
2944 1823 3377 1886 telephone book can. □
2141 1828 2926 1878 hours from London, and to reach it in time
1328 1822 1893 1903 Has Irenc forgorten that she
746 1836 1303 1906 He crept further into the room.
2954 1866 3391 1931 circle of ladies and ###
2133 1872 2918 1927 for luncheon means an early morning start,
1314 1882 1885 1937 wanted to call Wilhelminc a mur¬
732 1891 1294 1943 On the ocher Chair, among some
2950 1911 3383 1966 are two ladies in the c
2142 1914 2926 1980 always a pull in England and on Sunday a
1323 1930 1897 1981 deress to her facce.. And is
743 1931 1313 1996 underciothes Godl #here it was
2944 1952 3380 2013 sat still and talked; for
2137 1959 2922 2027 convulsion of nature. But the hours are in
1322 1976 1896 2023 Wilhelmine still aware that I am
745 1974 1296 2024 a pursc he held it in his
2952 1991 3383 2055 utes the King has talke
2143 2007 2928 2058 fruth good. You pass and repass the silver
1314 2007 1902 2055 her lover, though I have called
734 2012 1302 2067 handArthat instant he heard a
2954 2035 3371 2095 tion, almost as if in
2133 2040 2934 2110 flash of the upper Thames, then the spires
1318 2047 1888 2113 upon her in che middle of ehe nighe
734 2055 1301 2110 faint crcak. With a quick move¬
2945 2075 3364 2140 Royal Prerogative. L
2146 2080 2919 2148 of Oxford, then rolling meadows, gray cot¬
1327 2092 1762 2149 with a strange womand“
742 2094 1305 2151 ment, he lay down full-length at
2964 2123 3373 2183 When this speech was o
1460 2113 1899 2195 —rom* Diad Gelrief spage 112]
2136 2121 2918 2183 tages banked with flowers, thatched sheep¬
739 2147 1307 2192 the foot of the bed . .. Another
2945 2161 3380 2225 and then the slowly gath
2144 2169 2931 2221 folds, little rivers overflowing the grass and
739 2185 1305 2233 crcak chen all was silent, pro¬
2953 2204 3384 2265 storm of applause. Wi
2143 2209 2919 2279 banked with bushy Bewick trees. Beyond
736 2219 1320 2273 foundly silent He had done it!
1502 2196 1695 2291 444
2947 2243 3388 2301 it was like breaking as
2146 2247 2925 2311 Evesham is a world of orchards and
733 2265 1305 2318 He had the twenty francs and now
1320 2271 1883 2343 This book of Arthur Schnitzler
3004 2285 3382 2347 What really Eroke th
2138 2294 2933 2351 pleached alleys of hop-vine, where the air
749 2299 1312 2347 he could say to his brother Von
1325 2323 1888 2384 has just been published and all
2946 2327 3377 2392 the interpolated variety
2154 2339 2927 2397 is heavy with apples. All at once the
737 2340 1308 2396 sce l'm nor a thief!“... and today
1321 2369 1897 2425 over Amcrica, as in Europe, thou¬
2951 2371 3380 2439 ond act. The King hal
740 2380 1319 2441 they could start on their wander¬
2149 2376 2930 2442 ground rises sharply and something back of
1319 2406 1894 2457 sands of readers arc no¬ discover¬
2962 2412 3382 2475 with whom he has a
754 2426 1307 2484 ings to Bormio, through the
2149 2434 2668 2496 your brain begins to repeat
1311 2443 1888 2516 ing for themselves che great mo¬
2950 2453 3382 2516 lation,“ based on what
750 2470 1305 2521 Valtelline to Tirano t0
1314 2488 1699 2558 ments in Little Novelr.
2190 2463 2887 2554 On a May morning in Malvern Hill
2963 2501 3379 2556 and re-assert is her beal
738 2500 1169 2567 Edole to Lake Isco.“
2177 2534 2773 2601 I wvas weary of wand’ring..
2957 2538 3377 2599 Evidence in support o
864 2536 1308 2611 —rem“ Blind Gerenime and Hir Brether
1149 2580 1307 2640 (page 130
1517 2550 1691 2638 442
2966 2579 3383 2642 course be furnished by
2191 2587 2927 2671 Vou may indeed lay by your wander¬
2954 2621 3388 2682 providing the second
1325 2620 1904 2690 In 1925 THB INNER SANCTUM had she
2145 2645 2928 2718 staff; you have reached the shrine of Saint
2958 2670 3371 2722 sible. None, however,
936 2619 1119 2739 224
1320 2680 1902 2723 honor and good fortune to publish
2140 2694 2333 2748 Bernard.
2993 2705 3382 2764 Considered as a tw
1334 2719 1893 2772 Arthur Schnitzler F FRAULEIN ELSE.
2198 2710 2926 2789 I had meant to make this three-hour jour¬
773 2724 1312 2795 * Why did he send for mer Had she
2948 2747 3379 2809 there is no break nor
1333 2750 1903 2811 That war almost sue yeart ago. During
2160 2769 2919 2826 ney like a proper pilgrim, if not on my own
750 2786 1318 2838 confessede Why is he staring ur me
2952 2789 3372 2849 discovered at tea with h
1326 2797 1907 2852 thore geart, Artur Scimitzler, long ac¬
2151 2818 2932 2867 feet at least at my own charges, but just as
753 2821 1318 2882 like chatè Why am Isitting herc at
2947 2836 3373 2894 Jemima, whom he has
1331 2824 1890 2894 cepted on the Confinent as one #
742 2858 1315 2919 Molde on a verandah with a
2155 2850 2932 2918 I was pluming myself on being able to buy
2946 2876 3377 2935 divorce for the egregid
1325 2868 1901 2938 Burope : greatest writerr, har most bis
751 2896 1312 2953 Pierrot? Can it be all a drcam after
2165 2901 2921 2952 a ticket for the sold-out first public per¬
2951 2911 3386 2970 the American Ambassg
1328 2916 1892 2976 wah wirh increaring succegs en Amer¬
740 2940 1317 3013 alle Perhaps 1 am still aslegp in
2147 2935 2929 2996 formance I received one for the private
2968 2959 3382 3022 and all, with great new
1323 2962 1905 3017 ica. In rapid zucceeVon and witk
738 2982 1064 3048 Klare’s arms
2155 2989 2938 3043 press production, carrying with it transpor¬
1331 2994 1896 3062 growing acclain ss#e other bookt were
2962 3000 3352 3070 of Europe is at hand
861 3001 1316 3084 —re The Fersel eh Beres Ipe4 M]
2155 3024 2944 3080 tation and a luncheon whose wine-listL¬
2956 3026 3368 3097 Anichien uas uccided 1#
1327 3025 1911 3100 publirhed. nuarRicß. NONB BUT
2159 3072 2934 3114 brought away to send you, but of compas¬
1329 3083 1896 3133 THE BRAVR, RHAPSODY, DAY¬
2958 3078 3375 3136 Com monwealth, on its
2157 3109 2942 3167 sion forbear. Church was out in time to
1334 3116 1902 3166 BRBAK and THRRESA. Ir ir wirha
935 3087 1128 3178 424
2959 3117 3375 3178 It will make things ev
2158 3139 2937 3209 give the townspeople a chance to gather at
1322 3158 1888 3205 zente that Schnitzler# same is on the
2962 3159 3382 3229 Americans in England
745 3145 1311 3237 Then she became a modef and
2160 3178 2945 3235 a respectful distance and watch the critics
1332 3198 1889 3258 point of a brilliant consolidation that
2966 3203 3366 3257 what with American
755 3223 1314 3282 walked on at a small theatrc. The
2145 3231 2931 3291 troop into the Winter Garden for this enter¬
1331 3237 1904 3295 LITTLE NOVBLs ir presented. J2.50
2970 3242 3380 3308 chitecture, business met
745 3262 1312 3327 things she told us about the Dircc¬
2157 3269 2932 3334 tainment. They seemned to me to regard it
2963 3286 3381 3341 igal son has returned
754 3302 1321 3359 tor!... Then she fell in wich a
2157 3309 2936 3373 with a cool eye; if I wanted kind words
2975 3327 3381 3387 calf (one might almost
752 3342 1310 3400 medical student ... and she often
1328 3284 1890 3406 Bchen en entenne
2145 3364 2944 3413 from British journalists I think I would not
2966 3363 3381 3433 calf) as a token of af
754 3381 1307 3440 came to feich him from che dis¬
2154 3395 2947 3458 feed them first; it might put an extra coat
1330 3389 1894 3459 SIMON and SCHUSTER
3011 3414 3364 3476 For the first time,
757 3423 1318 3489 sccting-room or more often
2153 3437 2934 3500 on their determination not to be got at. The
1332 3454 1908 3511 Palluher 37 West S7ch Strect NewVert
2970 3454 3368 3514 cracks. Annex, benev
753 3469 1214 3528 stayed wich him there
2154 3487 2935 3544 Mayor of Malvern told us what it would
2968 3500 3374 3551 prove for its own g
1315 3506 1381 3570 —
836 3504 1320 3572 —rom" ThrGrest Dowing-Gi-l (page 71]
2153 3520 2932 3585 be only fair for us to tell the world about
2967 3534 3378 3600 land??'—“this gem s#
2150 3562 2939 3623 Malvern as a summer resort—and indeed it
2970 3575 3338 3637 murmure the King.
2163 3612 2936 3657 is a charming place, curved around the
2969 3609 3369 3681 speare! Yes, and to th
780 3592 1903 3689 LITTLE NOVELS' a new book
2148 3655 2934 3697 lower slopes of the mountain whose side
2972 3662 3372 3721 returns. The King s#
2162 3680 2936 3740 rises sheer from the doorway of the bright
608 3681 670 3756 *
1305 3683 1901 3758 by AkTHuR ScHNITZLER
2973 3702 3353 3761 surrender the Royal
2166 3730 2939 3790 modern theatre. Settled here, a discreet
2966 3741 3368 3804 of course in favor of
2164 3770 2936 3836 turning of heads indicated that a tall gray
2963 3777 3373 3844 begin the usual speech
421 3794 708 3874 — IL
2159 3815 2942 3867 figure was looking over the house from a
2973 3828 3373 3885 retirement from pub
2157 3856 2940 3917 corner of the balcony. In the intermissions
2964 3869 3351 3924 them that he has no
2163 3897 2944 3951 he came down and even permitted himself
2967 3907 3375 3966 He will at once stand
2160 3943 2937 3997 to be photographed with Miss Edna Peters,
2973 3946 3367 4010 which the Royal Boro
427 3958 516 4003 2
2155 3979 2944 4049 now admirably representing America in
2977 3989 3373 4048 triumphantly return hi
2154 4021 2943 4075 these islands. But the divinity or otherwise
2964 4038 3381 4094 someone to form a ne#
1021 4021 1600 4122 A Poetry Clan Selection
2158 4071 2939 4122 that doth bedge G. B. S. kept the crowd at
2960 4075 3372 4136 may call you, Mr. P
2156 4107 2933 4152 a distance, watching as he talked affably
2962 4117 3369 4163 me.?' The ople-cart #
