3436 4224
1100 124 1491 216 box 6/5
260 124 919 217 39. Ein Erfol
483 186 970 238 RR AAeRARRSRA S
1278 1384 2174 1442 had zelfs dienst gehad in een straat waar het
557 1405 1037 1478 FEUILLETON
1268 1431 2183 1497 fietsen verboden was en waar het ziin voor¬
1275 1469 2177 1527 ganger was gelukt op een beroemd geworden
1280 1508 2177 1562 dag zeven en zestig fietsers naar het politie¬
1280 1548 2176 1609 bureau te sturen. Zoodra Engelbert Friedmaier
1285 1596 2168 1645 den post betrok, was alles anders geworden.
420 1577 1170 1674 TEN SOCELS
1273 1624 2181 1680 De woeste rijders gingen over in een voetgan¬
1279 1683 2184 1728 gersdrafje, de beruchtste snelheidsmaniakken
712 1667 872 1735 door
1275 1707 2177 1769 gingen kalm huns weegs en de wilde fietsers,
473 1723 1118 1815 ARTHUR SCHNITZLER
1273 1757 2182 1799 die Engelbert met een kloppend hart de ver¬
1280 1790 2176 1850 boden straat zag naderen, stapten af en gingen
1274 1836 2176 1884 met de fiets aan de hand tot den volgenden
373 1840 1246 1889 Engelbert Friedmaier, agent numero zeven¬
1270 1868 2185 1928 hoek. Engelbert- moest zwijgend toezien, hoe
343 1886 1238 1926 tienduizend negenhonderdtwaalf, stond op
1277 1903 2185 1971 alle verordeningen ongeschonden en de ge¬
341 1931 1241 1971 wacht tusschen de Kaiser Jozef- en de Tabor¬
1282 1944 2189 2000 heele veiligheid onaangetast bleef. Ook andere
339 1955 1252 2018 straat en dacht over ziin mislukt leven na.
1274 1986 2174 2054 kleine voldoeningen, zooals zijn collega’s dik¬
342 2011 1246 2057 Drie jaren waren voorbijgegaan, sedert hij als
1271 2024 2174 2092 wijls kregen, werden hem altijd ontzegd. Nooit
332 2034 1246 2100 sergeant afscheid van het militaire leven had
1269 2059 2174 2122 had hij voor een raam een jonge vrouw in al
342 2075 1257 2129 genomen en toegetreden was tot het corps van
1270 2107 2174 2160 te luchtig ochtendtoilet gezien, nooit reed een
343 2122 1242 2180 den veiligheidsdienst, vol van de edelste geest¬
1274 2144 2199 2197 fiaker hem met verdacht neergelaten gordiin¬
339 2153 1250 2217 drift voor zijn nieuw beroep, van gloeienden
1272 2194 2174 2243 tjes voorbij, nooit was het hem beschoren om
336 2200 1242 2246 ijver vervuld om voor de orde en de veilig¬
1274 2229 2178 2280 ’snachts op ziin rondgang door de parken een
329 2236 1247 2294 heid in de stad te zorgen, een geliefd meisje,
1268 2267 2172 2317 al te verliefd paartje te betrappen. En ook de
342 2285 1246 2324 de dochter van den ouden Anton Wessely,
1269 2315 2174 2363 groote gelegenheden, waarbij velen van zijn
335 2315 1244 2369 wachtte er op door hem als echtgenoote in ziin
1267 2346 2180 2402 collega’s lauweren plukten, gingen zijn neus
330 2360 1246 2416 huis te worden geleid, maar Engelberts uit¬
1278 2392 2186 2439 voorbij. Hij was een der uitverkorenen ge¬
345 2395 1256 2450 zichten op bevordering waren duister, ja wan¬
1275 2421 2180 2477 weest, die voor het parlement had gestaan toen
337 2446 1247 2494 hopig. Want deze drie jaren waren voorbij ge¬
1269 2464 2182 2531 de socialisten voorbij trokken en hij had inge¬
336 2470 1248 2527 gaan zonder dat hij cen succes had kunnen
1269 2504 2183 2567 spannen geluisterd of niet éen van hen een
344 2525 1248 2574 boeken. Er was niets gebeurd sedert er cen
1279 2549 2173 2607 woord van hoogverraad had gezegd, of enkel
340 2552 1248 2609 veiligheidsdienst in Weenen bestond Engel¬
1270 2585 2181 2645 maar een beschimping aan het adres van den
332 2599 1247 2664 berts superieuren geloofden niet in zijn goe¬
1269 2628 2170 2685 burgemeester had geroepen... In zijn nabij¬
342 2626 1249 2696 den wil. de collega’s hadden geen achting meer
1265 2664 2182 2704 heid zwegen allen, alsof zij door een goeden of
339 2673 1256 2738 voor hem en Kathi, die vroeger ziin troost in
1269 2703 2179 2754 kwaden geest waren gewaarschuwd. Een ande¬
336 2713 1260 2767 droeve uren was geweest, begon hem te be¬
1261 2739 2172 2797 ren keer stond hij op wacht op den Ring, onder
345 2757 1252 2800 spotten. En toch voelde hij zich vrij van
1268 2781 2179 2839 hen die bij een rijtoer van een gekroond hoofd
331 2801 1245 2853 schuld. Hij had geen geluk. Duizend schreden
1268 2823 2183 2872 de afsluiting vormden. Hij moest het mede
338 2837 1248 2892 rond hem was alles rustig. Hij had op drukke
1273 2872 2172 2919 aanzien, dat tien stappen verder een jongere
332 2873 1259 2937 kruispunten gestaan, waar anders dozijnen
1268 2900 2173 2953 collega een argeloozen voetganger, die doof
349 2914 1260 2971 chauffeurs wegens te hard rijden, ja zeifs
1267 2943 2174 2992 was en geen idee had wat men van hem wilde,
339 2950 1257 3011 wegens ongelukken waren aangehouden, hij
1274 2982 2171 3027 wegens verzet arresteerde — en achter Engel¬
332 2997 1250 3044 had nachten, volgend op feestdagen, dienst ge¬
1269 3027 2178 3072 bert stonden de menschen urenlang als een
340 3034 1246 3090 daan in de beruchtste lokalen van de voorstad.
1276 3061 2186 3132 muur, drongen niet en niemand verbrak de
340 3082 1248 3130 uit welker deuren reeds menigmaal de kreet:
344 3111 1488 3176 „Ik ben gestokenl..“ had geklonken.... Ja hij afzetting.
3126 1381 3344 1432 te brengen
2238 1367 3095 1429 Maar het ergste gebeurde hem eens, toen hij
3132 1421 3348 1470 cavalerie-o
2199 1421 3105 1476 meende ziin doel bijna te hebben bereikt, want
3132 1461 3339 1510 gonnen ee
2208 1463 3103 1518 juist däar was het gedroomde geluk in de bit¬
3124 1497 3323 1548 herkende
2207 1497 3112 1560 terste teleurstelling veranderd. Het was cen
3140 1534 3348 1592 eenen offi
2208 1534 3110 1601 prachtige avond geweest, zooals nu, en Engel¬
3138 1577 3333 1629 voor hem
2207 1572 3103 1635 bert stond op wacht in de Rotentummstraat,
2207 1617 3114 1678 toen hij van verre een eleganten heer zag aan¬
3163 1615 3345 1680 Van dez
2207 1657 3106 1709 komen, die een klein meisje bij de hand hield.
3124 1663 3344 1716 maier er
2206 1695 3104 1755 De kleine scheen moe te zijn en de elegante
3134 1704 3324 1753 lot werd
2195 1735 3115 1799 heer sleepte haar voort. Zij zakte in elkaar en
3154 1745 3344 1803 Niet zo
2208 1769 3106 1831 de elegante heer hielp haar opstaan, de kleine
3134 1794 3336 1845 lega's, die
2213 1813 3107 1875 schreeuwde, de elegante heer schold zoo hard,
3126 1832 3345 1883 ningen en
2209 1857 3106 1903 dat Engelbert de woorden, die zeer dubbelzin¬
3121 1871 3335 1928 duister ve
2200 1897 3103 1946 nig waren, goed verstond. Het meisje jam¬
3122 1910 3341 1967 nate aper
2206 1924 3104 1980 merde: „Lieve beste vader, ik ben zo0 moel“
3120 1947 3333 2007 onderging
2206 1976 3102 2027 en zonk op de knieen, de elegante heer hief den
3123 1991 3336 2042 hem als
2210 2009 3104 2067 stok op en sloeg het meisje op het hoofd, zoo¬
3124 2030 3341 2083 hoon en a
2199 2050 3113 2103 dat het als dood neerviel. Menschen snelden
3126 2069 3330 2120 hem een
2206 2090 3114 2148 naderbij en Engelbert naderde met stralende
3126 2110 3349 2160 hun fatso
2215 2127 3120 2189 oogen. Het toeval was bizonder gelukkig, het
3124 2150 3345 2200 hadden da
2205 2170 3105 2214 was juist de tijd dat kindermishandelingen in
3126 2186 3316 2240 stond hij
2200 2204 3114 2257 het brandpunt der belangstelling stonden, met
3128 2228 3337 2279 dend bew
2212 2246 3109 2296 éen slag kon hij de man van den dag worden.
3124 2266 3343 2318 belacheljjk
2211 2278 3112 2339 Wat gingen hem overtredingen voor snelver¬
3119 2306 3346 2354 namen hu
2193 2317 3110 2382 keer aan, wat kleine steekpartijen? Hier was,
3122 2341 3344 2398 ward lawa
2195 2373 3100 2425 z00 hoopte hij, een moord op een klein kind
3123 2384 3324 2441 heen en
2205 2400 3098 2463 gebeurd, en hij was juist van plan in te grij¬
3123 2417 3323 2479 hij staan
2205 2445 3101 2495 pen. Met geweldige waardigheid baande hij
3117 2460 3340 2514 ken naar
2207 2493 3102 2539 zich een weg door de opeengepakte menschen.
3122 2500 3341 2552 het Prater
2197 2521 3107 2569 Maar wat moest hij zien? De menschen, die hij
3127 2542 3337 2595 weer. Ope
2197 2573 3098 2614 ontroerd dacht te zien, lachten, de elegante
3122 2576 3342 2630 die van d
2211 2599 3106 2655 heer zeide: „Ik heb het genoegen de heeren en
3117 2615 3339 2669 Het was
2210 2641 3098 2696 dames voor miin première, in de Bloemenzaal,
3128 2657 3338 2709 gespikkeld
2213 2680 3100 2731 hedenavond uit te noodigen' en op den grond
3128 2696 3336 2752 ten strooie
2199 2729 3100 2780 lag een houten pop. Nog wilde Engelbert de
3128 2737 3348 2786 steeds dich
2209 2769 3100 2813 zaak niet als verloren beschouwen, het kon
3125 2777 3336 2833 haar lach
2205 2798 3097 2852 hier misschien om een bizonder geraffineerde
3133 2817 3317 2867 stond
2212 2839 3098 2888 misdaad gaan, waarbij de moordenaar het doode
3125 2854 3336 2907 het nauwe
2201 2878 3099 2944 kind als pop en zichzelf voor buikspreker uitgaf
3126 2893 3332 2946 laatsten ti
3130 2935 3341 2989 zelfs dikwi
2212 2933 3098 2984 Maar toen Engelbert, op zijn knieèn liggend,
3154 2975 3346 3023 Nu merk
2204 2977 3106 3018 het houten kind in de glazen oogen keek, steeg
3119 3012 3336 3066 achter her
2207 3016 3102 3064 de vroolijkheid ten top. Maar nu bestond de
3133 3052 3333 3103 costuum, e
2205 3054 3101 3106 mogeljjkheid nog om den buikspreker wegens
2209 3091 3340 3149 openbare mishandeling naar het politiebureau delstok tu
