3436 4224
-12 1756 57 1798 201
-12 1794 56 1846 die
6 2310 63 2355 u
0 2503 56 2552 ter
1 2658 66 2710 eld
-10 2977 62 3020 erk
183 1376 407 1444 s, toen hij
190 1429 417 1485 reikt, want
193 1466 401 1519 in de bit¬
181 1500 407 1565 twas een
195 1540 415 1601 en Engel¬
184 1583 403 1640 ummstraat,
187 1624 416 1679 rzag aan¬
191 1666 402 1724 hand hield.
190 1701 410 1757 e elegante
199 1743 415 1797 elkaar en
196 1783 412 1836 de kleine
187 1822 421 1873 zo0 hard,
192 1858 414 1910 dubbelzin-
190 1904 421 1961 heisje jam¬
183 1938 416 1997 200 moe!“
189 1979 420 2036 er hief den
190 2022 425 2076 hoofd, zoo-
178 2058 426 2122 en snelden
208 2099 424 2146 stralende
177 2140 416 2193 lukkig. het
172 2181 420 2240 Gdelingen in
183 2216 413 2271 onden. met
174 2256 413 2313 ag worden.
177 2296 409 2365 r snelver¬
188 2331 420 2387 Hier was,
182 2376 417 2432 klein kind
191 2415 407 2467 in te grij¬
187 2450 411 2508 baande hij
193 2484 419 2549 menschen.
179 2533 423 2592 nen, die hi
221 2572 418 2624 elegante
185 2603 419 2663 heeren en
179 2649 409 2702 loemenzaal,
184 2689 418 2742 den grond
178 2724 427 2782 ngelbert de
200 2764 426 2820 het kon
181 2806 415 2859 eraffineerde
172 2847 423 2904 r het doode
172 2886 414 2950 reker uitgaf
183 2932 425 3005 en liggend,
182 2987 429 3039 keek, steeg
177 3054 423 3116 ker wegens
172 3102 429 3162 olitiebureau
523 128 655 200 in
663 130 785 203 Er
1133 128 1516 218 box 6/5
889 130 965 202 1
286 129 1003 245 39. K   0  6
2178 1286 2304 1350 ——
1871 1286 2005 1348 — —
1347 1370 2249 1423 aangewandeld, wat overigens ook een toeval kon
430 1373 1341 1443 te brengen, maar op dit oogenblik waren twee
1361 1419 2253 1469 ziin. Engelbert, die juist midden op de straat
422 1428 1331 1477 cavalerie-officieren naderbij gekomen en be¬
1364 1460 2257 1512 stond, ging naar het trottoir. Katherina bleef
429 1462 1328 1520 gonnen ecn gesprek met den artiest. Engelbert
1358 1503 2267 1548 voor hem staan en zeide nog steeds met het¬
424 1503 1335 1542 herkende verschrikt een aartshertog in den
1363 1539 2263 1597 zelfde lachje: Agent, wilt u mij alstublieft zeg¬
423 1542 1335 1599 eenen officier, begreep dat hier niets meer
1353 1576 1846 1634 gen waar het Prater is?“
428 1580 1169 1625 voor hem te doen was en sloop weg.
1386 1614 2259 1689 „Kathil“ riep hij uit. „Kathi, kom je heusch
463 1629 1345 1683 Van dezen dag af twijfelde Engelbert Fried¬
1357 1664 1647 1724 naar mij toe?“
429 1678 1327 1737 maier er niet meer aan, dat hij door het nood¬
435 1710 821 1773 lot werd vervolgd.
1395 1709 2261 1768 „Maar wat denkt u wel, agent.... dat mag
1363 1754 2260 1797 immers niet, u bent in dienst. Ik kom enkel
456 1740 1330 1806 Niet zonder woede keek hij naar zijn col¬
1359 1791 2262 1855 vragen hoe men het vlugst in het Prater
435 1795 1327 1852 lega's, die strenger waren dan de verorde¬
1466 1832 1503 1860 „
1353 1836 1498 1882 komt.“
437 1835 1344 1891 ningen en gevoeliger dan de wetten en een
1386 1860 2257 1930 De jonge man met het grijze costuum was
428 1871 1341 1929 duister verlangen om deze ernstig strevenden
1363 1910 2271 1960 aan den overkant blijven staan, het kon ook,
434 1916 1331 1964 na te apen ontwaakte in hem. Steeds sterker
1352 1946 1954 2006 dat hij op de tram wachtte.
431 1946 1338 2010 onderging hij de voorbeeldelooze orde rondom
1386 1976 2268 2043 „Kathi“, zeide Engelbert, „wat is dat lief
437 1994 1338 2041 hem als een persoonlijk tegen hem gerichten
1357 2029 1538 2089 van je.“
432 2034 1341 2085 hoon en al de menschen uit ziin wiik schenen
1392 2036 2259 2117 „Wat is lief van mij? Ik had het ook aan een
437 2081 1346 2124 hem een bende samenzweerders toe, die met
1356 2119 2267 2160 ander kunnen vragen, maar omdat ik toevaliig
431 2121 1342 2163 hun fatsoenlijkheid niets anders op het oog
1352 2148 2263 2189 voorbij kom en omdat ik anders zooveel
430 2161 1341 2213 hadden dan hem te gronde te richten. Zoo
1360 2185 2265 2234 respect voor de politie heb, en omdat u mij zo0
432 2187 1339 2241 stond hij ook heden op zijn post in het woe¬
1351 2213 2273 2269 onvriendelijk aankeek. Ja heusch, men ziet het
431 2225 1344 2277 dend bewustzijn van zijn overbodigheid en
1361 2258 2284 2318 dadelijk aan u. dat u nog niemand wat hebt
428 2282 1343 2323 belachelijkheid. De nacht viel, late wandelaars
1362 2303 1549 2357 gedaan'
436 2309 1337 2364 namen hun weg naar het Prater vanwaar ver¬
1392 2312 2252 2393 Het beefde een weinig om Engelberts mond¬
424 2344 1334 2400 ward lawaai tot hem doordrong. Engelbert liep
1354 2375 2260 2431 hoeken. Wat wilde zij van hem? Was zij enkel
430 2386 1339 2443 heen en weer, heen en weer. Dikwils bleef
1356 2428 2265 2474 hier gekomen om hem te plagen? Juist reed
426 2427 1339 2473 hij staan en keek de straat af, liet ziin blik¬
1364 2470 2265 2510 een tram voorbij, de grijze jonge man stapte
438 2474 1339 2511 ken naar het Noordwesterstation gaan en naar
1353 2494 2267 2561 niet in. Maar hij moest misschien naar de an¬
426 2504 1337 2560 het Praterstern en dan liep hij weder heen en
1364 2536 1663 2595 dere richting.
436 2540 1341 2593 weer. Opeens ontdekte hij een bekende figuur,
1395 2557 2269 2620 „Waarom zegt u niets, commissaris?“ vroeg
422 2584 1333 2623 die van de Taborstraat steeds meer naderde.
1355 2612 2262 2670 Kathi. „Bent u niet, volgens uw instructies,
433 2613 1344 2684 Het was Katherina, in een blauw met wit
1362 2655 2274 2714 verplicht de burgers beleefd te woord te
436 2673 1337 2717 gespikkeld, zijden japonnetje, een kleinen wit¬
1355 2697 1515 2755 staan?“
433 2702 1323 2752 Sten strooien hoed op en een rooden parasol;
1402 2711 2266 2785 „Kathi, ik smeek je, plaag mij niet, dat houd
425 2745 1328 2796 steeds dichterbij kwam zij en Engelbert zag
1369 2773 1725 2830 ik niet meer uit'
432 2779 1333 2835 haar lachen. Zij wist, dat hij hier op post
1394 2796 2263 2861 „Ja, zeide Kathi, terwijl zij op haar teenen
438 2812 1334 2869 stond wilde zij hem opzoeken? Hij waagde
1367 2846 2265 2912 ging staan maar zich dadelijk weer liet vallen,
441 2855 1336 2905 het nauweliiks te hopen, want zij was in den
1360 2893 2261 2952 dan moet ik het aan iemand anders vragen.
437 2891 1332 2956 laatsten tid heelemaal niet lief, bespotte hem
1370 2930 1867 2993 Ik heb de eer, mijnheer“
433 2938 1222 2995 zelfs dikwiils. Zjj kwam naar hem toe.
1397 2973 1592 3032 „Kathi“,
459 2955 1335 3022 Nu merkte hij ook, dat ongeveer tien schreden
1400 2987 2272 3068 „Wat is er? Kijkt u mij toch niet zoo boos
430 3016 1340 3063 achter hem, een jonge man in een lichtgrijs
428 3053 2103 3124 costuum, een sigaret in den mond en een wan-] aan, anders word ik werkelijk bang“.
1408 3079 2265 3143 Een tram reed voorbij, in de tegenoverge¬
434 3102 1347 3155 delstok tusschen de vingers draaiend, kwam
1103 3255 1178 3333 40
581 3281 803 3369 LWEISZ
630 3323 1227 3419 Gchime Mioohkcilfsrhaat 36
2280 1372 3189 1430 stelde richting. De jonge man stapte niet in.
2280 1418 3195 1479 Hij stond als vastgeworteld aan den overkant
2286 1462 3191 1510 en draaide zijn wandelstok. „Kathi, iemand
2285 1494 2659 1550 loopt je achterna“.
2315 1539 3182 1584 „Is het heusch?' Zij keerde het hoofd om en
2286 1574 3191 1627 keck met een erg vriendelijken blik naar den
2277 1614 3200 1665 jongen man. De jonge man keek juist één of
2280 1663 3192 1708 ander voorwerp na, dat naar den hemel vloog,
2282 1697 3191 1755 misschien was het een zwaluw, misschien een
2286 1734 3193 1796 vlieg, misschien een ballonnetje., in ieder ge¬
2284 1777 2782 1833 val zag Engelbert niets.
2323 1806 3191 1869 „Arresteert u hem toch, agent, wegens.
2283 1858 3196 1908 wegens wachten, als we meer ervaring hadden
2286 1900 3195 1950 zouden we heel goed weten, waarop.... Juist,
2279 1935 3199 1993 ik heb het, wegens moedwillige beschadiging
2289 1980 3200 2028 van andermans eigendom.. Dus. goeden¬
2280 2018 3195 2068 dag agent, ik zal zelf het Prater wel vinden“.
2322 2058 2511 2109 „Kathi“.
2316 2083 2596 2159 „Wat is er?“
2327 2136 2708 2194 „Wil je weggaan?“
2324 2152 3202 2227 „Ja, denkt u soms, dat ik hier kom om u bij
2285 2217 3194 2271 uw rondgang te storen? Dat zou er voor u nog
2281 2266 2921 2315 maar bij moeten komen. Adieu.
2319 2290 3199 2358 Zij liep door. Hij volgde haar. „Kathil“ riep
2281 2332 2519 2390 hij. „Bliit!“
2320 2363 3193 2429 Zij keerde zich omten keek hem met groote
2288 2415 2535 2468 oogen aan.
2327 2430 3196 2515 „Alsjeblieft Kathi, blijf, z00 kun je toch niet
2287 2491 2926 2555 weggaan. Zeg mij tenminste...“
2325 2532 2479 2589 „Wat?“
2321 2561 3201 2625 „Dat je nog van mij houdt.. Kathi, ik
2295 2608 2515 2669 smeek je“.
2329 2627 3186 2713 „O, neen, daar is miin respect te groot voor
2289 2687 2852 2751 Dus ik ga naar het Prater“.
2324 2726 2774 2789 „Kathi, meen je dat?“
2321 2746 3187 2817 „Ik zal toch niet zoo brutaal zijn met een
2285 2799 3191 2859 agent in functie den draak te steken. Natuurlijk
2282 2849 3195 2903 is het mij ernst. Ik ga nu naar het ringsteken
2281 2892 3198 2937 kijken, dan ga ik naar Präuscher, dan ga ik in
2280 2936 3205 2973 de rutschbaan, dan ga ik naar het behekste
2295 2958 3199 3022 huisje, dan ga ik. weet je commissaris,
2285 3007 2581 3062 een ander
2319 3046 2518 3114 „Kathi“.
2894 3074 3168 3139 Slot volgt.
