3436 4224
167 140 628 210 5. Liebele
313 185 830 250 ee een de eeees eseeAA
840 132 1283 225 box 13/2
1514 122 1818 193 ##tamne 7
1539 194 1695 342 2
1420 388 2783 532 TEATRI E CONCERTI
1930 522 2023 560 —
2077 545 2842 621 la terza rappresentazione del Lohen¬
1357 584 2083 652 Chiarella: Cristina di Schnitler.
2069 598 2825 657 Orin in turno pari di abbonamento, in¬
1376 631 2822 682 II lavoro ha alcune decine d’anni, es-scerpreti: Aureliano Pertile, Maria Ca¬
1343 672 2828 716 sendo uno dei primi del notissimo au- ilglia, Anny Helm, Giuseppe Danise,
2097 698 2835 750 Giulio Tomei e Ottavio Serpo. Diret¬
1353 715 2092 768 tore austriaco; e gia & comparso, seb¬
2099 743 2597 791 vore Max von Schillings.
1345 748 2091 793 bene ormai da lungo tempo, sulle sce¬
2121 759 2827 827 & Per domani sera, domenica, é sta¬
1350 772 2102 836 ne italiane, con altro titolo. Già in que¬
2102 808 2832 852 bilita la pemultima rappresentazione
1349 823 2088 867 sta Cristina lo Schnitler, col suo fon¬
2095 838 2830 889 della Luisa Miller diretta da Franco
1351 854 2092 897 do romantico e sentimentale, imposta
2097 877 2830 922 Paolantonlo, in spettacolo a prezzi po¬
1345 888 2089 928 quello che doveva essere uno dei suol
2108 908 2823 957 polari. Sono quindi disponibili tutti i
1344 921 2095 965 temi preferiti, cios l’incomprensione in
2099 943 2842 992 Salchi e le poltrone. L’opera di Verdi
1345 956 2094 997 amore fra uomo e donna; tema che
2096 975 2829 1027 avrà, naturalmente, gli stessi inter¬
1355 996 2094 1030 svolse piü tardi nel Girotondo dell’amo¬
2109 1014 2841 1068 préti: Gilda Dalla Rizza, Francesco
1339 1024 2091 1070 re, con arditezze ed anche con crudezze
2098 1041 2833 1102 Merli, Carlo Galeffi, Glulio Tomel,
1352 1059 2092 1106 realistiche e con intonazione beffarda e
2103 1079 2841 1133 Nadia Kovaceva, Ernesto Dominicl,
1348 1090 2093 1133 pessimistica. C’é già adunque in Cristi¬
2108 1115 2679 1174 Natalia Nicolini e Luigi Cilla.
1353 1130 2092 1175 na la personalità del pocta e dell’uomo
2594 1141 2837 1199 continuerà
2127 1148 2592 1204 * Le vendita dei posti
1348 1158 2111 1212 di pensiero, e c’é altresi lo stile dell'uc¬
1341 1174 2852 1239 mo di teatro, glacché questi tre attl,dalle 10 in pol alla Segreteria del
1354 1233 2270 1281 pure fra qualche lentezza e ingenuità, Reglo .
1357 1266 2117 1322 raggiungono una bella efficach erspri¬
1348 1299 2010 1356 gienano un certo alone di poesia.
1398 1342 2120 1390 Cristina, delicata e sensitiva crcatu¬
1347 1368 2123 1426 ra, figlia di un vecchioe modesto suo¬
1355 1412 2123 1463 natore di violino, si innamora dello stu¬
1344 1448 2111 1502 dente Fritz, e il suo amore & totale de¬
1358 1484 2119 1535 vozione, é sentimento nobile pieno ed
1349 1520 2108 1561 assoluto, che innalza e trasfigura. Non
1351 1551 2116 1594 altrettale & l’amore di Fritz per lei. II
1366 1586 2114 1636 giovane é perdutamente preso dalla
1357 1622 2116 1674 passione per una signora, e la relazione
1354 1655 2109 1697 procede fra continui tormentosi timori,
1348 1689 2120 1733 sotto l’incubo del pensiero che forse 11
1347 1725 2110 1768 marito di lei sa e spia. Come per to¬
1353 1752 2112 1808 gliersi da questa ossessione, quasi per
1351 1804 2117 1838 svagarsi, egli ha accettato l’amore del¬
1345 1824 2110 1870 la buona e ingenta fanciulla; ed anche
1359 1862 2113 1907 quando & con lei, il suo pensiero corre
1358 1892 2121 1930 all’altra. Un glorno il marito della sun
1349 1926 2130 1970 amante scopre il tradimento, e lo sfida
1354 1967 2134 2010 a duello. Egli presenté la morte, e per
1362 1992 2115 2046 la prima volta si reca nella povera e
1358 2027 2117 2079 linda abitazione di Cristina, dove final¬
1356 2065 2122 2113 mente, ma troppo tardi, comprende che
1363 2098 2128 2145 la sua felicità era qui, accanto all'umi¬
1353 2134 2123 2193 lie, appassionata creatura anziche pres¬
1358 2172 2130 2209 so l'altra, la donna fatale. Se ne va,
1367 2203 2123 2256 senza trovare l’estrema sincerità di
1360 2240 2126 2283 confessarsi alla fanclulla, facendole cre¬
1356 2264 2118 2320 dere a una 'prossima partenza. Nel
1352 2306 2118 2351 duello egli cade ucciso, e la rivelazione
1358 2344 2117 2398 é un colpo di mazza per la povera Cri¬
1354 2371 2107 2421 stina. Per un' altra, adunque, egli &
1365 2410 2129 2458 morto. Mentre essa lo circondava del
1364 2445 2134 2485 piü puro e profondo amore, egli ad
1352 2482 2128 2525 un' altra pensava, per un' altra si tor¬
1359 2514 2124 2568 mentava, per un' altra si apprestava a
1358 2549 2128 2595 sfidare la morte. Non st sono compresi,
1354 2569 2132 2632 je il sacrificlo di entrambi cade nei nul¬
1353 2621 2124 2664 (la. Acerbo, lacerante, inumano é il do¬
1362 2645 2127 2691 lore di Cristina. Correre sulla tomba
1372 2684 2114 2718 dell'amato, ma non per piängeré, sib¬
1363 2713 2117 2766 bene per trovarvi anch’essa la morte.
1393 2743 2130 2796 II lavoro é stato messo in scenae re¬
1354 2789 2125 2825 citato dalla Compagnia di Kikt Palmer
1369 2817 2126 2872 con la consücta dignità, fatta di sottile
1368 2853 2125 2900 elaborazione e di signorlle accuratezza.
1363 2888 2118 2931 Elegante ed armomoso il quadro sceni¬
1376 2919 2128 2966 co, ed efficacs, equilibrata e fusa l’in¬
1366 2952 2126 3001 terpretazione. Unn duttile intelligenza
1371 2988 2127 3028 ed una mano sicurd hanno guldato l’in¬
1373 3020 2131 3062 sieme attraverso i tre atti, con notevo¬
1366 3060 2125 3110 lissima varietà e proprietà di accento.
1380 3092 2128 3138 Colorita, vivace, spontanca la recita¬
1367 3130 2130 3181 zione nelle scene goliardicamente fe¬
1370 3159 2125 3203 stose del primo atto, si é fatta serrata,
1366 3197 2114 3239 incisiva, fremente nelle scene ove il
1376 3229 2133 3281 dramma maturava e scoppiava. Kiki
1365 3265 2128 3312 Palmer ha vinto una nuova battaglia
1364 3299 2129 3349 della sua breve e già valida carriera.
1368 3330 2110 3373 Essa & stata tutta tenerenza e dolcez¬
1357 3366 2114 3408 za, tutta contenuta passione nel suo a¬
1369 3404 2121 3454 mor patrio, e, nella disperazione della
1362 3433 2121 3478 tremenda delusione, pur con una mira¬
1367 3477 2117 3528 bile sobrietà di mezzi, ha ottenuto ac¬
1361 3505 1910 3565 centi di profonda umanità.
1395 3529 2133 3598 II pubblico l’ha ascoltata commosso
1368 3572 2133 3633 ed alla fine del due ultimi atti, ove piü
1359 3618 2118 3663 brillö la sua fresca arte, la salutó con
1372 3649 2114 3694 numerose e convinte chiamate. Egre¬
1377 3683 2127 3746 glamente hanno pure recitato i suoi
1374 3713 1601 3758 compagni.
1400 3751 2118 3806 Questa sera Cristing viene ripetuta.
1367 3776 2128 3856 Domani L’adolescenza di und regina
1373 3830 2116 3873 di Sil-Varae Marioe Maria di Saba¬
1368 3858 2112 3914 tino Lopez. Lunedl un'interessante ri¬
1374 3890 2132 3943 ioresa: Aidelberg min di G. Meyer
1385 3918 2133 3981 Foerster, col nuovo titolo Principe
1375 3967 1578 4020 sudente.
1583 3971 1675 4021 00
1407 4016 2126 4082 ALL’ALFIERI, per lo spettacolo in
1364 4070 2133 4110 onore di Serglo Töfano, é accorso ieri
