3436 4352
478 168 757 246 iebele
274 163 1409 280 5. Llesssei box 10/1
1525 816 1881 881 Kesichte W „.
2540 826 3002 900 I Ureorei Wi.,
523 822 3375 950 Glauser und Ingenieur Klingsbiegl eine auf die Gesundung Kranker, sondern vielmehr die Verhütung prinzen Friedrich, dem nachmaligen Friedri¬
527 891 2027 955 mehrere Wochen berechnete Studienreise an, welche sich von Krankheiten erkannt.
2517 930 3387 982 [Großen, die über ihn verhängte Todes
1606 931 2532 1016 Nicht nur den kranken Menschen gesund zu machen,
2522 967 3331 1007 wegen seiner Desertion zu erlassen. -
541 992 3389 1061 seiner ersten, Christine gehr am gebrochenen Herzen zu sondern den gesunden Menschen gesund zu erhalten, ist Ludwig Ferdinand Schnorr v. Carol
543 1037 1395 1104 Grunde als das Opfer seiner zweiten Liebelei.
1530 1049 3353 1102 Zweck und Ziel des ärztlichen Berufes. Um dahin zu deutscher Maler, zu Königsberg geboren. “
3275 1064 3395 1132 187
2522 1079 3247 1138 Varna kapitulirt an die Türken. —
603 1059 2529 1132 Der Konflikt ist ernst genug, um eine Vertiesung gelangen, ist es aber nothwendig, daß die ganze Konsti¬
3240 1090 3297 1150 g•
3187 1113 3358 1173 1878:
2520 1118 3147 1176 Deutschen besetzen Orleaus.
536 1110 2522 1177 zu ertragen, aber Schnitzler tändelt mit der Muse wie tution des Menschen von allem Anfange an auf eine
2526 1134 3389 1208 [Oesterreichs mit Preußen betreffend d
539 1169 1556 1222 seine jungen Helden mit ihren Liebchen. In dem sicht¬
1536 1166 2532 1227 vernünstige Grundlage gestellt werde — von Kindheit
2521 1188 3390 1251 hebung des Artikels V vom Prager Friede
543 1211 1536 1266 baren Ehrgeiz, nicht nur ein Stück, sondern ein Wie¬
1543 1211 2526 1261 an muß darauf gesehen werden, daß die Naturkräfte
2524 1237 3390 1281 von Schleswig=Holstein handelt. — 18869
527 1240 1548 1305 ner Stück zu schaffen nach dem Muster der Berliner
1543 1258 2526 1313 im Menschen sich ungehemmt entwickeln. Und da ist es
2525 1269 3240 1315 [Schönborn wird Justizminister. —
3219 1267 3389 1326 1889:
529 1304 1543 1361 Schauspiele Sudermann's zersplittert er seine Kraft an
1544 1298 2526 1362 nun mit großer Freude zu begrüßen, daß ein anerkann¬
2518 1303 3381 1364 des Kaisers von Rußland in Berl
541 1339 1544 1392 der müßigen Spielerei, Wiener Typen zu formen.
1541 1339 2533 1396 ter Fachmann den Eltern mit Rathschlägen an die
2530 1335 3375 1414 1892: Der deutsche Kaiser in Wien. —
2523 1381 3248 1441 Bombenattentat in Grottau.
1538 1385 2527 1455 Hand geht, wie sie ihr Kind gesund erhalten und zu
527 1384 1551 1448 Dabei zerfasert er den ohnehin dünnen Faden der
2649 1418 3378 1471 Hof= und Personal=Nachrichten.
533 1422 2353 1485 Handlung so sehr, daß er ihn kaum mehr zusammen= kräftiger Entfaltung gelangen lassen können.
2528 1456 3387 1513 zessin Gisela von Baiern ist gestern aus M
528 1466 1553 1538 zuknüpsen vermag, ohne dem Stücke mehr als
1599 1446 2535 1530 Dr Karl Hochsinger, der Abtheilungsvorstand im
2520 1501 3386 1550 hier eingetroffen und hat nach kurzem Aufentha
536 1506 1413 1562 ein rein äußerliches Lokalkolorit zu
1548 1500 2520 1565 ersten öffentlichen Kinder=Krankeninstitute in Wien,
1389 1515 1548 1575 geben.
2531 1532 3386 1588 dem Orientzuge die Fahrt nach Gödöllö fortge
539 1552 1549 1615 Selbst die liebenswürdige Kleinmalerei in der Souper¬
1539 1552 2528 1618 hat soeben in Franz Deuticke's Verlag (Wien) ein Buch
2517 1573 3383 1626 Gestern ist der Generalmajor d. R. Adolf Ed
530 1604 1540 1656 szene des ersten Aktes trägt nirgends ein charakte¬
1547 1607 2526 1659 erscheinen lassen, das sich „Gesundheitspflegedes
2525 1619 3388 1664 [Kirsch im 64. Lebensjahre gestorben. — Am
1539 1645 2521 1696 [Kindes im Elternhause“ betitelt und in aus¬
535 1641 1538 1698 ristisches Wiener Gepräge. Die Probe auf diese Be¬
2524 1657 3383 1700 tag ist hier Herr Dr. Otto Kleiber, Profess
1529 1689 2522 1742 führlicher Weise und in leicht faßlicher, allgemein ver¬
541 1686 1552 1754 hauptung ist leicht zu machen. der Autor lasse statt des
2526 1699 3385 1741 Döblinger Gymnasium und an der gymnasialen M
2520 1739 3393 1810 schule. ein äußerst tüchtiger Philologe, 35 Jah
536 1733 2532 1793 populären Doppeladler=Marsches ein nicht minder be¬ ständlicher Form den Eltern Anweisungen gibt, wie sie
1545 1781 2714 1845 das Kind von dessen Geburt bis zur Beendi= gestorben.
528 1778 1545 1838 kanntes deutsches Volkslied, etwa die „Loreley“ spielen
2645 1791 3367 1864 Das Schindler=Denkmal. Am
532 1802 1542 1869 und singen, und sehe dann nach, was von seinen
1543 1820 2392 1893 gung der Schulpflicht behandeln sollen.
1601 1874 3393 1923 Das Buch ist in drei Hauptabschnitte eingetheilt. Montag soll ein Denkmal des verstorbenen Land
533 1858 1540 1917 Wienern und ihrem Wienerthum übrig bleibt. Etwas
535 1904 1545 1957 haltbarere Wiener Lokalfärbung tragen nur die Figuren
1547 1898 2529 1960 Der erste befaßt sich mit den Besonderheiten der
2518 1913 3391 1969 malers Schindler im Stadtparke enthüllt werden
1545 1942 2534 2005 Säuglingspflege, der zweite behandelt die all¬
531 1947 1545 2010 der Mizi und der Strumpfwirkersfrau, und auch daran
2514 1961 3390 2017 Monument, eine Schöpfung des bekannten Bil#
1543 1996 2525 2057 gemeinen Regeln einer Gesundyeits¬
543 1995 1543 2045 habe das resolute Spiel des Fräulei.: Kallina und
2519 2007 3396 2070 Professors Helmer, stellt Schindler's Gestal
1537 2039 2519 2092 #blege des Kindes, der dritte ist der Be¬
528 2039 1545 2108 des Fräulein Walbeck einen nicht zu unterschätzenden
2525 2047 3395 2123 einem Felsblock sitzend, in Lebensgröße dar. Vo#
1534 2080 2520 2133 sprechung der häuslichen Pflege des Schulkindes
537 2082 1551 2139 Antheil. Alltägliche Menschen alltäglich sprechen zu
2525 2097 3391 2165 ist es dem Meister gelungen, das Wesen Schind
527 2111 2530 2179 lassen, wie es die Jünger der neuen Schule im Interesse gewidmet. Mit einem ganzen Wust von unbegründeten
2529 2145 3388 2203 allen Details festzuhalten, welche diesen im
1542 2168 2531 2218 Vorurtheilen und abergläubischen Anschauungen wird
537 2167 1558 2234 des sogenannten „Verismus“ thnn, mag immerhin an¬
2513 2194 3397 2266 charakterisirten. Das Denkmal dürfte ein schöner
1542 2210 2531 2277 in diesem hochinteressanten und bedeutenden Werke auf¬
531 2214 1548 2272 gehen, wenn nur die Gedanken nicht alltäglich sind,
2508 2235 3385 2302 des Stadtparkes werden. In nächster Zeit soll
1542 2254 1733 2322 geräumt.
528 2252 1542 2305 wenn sich der Drang nach Natürlichkeit auf der Bühne
2507 2296 3398 2358 in den Anlagen dieses öffentlichen Gartens T
1598 2280 2517 2350 Wir können aus der reichen Fülle des hier ge¬
539 2292 1553 2345 nicht in glatten Aeußerlichkeiten erschöpst, und die
1550 2318 2518 2393 botenen Materials nur einige Verhaltungsmaßregeln,
542 2339 1549 2399 Veristen die Wahrheit auch dort zu suchen bemüht
2511 2337 3371 2407 [Makart=Standbild zur Aufstellung
1540 2388 2456 2438 gegen die am meisten gesündigt wird, hervorheben.
545 2385 1542 2444 sind, wo sie am nothwendigsten ist: in der Ausge¬
2511 2392 3395 2445 Auch besteht der Plan, neben diesen neuen pla
1602 2432 2528 2481 Daß beim Sängling zweckmäßige Ernährung,
532 2421 1557 2493 staltung der Charaktere und Situationen. Ge¬
2516 2440 3399 2507 Schöpfungen, welche sich dem Charaiier der s#
1549 2443 2517 2523 peirliche Sauberkeit und pünktliche Regelmäßigkeit die
528 2459 1546 2519 rade hier aber liegt der wundeste Punkt des
2506 2475 3400 2559 stehenden Denimäler Schubert's und Zel
1545 2507 2503 2565 Grundpfeiler der Gesundheit sind, weiß zwar Jeder —
544 2505 1554 2573 Schnitzler'schen Schauspieles. Die Situationen sind so
2513 2521 3407 2603 anschließen, weitere Kunstwerke unserer Bildhau
1548 2539 2524 2607 wie oft wird aber gegen diese Regeln gefehlt! Dr. Hoch¬
540 2556 1543 2625 schwankend und dünn gesäet, daß der dritte Alt
2517 2583 3401 2657 zustellen. An Seiffert's Bildniß des ##
1544 2596 2523 2651 singer verwirft mit aller Entschiedenheit die Unsitte des
543 2607 1546 2666 unmittelbar auf den ersten folgen könnte, ohne eine
2524 2632 3397 2700 dichters Bauernfeld, das die Züge des östeh
1541 2641 2519 2694 Einwickelns der Säuglinge mit dem sogenannten Wickel,
537 2628 1551 2690 Lücke zu hinterlassen und die Charaktere der Haupt¬
2519 2679 3388 2737 schen Dichters so treffend wiedergibt, dürfte
1553 2686 2518 2735 er spricht sich gegen den Gebrauch des Schwammes
536 2685 1558 2751 personen sind so schattenhaft verschwommen stizzirt, daß
539 2736 2521 2796 selbst die geübte Hand so trefflicher Künstler, wie der bei dem Waschen der Kinder aus und schlägt dafür ent¬
2521 2730 3390 2786 gedacht werden. Dies Werk wäre, in seiner Besch
541 2776 2523 2822 Herren Sonnenthal, Zeska, Kutschera und fettete Bruns'sche Verbandwatta vor; er widerräth dem
2520 2771 3390 2828 heit wirksam, ein angemessenes Erinnerungszeich
1547 2816 2525 2865 Gebrauch der Wiegen und aller schaukelnden Bewegun¬
539 2806 1567 2892 Fräulein Sandrock, die ihr Bestes gaben, ihren
2514 2817 3394 2877 den Lustspieldichter. Man hat das vollkomme
540 2853 2515 2918 Figuren feste Umrisse nicht zu verleihen im Stande gen, um den Schlaf des Kindes herbeizuführen, ebenso
2519 2874 3396 2942 endete Modell der Herme in der diesjährigen
545 2907 2527 2965 war. Die schöne Talentprobe, die Schnitzler im dem Einsingen in Schlaf. Das Ueberfüttern der Säug¬
2524 2908 3401 2980 ausstellung im Künstlerhause bewundern können.
543 2941 2533 2997 „Märchen“ gab. fanden wir in seiner „Liebelei“ aller= linge, insbesondere die Gewohnheit, dem schreienden
2612 2964 3394 3027 *Von der Universität. D. juristische #
550 2989 2521 3046 dings von Neuem bestätigt, aber auch nicht mehr. Hossent= Kinde zur Beruhigung gleich Nahrung zu geben, wird
2516 2991 3393 3064 hat schon durch die kürzlich eingetratene Erkranku
550 3032 2524 3102 lich wird der begabte junge Schriftsteller diese „Liebelei“ getadelt, nicht minder die „Lutschbeutel“, welche allerlei
2512 3056 3392 3123 Strafrechtslehrers Brunnenmeister eine gro
556 3071 2189 3136 die letzte sein lassen und nun einmal auch mit der dra= Mundkrankheiten zur Filge haben.
1615 3119 3389 3175 Ueber die zweckmäßigste Nahrung und über die buße erlitten; nun mußte auch Dr. Franz Hofma
540 3109 1474 3200 matischen Muse ein festeres Verhältniß anknüpfen.
1134 3157 3397 3238 Arthur Bunzl. verschiedenen Milchsurrogate, sowie über das Zahnen Folge Erkrankung seine in diesem Semester an
