3436 4224
397 190 668 260 iebele
889 190 1328 273 box 13/1
322 216 805 299 nen eeen en een .
2569 644 2819 709 Seite 47
1219 645 1946 739 REICHSFILMBLATT
354 660 674 752 Nr. 11/1927
1851 773 2214 862 V—
1734 977 1995 1062 Wnnhnlhah.
535 980 621 1066 1
1602 1092 2811 1136 ein liebes Bild. F. Louis Lerch ist ein Student nach unserem
847 1079 1081 1167 Liebelei
1604 1120 2797 1168 Wunsch, er hat viele gute Momente. Vivian Gibson ist sehr
371 1141 1568 1218 7 Akte. — Länge: 2800 Meter. — Fabrikat und Verleih:
1587 1161 2801 1214 dekorativ, sicht allerdings nicht immer gleichmäßig aus, ist
1592 1201 2811 1251 aber hier viel gelöster als sonst. Stuart, Fürth, Platen, Hilde
534 1200 1400 1278 Hegewald. — Uraufführung: Primus-Palast.
1587 1248 2816 1306 Maroff und Robert Scholz vervollständigen das ausgezeichnete
362 1245 748 1328 Allgemeines:
1594 1290 1827 1344 Ensemble.
406 1301 1575 1358 Schnitzlers zartlinige pastellfarbene, süße und traurige
1597 1330 1898 1392 Technik:
370 1353 1574 1405 „Liebelei“ hat man ins betrieberfüllte Filmatelier — zum
1630 1359 2810 1421 Hoesch hat klar und angenehm photographiert, Rotmils
360 1382 1578 1438 zweitenmal — umgepflanzt. Es ist nun daraus ein handfestes
1593 1414 2321 1470 Bauten wirken gleichfalls unauffällig.
367 1429 1575 1478 Volksstück geworden, das „edle Blut“ der Schnitzlerschen
1597 1451 2082 1504 Theatergeschäft:
369 1473 1578 1517 „Liebelei“ fehlt nun; aber die Frauen, die das Herz auf dem
1631 1464 2778 1554 Der geschäftliche Erfolg steht außer Zweifel. F. H—1.
372 1510 1581 1568 rechten Fleck haben, weinen, teils offenkundig, teils abgestuft
359 1551 1473 1606 nach dem Bildungsniveau, herb, gehemmmt, verschämt.
2736 1492 2840 1627 *
363 1591 738 1670 Manuskript:
1963 1589 2435 1668 König Amazonas
476 1631 1572 1702 also ist der Erfolg schon erstritten, während ,sich die
1594 1646 2809 1726 6 Akte. — Länge: 2368 Meter. — Hersteller und Verleih: Ufa.
369 1691 1572 1731 männlichen Begleiter dieser Frauen — abgestuft nach dem
2010 1707 2514 1773 Uraufführung: Mozartsaal.
372 1731 1576 1777 Bildungs-Niveau — noch pedantisch ihre Gedanken machen
1591 1741 1977 1813 Allgemeines:
360 1773 1581 1813 über das etwas derbe Manuskript, über die Aktualität und
1619 1762 2802 1838 Dieser Film ist auf einer Expedition quer durch Südamerika
371 1810 1577 1863 Glaubhaftigkeit des so Gebotenen. Herbert Jutike und Georg
1591 1813 2811 1886 aufgenommen. Er ist der beste aller Filme, die wir bisher von
363 1871 1579 1920 C. Klaren haben, kurz gesagt, eine „Liebelei“ geschrieben, die
1598 1872 2793 1923 südamerikanischen Expeditionen kennen lernten, Niemals lang¬
1596 1894 2797 1959 weilig, stets abwechselnd, unerhört viel bietend, dabei technisch
1601 1941 2811 2000 ganz ausgezeichnet. Kulturfilme wie diese sieht das Publikum
1596 1985 2452 2056 lieber als Dutzende gewöhnlicher Spielfilme.
1593 2032 1809 2089 Inhalt:
1623 2071 2812 2118 Die Expedition führt von der Ostküste Brasiliens den
1599 2105 2804 2152 Amazonas entlang aus den Gegenden der Zivilisation in die
1600 2146 2803 2200 Gebiete der wilden Indianer, bis hinauf in die Kordilleren, in
1596 2181 2813 2240 das ehemalige Inkareich und von dort abwärts zum Pazifik.
1602 2218 2799 2274 Er gibt Einblick in die landschaftlichen Schönheiten, in die
1600 2268 2798 2315 Sitten und Gebräuche der Eingeborenen, läßt die Größe der
1594 2298 2805 2364 versunkenen Macht der Inkas ahnen. Poesie umwebt die Bilder
1606 2345 2799 2393 aus den Urwäldern, von den Strömen und den wuchtigen
1600 2377 2798 2442 Felsenbergen. Die Bearbeitung von Walter Jannings ist sehr
1597 2424 1826 2483 geschickt.
1605 2464 1812 2519 Regie:
1623 2476 2805 2538 Die Expeditionsleistung lag in den Händen von William Mc.
1602 2539 2796 2590 Goevern, der das Hauptverdienst am guten Gelingen dieses
1602 2578 2803 2631 Expeditionsfilms hat, Unter welchen Mühen und Opfern er
1603 2621 2336 2682 gearbeitet hat, kann man nur ahnen.
1606 2665 1872 2716 Technik:
1621 2691 2794 2755 Die Photographie von Johannes Männling verdient aller¬
1595 2757 2797 2798 größtes Lob. Er hat die Landschaft erfaßt und schenkt sie uns
1593 2778 2797 2832 mit allen Reizen. Dabei ist die Photographie so-klar, wie man
1591 2819 2505 2872 sie selten bei solchen Expeditionsfilmen findet.
1608 2861 2085 2920 Theatergeschäft:
1634 2880 2797 2954 Der Film ist geeignet, auch ein Publikum, das sonst wenig ins
1600 2944 2800 2983 Kino geht, heranzulocken und restlos zu befriedigen. An seinem
1601 2977 2450 3033 geschäftlichen Erfolg ist nicht zu zweifeln.
1801 3071 2586 3156 Lützows wilde, verwegene Jagd
363 3093 1567 3166 der Masse des Kinopublikums sehr ans Herz gehen wird, denn
1601 3145 2804 3195 7 Akte. — Länge 2960 Meter. — Hersteller: Richard Oswald
359 3164 1576 3205 es ist, des Volkes Herz zu rühren, alles da: Leichte Fröhlichkeil,
366 3188 1574 3230 Jugendliebe, die girrende Kokett,e Freundestreue, Vaterliebe,
1596 3185 2799 3232 Produktions G. m. b. H. — Verleih: Berlin-Osten: Richard
1594 3225 2806 3283 Oswald Prod. G. m. b. H. — Mitteldeutschland: Domo-Strauß¬
363 3230 1574 3283 es ist alles da, und es ist in guten und akzeptablen Mengen
1596 3267 2791 3308 Film. — Norddeutschland: Union-Film. — Rheinland-Westfalen:
363 3269 1572 3320 da, und wir sind doch erschüttert und denken nicht mehr an
1601 3304 2791 3373 Georg Markus. — Süddeutschland: Gotthelf-Film. — Urauf¬
372 3310 1361 3366 Schnitzlers Liebelei, die ihr Leben vom Worte hat.
1986 3345 2414 3412 führung: Mozartsaal.
375 3359 598 3431 Regie:
1596 3367 1986 3442 Allgemeines:
400 3412 1572 3467 I. und L. Fleck haben im Volkston inszeniert. Einige Grob¬
1644 3406 2803 3477 „Theodor Körners letzte Liebe“ ist der Untertitel dieses
370 3456 1571 3506 heiten und Aufgetragenheiten, einiges Willkürliche, können den
1590 3463 2801 3509 Films. Er ist ebenso berechtigt, wie der Titel „Lützows wilde
371 3493 1577 3540 Gesamteindruck des Sauberen nicht verwischen. (Aber eben
1591 3503 2801 3555 verwegene Jagd“ unberechtigt ist. Wer einen Film erwartet,
375 3535 858 3600 auch nur des Sauberen)
1606 3537 2798 3594 aus dem der Geist von 1813 spricht, der Geist derer vom
1601 3585 2798 3636 Schlage Lützows, der wird bitter enttäuscht sein. Was gezeigt
374 3576 598 3656 Inhalt:
1587 3634 2807 3673 wird, ist eine kitsch’ge, verlogene und theatralische Ange¬
391 3618 1578 3694 Der Student Fritz Lobheimer ist der koketlen Frau Velten
1596 3660 2802 3710 legenheit, die zufällig in jene Zeit verlegt ist. Die Unentwegten,
378 3681 1574 3731 „veriallen, er liebt aber Christine, die Musikantentochter; der¬
1597 3704 2803 3752 die bei einer Uniform und patriotischen Versen jubeln, werden
355 3716 1569 3772 Mann erschießt den Fritz im Duell, das Mädchen nimmt Gift;
1589 3749 2801 3798 klatschen. Es scheint sich zu lohnen, für sie Filme zu machen.
359 3762 742 3830 „broken biessoms
1607 3777 2209 3839 Daher der Name Geschäftsfilm.
370 3812 736 3880 Darstellung:
1600 3821 1812 3876 Inhalt:
1637 3862 2799 3909 Theodor Körner, Hoftheater-Dichter in Wien, liebt die
398 3855 1578 3913 Evelyn Holt als Christine ist hier so süß und weich und
1587 3903 2791 3948 Schauspielerin Toni Adamberger. Intrigen hin und her, er
356 3907 1586 3950 lyrisch und kindlich, wic es die Rolle will. Aber sie hat noch
1589 3947 2793 3992 meldet sich im Lützowschen Freikorps. Toni folgt ihm, findet
370 3950 1574 3999 nicht die volle Gewalt über ihre Mittel, vielleicht auch noch
1595 3976 2802 4041 nur noch den bei Gädebusch Gefallenen Nebenher läuft die
364 3985 1582 4041 nicht die volle Kennlnis dieser Mittel. Aber im Ganzen ist sie
