3484 4256
338 177 523 248 Lieb
824 173 1310 269 box 13/7
319 201 753 285 61
400 1154 1094 1309 Begensburger IIE
632 1284 1021 1367 Regensburg
743 1494 1184 1603 23UN
410 1799 1345 1892 Theater, Musik und Literakur.
671 1886 1079 1952 Sommertheater.
504 1927 577 2006 810
774 1944 966 2015 Liebelei.
433 1992 1351 2056 Artur Schnitzler feierte am 15. Mai seinen sechzigsten
389 2035 608 2094 Geburtstag.
665 2036 1347 2095 -Sommerthester hätte den Dichter
389 2085 1355 2145 nicht besser feiern könne## als dutch die gestrige Auffüh¬
391 2120 1355 2168 rung seiner „Liebelei“, be din gut Dreißigjährigen
387 2167 1354 2215 seinerzeit bekannt gemag#t has Und frisch ist dieses
402 2206 1358 2262 Werk geblieben frisch und spannend in seiner breiten
393 2246 1355 2286 Zeichnung behaglich=leichtsinnigen Wiener Lebens, von
381 2277 1349 2352 dem der tragische Einzelfall um so krasser und wir¬
382 2317 801 2392 kungsvoller sich abhebt.
431 2369 1357 2429 Die Aufführung stand auf einer Höhe, die auch im
381 2405 1356 2478 Winterspielplan Anerkennung verdient hätte. Frl.
388 2456 1346 2503 Halden gab die Mizzi. Sie war ein echtes Weaner
378 2501 1349 2557 Madel, mehr resch als fesch. mehr die Zunge strapa¬
385 2534 1356 2590 zierend als das Herz, — aber lieb. Ihr vor allem ver¬
388 2583 1351 2633 hankt der erste Akt Leben und Lustigkeit. Auch ihr
395 2623 1361 2670 stummes Spiel am Schluß verdient volle Anerkennung.
379 2659 1362 2712 Ihre Freundin und zugleich ihr Widerspiel, die Chri¬
391 2704 1359 2748 stine, gab eine neue Kraft, Frl. Hertha Wild. Zu
382 2747 1345 2795 herb, ja fast ungelenk im Anfang, trug sie im dritten
381 2785 1356 2842 Akt das Werk mit sicherer Gestaltungskraft zu seinem
373 2836 1343 2876 tragischen Höhepunkt empor. Zweifel und Angst und
381 2864 1346 2913 das Gefühl getretener Liebe steigerten sich zu einem
380 2895 1355 2958 Ausbruch lebenssatter Verzweiflung, der aufs tiefste
377 2955 1349 3001 zu packen wußte. Sie beherrschte die Szenesund der
384 2987 1347 3042 Beifall des Schlusses galt vor allem ihr. Die übrigen
378 3029 1345 3082 Darsteller, vor allem Pleß und Hohenau als Fritz
375 3070 1353 3135 und Theodor, schlossen die Vorstellung zu befriedigender
381 3106 581 3171 Rundung.
425 3156 1344 3213 Nach diesem Abend darf mit betonter Anerkennung
374 3187 1342 3240 ausgesprochen werden, daß im Sommertheater ehrliche
379 3241 808 3291 Arbeit geleistet wird.
823 3239 1353 3285 Vielleicht, daß sich doch eine
379 3282 1351 3333 Wiederholung der „Liebelei“ lohnt? Das dramatisch so
375 3313 1354 3375 äußerst wirksame Werk verdient in dieser Wiedergabe
376 3362 1022 3417 weitesten Kreisen bekannt zu werden.
1085 3358 1338 3418 Dr. H. R.
1108 3408 1175 3471 M
1893 393 2713 534 „OBSERVER
1988 519 2663 578 I. österr. behördl. konzessioriertes
1942 569 2695 644 Unternehmen für Zeitungs-Ausschnitte
2028 625 2633 711 WIEN, I., WOLLZENE 11
2091 687 2553 747 TELEPHON R-23-0-42
1908 826 2268 896 Ausschnitt aus:
2285 911 2799 999 ue Ceeider Zellung
2412 989 2661 1080 9 4 NOV
1914 1060 2061 1109 vom:
2075 1112 2630 1208 Schnihlers „Liebelei“
2191 1180 2532 1256 Kammerspiele
1946 1241 2874 1333 Arthur Schnitzlers Schauspiel „Liebelei“ vermag“,
1899 1298 2841 1358 uns nur noch wenig zu packen. Das an der zu ernst
1890 1345 2836 1388 genommenen Liebelei zerbrechende Mädchen könnte
1888 1384 2845 1442 auch heute erschüttern, aber dann müßte es auch
1887 1409 2842 1465 menschlich viel größer dargestellt sein, als es Schnitz¬
1885 1454 2842 1517 ler tat, der einzelne Charaktere nicht ausführte und
1888 1489 2838 1550 zuletzt an Aeußerlichkeiten hängen blieb. Denn was
1895 1543 2831 1586 an Christines Liebe zu Fritz Lobheimer echt schien,
1897 1573 2826 1642 entpuppt sich im letzten Akt als gekränkte Eitelkeit
1891 1616 2841 1664 und Ichsucht. Dazu kommt jene müde Todesstic¬
1900 1654 2840 1716 mung, die wie ein Alp auf dem Schauspiel lastet und
1890 1689 2461 1754 auch den Zuschauer niederdrückt.
1949 1737 2824 1806 Die Kammerspiele waren unter der Regie Wer¬
1886 1774 2835 1835 ner Haußmanns redlich bemüht, der „Liebelei“
1889 1820 2833 1883 zu einem starken Eindruck zu verhelfen. Getroffen
1887 1849 2061 1894 war die
2062 1858 2837 1915 todesnahe Stimmung, die das Tun des
1886 1886 2822 1950 Menschen zu schattenhaftem Soiel werden läßt.
1890 1923 2827 2002 Haußm un zeichnete echt die Gestalt des sch mut¬
1891 1968 2833 2040 los treibenlassenden Lobheimer. Der stille Liebe
1892 2011 2837 2070 spendenden Christine verlieh Lilli Schubert leicht
1887 2057 2838 2127 übersteigerten Ausdruck. Ausgezeichnet Marg#s
1876 2083 2851 2183 Grimm als Strumpfwirkersfrau. Ferdinand Wel¬
1876 2129 2819 2203 ter war gut im stummen Spiel am Schluß. Sofie
1884 2166 2818 2248 Werner bot ein lebenslustiges, unproblematisches
1880 2215 2735 2276 Wiener Mädel. Die beste Studie des Abends
1877 2244 2828 2319 Alfred Ottos alter Violinspieler Weiring, über¬
1877 2293 2850 2349 zeugend in väterlicher Güte und Sorge. Dr. H. X.
1997 2626 2398 2706 N• DE DEST—
1788 2681 2790 2815 w ache
1794 2836 2557 2898 Adrten
1784 3041 2129 3105 Signalure
1793 3148 2650 3224 GzpaHoP 1— Compügfid Palinter euesstrafe
1973 3180 2674 3247 7 Mässio al Filodrammaticf di Milafia.,
1932 3239 2024 3285 6 30
2062 3236 2649 3281 ora deflnitivamente formala: ne
1928 3269 2657 3327 fansarte le attriei Kiki Palmer Bos¬
1906 3308 2661 3360 sana Masi, Isabella Rivae Lia di Loren¬
1914 3333 2662 3399 Rzo, con gli atlori Biliolti, Pierangell, Giar¬
1903 3375 2659 3409 lini, Ceseri, Favi, Oppi. Martini, solto la
1886 3411 2658 3465 „Idirezione di Ettore Berti, II repertorio
1898 3448 2650 3504 Ccomprende: La Famiglia dell'antiquario
1904 3489 2638 3534 di Goldoni, Crislind di„Schnitzler, La Fa¬
1900 3505 2657 3568 migli vorrolta ir'Tolstoie La Monaching
1945 3557 2659 3600 Einseppina Ferioli. 1 varli lavori 66-1
1905 3591 2646 3636 ranno presentati sollo la gregies di Ber¬
1915 3624 2405 3687 II, Scharoff e-Güldo Salvinl.
