3392 4256
263 210 620 295 Liebele
805 215 1258 329 box 13/4
252 271 667 340 Kn     enaener
434 892 1280 1033 „OBSERVER'
521 1003 1219 1083 I. österr. behördl. konzessioniertes
490 1051 1257 1137 Unternehmen für Zeitungs-Ausschnitte
562 1112 1180 1186 WIEN, I., WOLLZEILE 11
625 1169 1100 1234 TELEPHON R-23-0-43
426 1291 800 1367 Ausschnitt aus:
627 1356 965 1447 Freiheit,
666 1469 998 1563 1. 3. 1933
413 1481 575 1587 vom:
235 1691 1439 1812 Vor einem Wendepunkt im Tonfilm
334 1785 1295 1844 Was uns Regisseur Max Ophüls darüber sagte.
316 1835 1440 1892 „Die Christine von Schnitzler vertonfilinten „Liebelei',
227 1881 1445 1930 Magda Schneider, und ich als Regisseur, sind nach Wien
238 1939 1431 2015 gekommen, um der Welturaufführung in Wien beizuwoh¬
237 1989 1275 2041 nen Hoffentlich habe ich Schnitzlers Geist erfaßt.
305 2038 1453 2111 An „Liebelei' können Sie erkennen, daß sich nun der
220 2063 1456 2161 Tonfilm auch auf literarisches Gebiet begibt, schon lange die
233 2135 1447 2196 geheime Sehnsucht aller Regisseure, die vom Theater kom¬
226 2184 1441 2234 men. Augenblicklich wächst eine neue Generation von Filii¬
225 2224 1448 2313 regisseuren heran, wie Engel, Gründgens, Holländer u. a.
239 2281 1437 2349 die vornchmlich dichterische Stoffe für ihre Filme aus¬
229 2325 1433 2390 wählen und deren Regiearbeit sich von der, von Theater¬
238 2380 1151 2431 regisseuren fast gar nicht mehr unterscheidet.
334 2429 1437 2489 Es ist nämlich unbedingt notwendig, daß endlich das
223 2463 1451 2549 Niveau des Tonfilms, das im allgemeinen kein sehr hohes
227 2513 1462 2592 ist, gehoben wird, da sonst eine schwere Krise des Tonfilins
224 2580 1439 2617 zu erwarten ist. Der Tonfilm soll, ebenso wie ein Theater¬
234 2595 1445 2692 stück nachhaltende Wirkung haben. Aufgabe der Regisseure
241 2673 1433 2751 ist es daher, das Publikum an künstlerische Stoffe zu ge¬
235 2715 437 2783 wöhnen.
316 2770 1442 2824 Ist das Publikum einmal dafür gewonnen, so stellt
227 2809 1433 2871 sich die Produktion, die leider den Film meistens nur nach
243 2868 1437 2933 dem Kassaerfolg wertet, von selbst um. Selbstverständlich
232 2914 1432 2982 dürfen keine literaxischen Experimente gemacht, werden,
238 2965 1431 3021 sondern der Tonfilm muß trotz künstlerischem Niveau po¬
229 3008 739 3089 pulär gehalten werden.
327 3051 1423 3120 Ich lasse meine Schauspieler jede Szene erleben. Bei
226 3101 1435 3171 Liebelei' gab es keine einzige Probe. Vor den Aufnohmen
222 3149 1468 3238 wurde das Atelier abgesperrt und nur die an der Szene
240 3208 1487 3287 beteiligten Schauspieler durften herein. Wußten alle, was
263 3260 1468 3353 sie zu sprechen hatten, begann schon der Operateur Franz
265 3319 1462 3404 Planer, der beinahe dichterische Phantasie bei der Bildein¬
253 3371 830 3439 stellung zeigte, zu drehen.“
261 3413 649 3492 onen Persso, ju, Am
1279 3436 1467 3519 wara.
1713 1182 2571 1283 „OBSERVER
1810 1279 2498 1336 I. österr. behördl. konzessioniertes
1785 1318 2534 1383 Unternehmen für Zeitungs-Ausschnitte
1854 1368 2463 1442 WIEN, I., WOLLZEILE 11
1912 1431 2383 1489 TELEPHON R-23-0-43
1716 1548 2103 1626 Ausschnitt aus:
1984 1612 2523 1735 denes Wiener Prtrahlatt
1717 1765 1865 1844 vom:
2041 1763 2535 1888 — I. HRZ. 1933
1984 1908 2221 1984 „Liebelei“
1669 1953 2549 2027 Schnitzlers „Liebelei“, zum dritten= ober
1638 2003 2559 2091 viertenmal verfitmt, wirkt noch immer wie
1654 2059 2557 2123 am ersten Tage. Wenn sich auch unsere Nach¬
1643 2116 2556 2189 kriegsgeneration sachlich und unpathetisch
1653 2169 2559 2227 gebärdet, in Dingen der Liebe hat sich nichts
1651 2206 2558 2277 geändert. Da ist alles beim alten geblieben.
1655 2252 2555 2320 da führt immer noch das Herz das große
1647 2301 2552 2375 Wort und nicht der Mund. Und darum
1647 2342 2553 2406 laßt uns der stille Liebesroman des kkeinen
1645 2398 2551 2471 Wiener Mädels, das einem blutjungen
1643 2442 2551 2511 Leutnant in die Arme läuft, nicht unge¬
1646 2489 2550 2559 rührt. Max Opküls, einer der begabtesten
1652 2533 2552 2618 unter den deutschen Regisseuren, hat ins¬
1653 2591 2562 2660 besondere in der Auswahl seiner Darsteller
1647 2631 2568 2694 eine glückliche Hand bewiesen. Luise Ullrich
1650 2690 2570 2750 ist die geborene Schlager=Mizzi, Magda
1660 2737 2564 2797 Schneider bringt für die Christine vor allem
1655 2786 2570 2850 die physische Eignung mit. Sie ist in ihrer
1660 2832 2568 2907 Einsachheit geradezu rührend. Paul Hör¬
1647 2871 2568 2939 biger, Gustav Gründgens und Olga Tiche¬
1655 2916 2566 3003 chowa bieten sehenswerte schauspielerische
1651 2972 2577 3054 Leistungen. Ein ausgezeichneter Film, dem
1663 3017 2578 3112 das Publikum mit starker Anteilnahme
2373 3068 2527 3135 G. G.
1654 3089 1798 3158 folgte.
