3484 4256
312 117 686 199 Liebelei.
821 122 1296 225 box 13/8
269 153 718 239 HLEDC AEI
365 817 3351 953 gute Meinung Frankreichs förmlich geworben und keinen übermorgen verweht und versunken sein kann?: Gewiß, Gesandten in Fez seinen Best
366 883 1553 955 Anlaß, die Stimmung gegen Deutschland jenseits des
1534 894 2722 994 es ist eine Wendung, die sich schon vor einem Monat in
2711 919 3353 1003 alledem erklärt sich die entschie
360 939 1555 1010 Rheins zu mildern, ungenützt vorübergehen lassen. Noch
1539 949 2500 1046 der denkwürdigen Marokko=Debatte des
2521 978 3344 1042 Palais zosen gegen einen ernsten Kon
360 994 3349 1053 ganz kurz vor dem Antritt seiner diesmaligen Mittelmeer= Bourbon angekündigt hat, als Delcassé wie ein auch die fast einer gern erte
451 1027 1080 1152 De benige Nanner euntant.
1540 1101 3346 1200 tägigen Nachmittagsvorstellung. Dies war einer meiner als Selbstverständlichkeiten auf
450 1131 1540 1217 „Natur= und Völkerkunde“: „Ueber¬
1536 1156 2523 1234 plötzlichen, großen, unkontrollierbaren Einfälle.
2705 1182 3348 1248 von uns abfallen, und erstaunt
1619 1199 2714 1287 Als ich soweit gelangt war, mir zu sagen: diesen
359 1205 1528 1278 blick über den 34. deutschen Chirurgen¬
2705 1218 3348 1285 in Betten ein, denen wir
1529 1225 2720 1340 Nachmittag verbringst du seit unvordenklichen Zeiten
2699 1255 3349 1336 Stiefelwichser anvertrauten. Nun#
351 1262 1534 1354 kongreß.“ von G. M. „Die Fahrt der bri¬
1539 1297 3349 1383 wieder einmal bei einer Theateraufführung, kam ein selt= wieder genügsam und damit
346 1324 1537 1429 tischen Flotte nach Wladiwostok.“ Seite 10
1534 1342 3347 1427 sames, ruhiges, fasi lindliches Glücksgefühl über mich. Ich nicht immer zu den Schutzh
358 1389 582 1466 bis 21.
1540 1396 3346 1467 kleidete mich äußerst sorgfältig und würdig, wie es sich wandern, ab und zu dient diese
449 1420 672 1507 Ferner:
1546 1436 3352 1527 für so seltenen Anlaß wohl schicken mag, ließ auch das reise in die eigene Jugend. Reten
1537 1482 2708 1561 Schnupftuch ein wenig aus der oberen Tasche meines
2699 1496 3355 1570 wir, meine Lieben, ein Retou#
452 1487 1543 1572 Die 50. Fortsetzung des Romans „Fremdes
1529 1522 2709 1630 Rockes gucken und machte mich eine halbe Stunde vor
2703 1530 3353 1619 da uns die Krone auf dem Hau
354 1540 1300 1630 Leid“ von Paul Bourget. Seite 17.
1537 1587 2705 1661 Beginn der Aufführung, festlichen Gemütes auf den Weg.
2700 1590 3354 1666 Reifen von beklebter Pappe war
1544 1628 2704 1706 Ich war entschlossen, in allen Punkten genau so zu ver¬
2704 1638 3324 1709 noch mit zärtlicher Gewalt
1536 1676 2704 1747 fahren wie ein gewiegter und gewohnheitsmäßiger Be¬
2699 1678 3271 1754 Luisen einen Warnungsruf
718 1651 1190 1764 Feuilleton.
1544 1722 2709 1808 sucher von Nachmittagsvorstellungen. Dazu gehörte somit
2696 1728 3335 1803 wenn sie ihre blasse Limonade
1540 1766 2704 1845 auch, wenigstens zwanzig Minuten vor Beginn bereits an
629 1755 1271 1855 Nachmittagsvorstellung.
2772 1783 3348 1868 Das Theater, vor dem ich
1526 1818 2702 1904 Ort und Stelle zu sein. Und nur in einer Beziehung
2703 1819 3353 1915 ich nun hinanstieg, ist ein schön
430 1831 1535 1917 In der Stadt, in der ich nun seit einigen Monaten
1525 1852 2697 1955 wollte ich mich unterscheiden von meinen Schwestern und
355 1867 1524 1960 lebe, gilt ein junger Mann leicht für „blasiert“. Das
2692 1887 3353 1964 und wenn nicht die Vorstellung
1523 1920 2703 2002 Brüdern: Durch die Unkenntnis dessen, was man an
346 1926 1529 2002 macht: sie ist verzweifelt nahe bei Wien. Man steigt früh
2701 1933 3355 2020 könnte man es für ein gutes T
1528 1953 2697 2048 diesem Sonntag auf dem Theater zu spielen gedachte.
356 1975 1531 2046 morgens in einen Eisenbahnwagen, ist, ehe man noch die
2695 1988 3352 2061 noch siebzehn Minuten bis zum
1521 1998 2701 2100 Mein Gott, es sollte eine Ueberraschung werden und auf
351 2023 1527 2102 russischen Meldungen des Morgenblattes recht bis zu Ende
2690 2021 3350 2104 daher gab es nur wenig leere
1520 2058 2599 2128 alle Fälle, dies nahm ich mir vor, eine angenehme.
342 2066 1532 2143 gelesen hat, bereits an der schönen, blauen Donau ver¬
2691 2087 3355 2152 Plätze zu meinen Seiten waren
1586 2110 2700 2196 Während ich rüstig ausschritt, klopfte mir das Herz
346 2138 1522 2197 richtet dort tagsüber sein Geschäft und kann das Abend¬
2686 2118 3347 2195 mir saßen zwei ältere Damen
1524 2131 2696 2247 vor Erwartung und Neugier. Wie wenig reicht aus, uns
2692 2171 3346 2250 in der Mitte glattgescheiteltem
345 2166 1528 2238 brot wieder in seiner Wohnung einnehmen. Ist man noch
1514 2200 2693 2279 in Spannung zu versetzen! Ich war sicher, daß die
2687 2207 3349 2298 über dem Schoß gekreuzt, sicht
346 2211 1533 2302 jung, dann dehnt sich der Wiener Besuch wohl in der
1519 2260 2692 2343 Handlung des mir bevorstehenden Stückes mich
2684 2260 3368 2337 Tätigkeit des Strickens für einen
344 2260 1523 2328 Regel über den Abend hinaus: man sieht ein Theater,
1523 2295 2688 2375 nicht entfernt so interessieren würde, als die Frage,
342 2304 1521 2388 hört ein Konzert, umarmt eine Frau und — gelangt auf
2690 2299 3354 2387 nüssen vertauscht zu haben. Zu#
1519 2340 2695 2431 welches Stück denn überhaupt mich interessieren
342 2344 1525 2431 diese, nicht eben asketische Weise in den Ruf, blasiert zu
2685 2357 3339 2445 hübscher Junge, der noch stärk
1520 2393 2696 2468 solle. Wahrhaftig, ich verspürte eine prickelnde, freudige
2688 2399 3334 2476 von zwei zu zwei Sekunden
343 2401 2696 2523 sein. Wenn dann eine Operette, die vor etlicher Zeit von Unruhe. Ich dachte nach und suchte zu zergliedern, was
2690 2453 3343 2534 rechtes Schienbein durch seinen
349 2451 1532 2531 Wien aus den bekannten Siegeslauf über sämtliche
1522 2485 2691 2571 das eigentlich wäre, worauf ich mich jetzt freuen könnte.
343 2499 1526 2576 deutsche Bühnen angetreten hat, endlich auch beim hiesigen
2680 2495 3341 2580 ihm das gerne nach. Der gute
1514 2529 2320 2600 Das Ergebnis dieser Untersuchung,
2354 2547 2696 2617 so beschämend
2686 2541 3344 2622 namenlosen Erregung, und wen
346 2538 1525 2621 Theater einläuft, zeigen die jungen Männer hier sogleich
1519 2576 3347 2669 es klingen mag, war, daß ich mich einfach auf die mir „suß“, so muß dieser Am
338 2592 3341 2707 ein gelangweilt überlegenes Gesicht, aus dem man mit Theatervorstellung freute. O, ihr müden, stillächelnden Nachsicht ausgenommen werden.
338 2627 2686 2768 Deutlichkeit entnehmen kann, daß sie den Walzer dieser Greise, ihr Jünglinge mit den blassen, verächtlich aufge¬
2680 2687 3342 2753 Schwatzen, Raunen und Rausch
332 2692 1515 2773 Operette schon auswendig pfeifen können, und durch zolche
1506 2707 2689 2787 worfenen Lippen, ihr Gelangweilten alle, die ihr
338 2743 1521 2813 Merkmale ihrer humanistischen Vildung geschieht es, daß
2678 2723 3342 2814 ich mich für ein Weilchen versuch
1515 2766 2695 2843 von der Brüstung eurer Loge mit Mienen herabsehet, als
2676 2783 3344 2860 stehen einer sensationellen P##
338 2783 1521 2865 der Ruf ihrer Blasiertheit noch an Stärke gewinnt. Ich
1507 2811 2698 2899 wäre die Bühne des Theaters selbst ein vor Langweile
2676 2826 3337 2903 lieber Gott, ich vergaß, daß
330 2845 1520 2905 weiß nicht, ob auch ich mich eines ähnlichen Rufes in
1511 2856 3347 2952 gähnender Mund — hört und staunet: ich freute übers Pflaster schien. Nachmittag
327 2885 1522 2958 dieser Stadt erfreue. Sollte er aber bestehen, dann bin ich
1516 2914 3336 2986 mich in der Erwartung der sonntägigen Nachmittaas= gegen meine friedlichen Erwartur
342 2933 3342 2993 glücklich, ihn durch die Mitteilung desavouieren zu können, vorstellung auf einem Provinztheater. Es gibt eine ertappte ich mich auf der Neug
338 2959 3338 3036 daß ich jüngst einen Sonntagnachmittag im hiesigen Erziehung zur Einfachheit, zum Frohfinn und Genügen Theaterzettel zu werfen, den mei
342 3019 3337 3139 Theater zugebracht habe. Jawoh' ich saß inmitten vonlangverblichener Zeiten, die in einer simpeln Selbstsugge= über ihrem Schoß ausgebreitet h
338 3049 3333 3142 Trafikantinnen, Briefträgern Schnittwarenkommis, höheren stion besteht. Zuweilen erleben wir es auf Reisen, wie noch zu rechter Zeit. Mir fiel 1
345 3115 3344 3259 Handelsschülern und =Töchtern, jüngst bei einer sonn= jene Bedürfnisse, die eine überfeinerte Kultur #ns unverständig fost michterman
