3484 4224
450 132 807 206 Liebelei
282 133 839 242 32 S
966 132 1409 218 box 11/1
2939 291 3038 368 7 3
2224 308 2341 400 0
2383 330 2952 427 Sheater u. Musik.
2372 413 2920 496 Maifestspiele VIII.
2255 495 3127 557 Ohne Liebe, Lustspiel in einem Akt von
2182 543 3136 600 Marie von Ebner=Eschenbach. (Zum ersten¬
2178 582 3137 639 mal am 22. Mai 1903.) Liebelei, Schauspiel
2176 620 3153 674 von Arthur Schnitzler. In der Reihe der
2187 666 3131 725 österreichischen Bühnendichtungen erschien auch ein
2187 705 3123 766 Einakter von Ebner=Eschenbach. Der Name der
2185 750 3126 804 Dichterin zählt auf dem Gebiete der Novelle zu
2185 791 3133 858 den gefeiertesten nicht nur in Oesterreich, auf der
2189 851 3131 904 Bühne ist kein Werk von ihr heimisch geworden.
2192 892 3131 941 „Doch sag ich nicht, daß das ein Fehler sei.“ Die
2179 937 3137 978 Bühne ist nur die lauteste, nicht immer die beste
2177 970 3130 1032 Stelle, auf der die Poesie zu Worte kommt. Und
2182 1014 3135 1069 wenn auch die Sehnsucht begreiflich ist, zu allem
2173 1048 3128 1103 Volke vernehmlich und sinnlich zu sprechen, so
2173 1087 3134 1146 hängt doch die Beherrschung des Bühneneffektes
2186 1131 3131 1182 von so vielen Dingen ab, die nicht zur Gabe des
2178 1183 3140 1229 echten Dichters gehören müssen, daß wir die Ebner¬
2198 1219 3136 1275 Eschenbach, die wir verehren, nicht um den ge¬
2183 1256 3131 1312 ringsten Grad tiefer ansetzen werden, weil ihr der
2188 1309 3135 1357 Schritt auf die Szene nicht gelungen ist. Auch
2192 1354 3139 1397 Gottfried Keller hat beim besten Willen kein
2183 1381 3138 1440 Theaterstück zusammengebracht. Freilich, so lange
2189 1428 3138 1486 der Vorhang oben ist, entscheidet nur die Wirk¬
2176 1470 3143 1538 samkeit auf den Brettern und dieser Anforderung
2181 1519 3144 1569 ###sprach des einaktige Lustspiel nur in be¬
2181 1553 3130 1608 scheidenem Maße. Das Stück schildert, wie
2183 1588 3134 1653 zwei Liebende, die zu einander gehört haben,
2187 1641 3142 1696 nach einem Irrweg — Graf Marko Laßwitz hat
2179 1683 3063 1746 inzwischen eine unglückliche Ehe durchlebt
2175 1708 3137 1784 sich wieder zusammenfinden. Er hat die laute,
2173 1765 3141 1839 heftige Liebe gesucht und die stille, reine Flamme
2175 1812 3129 1855 verkannt, die im Herzen Emmas für ihn brannte.
2991 1851 3126 1913 „ohne
2174 1848 2890 1912 Und im Zeichen dieser sanftern Glut
2933 1857 2990 1911 —.
2181 1893 3133 1945 Liebe“ — geben sich Emma und Marko das
2176 1932 3130 1991 Wort, einander anzugehören. Das Ganze beruht
2173 1982 3137 2037 auf zarten Fäden, und es läßt sich nicht sagen,
2176 2014 3130 2085 daß die feineren Wirkungen bei der Aufführung
2175 2066 3139 2139 ganz herausgearbeitet wurden. Frl. Burgau,
2187 2113 3138 2171 die das Abwehrende der ersten Wiederbegegnung
2174 2157 3136 2207 sehr glücklich kennzeichnete, ließ in der entschei¬
2192 2181 3134 2246 denden Szene das Zittern des Gefühls, das unter
2278 2231 3134 2281 kühlen Worten hindurchklingen muß, doch
2280 2278 3143 2336 venig vermissen. Und Herr Steil, dessen
2284 2319 3134 2383 her Ton recht warm klang, brachte gleich¬
2282 2359 3135 2423 die flackernden Lichter nicht an, mit denen
2267 2403 3132 2447 Schlußszene des Stückes rechnet. Die alte
2179 2450 3136 2502 Gräfin gab Frau Pauli=Baumgart durch¬
2169 2487 3131 2539 aus liebenswürdig und auch Herr Rübsam
2179 2530 3128 2578 spielte den etwas beschränkten Rüdiger anschaulich.
2170 2574 3144 2628 Das Fallen des Zwischenvorhangs unterbricht
2172 2616 3129 2663 störend die Stimmung — war das vielleicht nur
2179 2660 3136 2718 ein Zwischenfall, der nicht gewollt ist? Das Publi¬
2177 2700 3125 2759 kum bereitete dem Stücke eine freundliche
2176 2744 3118 2801 Aufnahme — aus Achtung vor der Dichterin. —
2169 2795 3132 2842 Der Novität folgte Arthur Schnitzlers „Lie¬
2162 2829 3122 2874 belei", in seinem knappen sichern Aufbau und
2175 2870 3119 2924 in seiner großen Stimmung ein Meisterwerk.
2172 2913 3114 2959 Lotte Medelsky in der Rolle der Christine gab
2172 2951 3128 3006 der Aufführung ein besonders Interesse, das sich
2163 2987 3137 3062 inseinem übernosten Hause kundgab. Die Berichte,
2278 3042 3126 3087 rmepier-rausgigen, haben nicht zu viel
2281 3083 3132 3134 rochen. Man kann nicht mit mehr Wahr¬
2280 3119 3136 3184 gkeit und Innigkeit diese Gestalt dem Dichter
2250 3160 3127 3215 hbilden. Das war das „süße Mädel“, das
2168 3206 3122 3254 ganz und gar Gefühl und Natur ist und doch im
2165 3247 3118 3309 Gegensatz zur leichtfersigen Mizzi Schlager, ein
2164 3287 3111 3339 schwerblutiges Wesen, das sich fest ansaugt an
2161 3324 3119 3389 seine Liebe und mit ihr zagrunde geht. Ihr Glück
2164 3378 3115 3427 ist voll Schmerz und bangen ##ens. Wie fein
2167 3417 3116 3467 hob Frau Medelsky die Züe hrer ernsten See¬
2173 3451 2587 3512 lenstimmung heraus
2720 3460 3123 3519 Eifersucht auf den
2171 3490 3111 3558 Bruderschaftskuß, den Mit ion Fritz bekommt,
2167 3541 3098 3600 das tiefe Weh bei der Frage nach der frem¬
2156 3574 3114 3635 den Dame, und der selige Dank nach einem
2168 3626 3115 3677 jeden herzlichen, ehrlichen Wort. Doch mit
2168 3666 3107 3721 Einzelheiten ist wenig gesagt, wo die Einheit der
2166 3716 3097 3773 Gestaltung dem Leben so nahe kommt. Ueberwog
2152 3748 3099 3813 in den ersten zwei Akten dem Drama gemäß der
2155 3786 3101 3842 sanfte, gedämpfte, wehmütige Ton, so brach die
2151 3834 3095 3882 Verzweiflung im letzten mit so wilder Lohe her¬
2148 3883 3107 3938 vor, daß der Zuhörer in die tiefste Erschütterung
2157 3920 3087 3976 hinein gerissen wurde. Das Entsetzen, das die
2151 3958 3099 4020 gläubige Seele bei der Entdeckung ihres Schick¬
2153 4006 3098 4060 sals erfaßt, gehört zu den mächtigsten Bühnen¬
2150 4046 3086 4090 eindrücken, die wir hier in den letzten Jahren mit¬
