3248 4320
294 180 852 277 5. Liebelei
467 165 1427 293 aebeler box 10/1
2405 876 2875 968 20. Oktober 1895.
1585 884 2098 974 Wiener Tagblatt,
328 890 570 982 Nr. 288
859 890 1222 982 Wien, Sonntag
299 989 3264 1045 Für Neubauten: Im VIII. Bezirk: Für eine Synagoge, aber trat in der Rolle der Rächerin ihrer Schwester und! mich zu Allem bereit, um gut zu machen, was sich
296 1032 1332 1094 Lammgasse 4, vom Tempelbauvereine im VIII. Bezirke
1323 1030 3260 1101 der jungfräulichen Ehre derselben auf und sie suchte auf die unmögliche Gegenliebe und bleibende Verbit
302 1076 1338 1140 durch Jakob Modern, IX. Bezirk, Mariannengasse 12.
2342 1086 3265 1152 in solchen Fällen gutmachen läßt — es war Alles un
1332 1088 2357 1173 sich ihre Rachehelfer in den — Zeitungsredaktionen.
303 1109 1339 1171 Im XVII. Bezirk: Hernals, Wattgasse von Florian
2349 1132 3264 1187 Sie blieb mit unbeugsamem Herzenseigensinn
1407 1143 2348 1201 Dorthin ging sie, in wildesten Schmerzensausbrüchen
297 1152 1341 1207 Dracka, XVII. Bezirk, Wichtelgasse 57, Bauführer Franz
2345 1174 3265 1243 sich an mich hängen zu wollen, und da habe ich mi
1331 1178 2352 1241 mit den heftigsten Anklagen gegen den „Verführer“ des
295 1186 1328 1254 Haslinger. — Gesuche um Bekanntgabe der
2343 1224 3262 1284 einer bösen Wallung der Ungeduld Linreißen lasse
308 1222 1333 1287 Baulinie wurden überreicht: Für eine Bauparzelle,
1325 1232 2350 1292 „unschuldigen, unerfahrenen Mädchens“ um Hilfe und
309 1257 1308 1334 Hernals, von Max, Emanuel und Diesel Frommer.
2349 1280 3264 1339 scharf anzufahren und ihr zu bedeuten, daß ich Ru
1320 1271 2356 1330 Beistand flehen, damit der Todten doch vor der öffent¬
385 1303 1333 1363 (Realitätenverkehr.) Nachstehende Häuser wurden
2347 1315 3263 1387 ihr haben wolle. Das war allerdings nicht rech
1323 1326 2356 1378 lichen Meinung Genugthnung werde gegen den „gewissen¬
293 1335 1337 1401 an neue Besitzer übertragen und deren Einverleibung
2351 1362 3259 1430 mir — aber, mein Gott, ich bin kein phlegmatischer?
1331 1374 2349 1430 losen Menschen“, der sich nicht einmal um das Leichen¬
303 1380 1336 1447 grundbücherlich durchgeführt, und zwar: Im ersten Bezirk
2350 1396 3266 1474 und kann nicht jeden Augenblick für das Aufb
1327 1410 2359 1480 begängniß der Armen gekümmert habe, obwohl ihm das
297 1431 1337 1483 (Innere Stabt) das Haus Renngasse Nr. 14 an den
2354 1460 3266 1522 meines Blutes stehen. Es war ein Unglück, das
299 1466 1335 1510 Ersten allgemeinen Beamtenverein von Josef Ficky; die
1326 1464 2359 1531 Partezettel zugesendet worden sei, und der, zur mindesten
301 1503 1330 1552 Hälfte der Häuser Schulerstraße Nr. 12 und Färbergasse
2350 1502 3258 1570 ein, und ich hab's gefühlt, wie wenn mich ein Schl
1335 1521 2357 1572 Strafe, der Oeffentlichkeit in seiner wahren, wenig
299 1540 1338 1591 Nr. 10 an Elise Grandi, Dr. Camillo, Karl und Marie
2345 1556 3253 1608 troffen hätte. Sie ist ohne ein Wort von mir
1336 1561 2357 1618 empfehlenswerthen Gestalt gezeigt werden sollte. Und
308 1578 1329 1626 Colpé, Jerta de Panizza und Ersiglie Wolf von Karoline
2340 1600 3263 1662 gegangen und ich habe nichts mehr von ihr gehört
1335 1604 2361 1662 wirklich gelang es ihr, einen mit etwas enthuastischem
308 1603 1341 1661 v. Tonelli; das Haus Tuchlauben Nr. 12 an August
2344 1651 2966 1722 ich das Schreckliche gehört habe.“
302 1651 1327 1696 Kohl von den Ebersberg'schen Erben; das Haus Wipp¬
1335 1645 2353 1714 Rechtsgefühl behafteten Zeitungsmenschen derart von der
300 1683 1336 1745 lingerstraße Nr. 14 an die Firma C. Luckeneder und
1327 1693 2366 1756 „Gerechtigkeit ihrer Sache“ zu überzeugen, daß er sich
2432 1681 3263 1754 Er hatte das schlicht, einfach und wahr gesp
303 1716 1336 1784 Miserowski von Dr. Felix Lauterer und Karoline Lan¬
1326 1741 2355 1798 kopfüber in den Prinzipien= und den Personenkampf um
2347 1733 3255 1803 ohne etwas zu vertuschen und zu verschönen, natürli
306 1760 1331 1811 mann; ¼ des Hauses Werderthorgasse Nr. 15 an Ottilie
1327 1796 2356 1848 die Schuldfrage der „Liebelei“ hineinstürzte und einen
2347 1796 3262 1851 ohne den Grund der Dinge zu berühren und den
301 1797 1023 1860 und Erich Löffler von Auguste Löffler.
1332 1838 2350 1897 lodernden Anklageartikel gegen den uniformirten Re¬
2352 1831 3256 1899 des Gesellschaftsübels, das da in so grellem Sy
1325 1882 2358 1944 präsentanten der Race der „jungen Leute“ losließ, welche
2349 1888 3254 1944 hervorgebrochen war. Es war ein naives Unschul
456 1892 1192 1993 Wiener Tagesbericht.
1331 1939 2360 1991 der Verfasser der „Liebelei“ gekennzeichnet hat. Dem
2353 1940 3265 1995 Schuldbewußtsein, was aus ihn redete, das Un
1334 1978 2363 2034 lebensgefährlichen Husaren=Offizier wurde sein ganzes
2357 1981 3265 2037 bewußtsein vorberrschend, wogegen auch, unter de
444 1974 1205 2073 Das Urbild der „Liebelei“.
1336 2025 2357 2091 Schuldregister, getreu nach den schwesterlichen Angaben,
2360 2023 3265 2084 benen allgemeinen und speziellen Verhältnissen, kar
396 2059 1337 2121 Warum just in der Einzahl? Treffen wir sie nicht
1326 2073 1604 2140 vorgehalten.
2353 2069 3264 2136 Einwand zu erheben war. Dann aber erzählte er
304 2092 1336 2161 etwa zu Dutzenden auf Schritt und Tritt, die Urbilder der
2351 2121 3256 2189 zu dem eigentlichen, thatsächlichen Zweck seines Ersch
1416 2095 2364 2184 Wenige Stunden nach dem Erscheinen des Artikels
296 2148 1344 2214 Personen aus Arthur Schnitzler's „Burgtheater=Wien“,
2360 2172 3257 2227 in der Redaktion kommend, zur Illustrirung der sch
1338 2167 2363 2234 spielte sich eine bewegte Szene in dem Redaktionszimmer
309 2178 1334 2260 die „jungen Leute“ mit und ohne Uniform, mit und ohne
2355 2212 3263 2281 lichen Racheaktion. Und hier brachte er die ander
1339 2221 2364 2284 des freiwilligen Anwaltes der Verlassenen ab. Er saß
307 2246 1340 2312 Monocle, immer aber mit Geld in der Tasche und ohne
2359 2255 3263 2326 dieses „Wiener Lebensbildes“ zum Vorschein. Ja,
1334 2264 2359 2329 allein, mit der Arbeitssorge für die nächste Nummer be¬
302 2291 1342 2355 Glauben im Herzen, die gar nicht daran denken, daß man
2361 2311 3258 2367 eine Racheaktion gewesen — aber nicht die „Famili
1331 2315 2114 2378 schäftigt, als an die Thür geklopft wurde.
308 2344 1340 2403 überhaupt auf ihre Treue reflektiren könnte und daß die
2356 2333 3264 2410 hatte es zu rächen gegolten, sondern die arithm
1426 2345 2367 2426 Auf das „Herein!“ trat ein Herr ins Zimmer, dessen
309 2390 1349 2454 Liebe zu etwas Anderem da sei, als zu gemeinsamem
2360 2404 3253 2466 Differenzen in der Bewerthung des „unersetzliche
1330 2401 2363 2474 Zivilanzug den Militär nicht verkennen ließ. In der That
306 2432 1342 2487 Spielzeug für die großen Kinder beiderlei Geschlechts?
2361 2448 3265 2507 lustes“, welchen die trauernden Hinterbliebenen
1345 2445 2363 2525 stellte er sich als „auf Urlaub befindlicher Rittmeister*##
300 2483 1336 2546 Und die dazugehörigen Mädel, findet man sie nicht nach
2363 2486 3264 2558 hatten. Nicht nur, daß er das Leichenbegängn
1334 2493 2363 2570 vor, der zu fragen kam, ob er den Schreiber des Angriffs¬
301 2523 1337 2593 beliebiger Auswahl in den Modesalons, den Fabrikswerk¬
2363 2547 3263 2606 armen Geschöpfes nicht ignorirt hatte, er war
1332 2546 2365 2620 artikels vor sich habe, und, als ihm dies bejaht wurde,
304 2575 1336 2654 stätten, den Kaufläden oder selbst unter dem schützenden
2353 2593 3264 2654 wesen, der dasselbe bestritten hatte und die quittirte
1338 2589 2353 2669 weiter frug, wann „Oberlieutenant * von den Husaren“
307 2622 1340 2685 Dache der „Herren Eltern“, die gar nichts darin finden,
2365 2637 3266 2693 nungen darüber bei sich trug — ja, die „R
1341 2640 2366 2709 vorsprechen könne. „Wenn es dem Herrn Oberlieutenant
300 2673 1340 2731 daß „das Madl a klane Bandlerei hat“? Auch die
2359 2682 3263 2745 Schwester“ hatte sich bis zum Tage des Leichenbegät
1338 2700 2356 2760 beliebe, sogleich,“ war die Antwort. Zehn Minuten später
304 2720 1340 2778 stillen Trauerspiele solcher mißverstandener Liebesscherze
2350 2728 3262 2800 so versöhnlichen Gemüths gezeigt, daß sie es ni
1334 2745 2366 2796 kehrte der Rittmeister mit dem Angemeldeten, der in Uni¬
305 2768 1341 2827 fehlen nicht, die lautlosen Katastrophen solchen „zu
2354 2774 3266 2839 schmäht hatte, sogar die Trauerhandschuhe vo
1328 2773 2364 2853 form war, zurück. Nach den ersten Begrüßungsformeln
308 2816 1340 2871 tragisch“ genommenen Zeitvertreibes, die nicht viel Auf¬
2362 2808 3262 2884 „Mörder der geliebten Schwester“ anzunehmen. Er
1331 2831 2364 2910 begann der Hauptakteur der Szene sofort in medias res
307 2852 1340 2916 hebens von sich machen, gar nicht den ehrgeizigen An¬
2357 2860 3258 2930 dem Begräbniß hatten jene Auselnandersetzungen
1334 2884 2366 2949 zu gehen, aber in einer deraitigen Erregtheit des Tones,
303 2905 1335 2968 spruch erheben, von einem Dramatiker in Akte gebracht
2361 2918 3266 2976 gefunden, welche in obbesagten „trauernden Hinterblie
1334 2943 2363 3004 daß der Journalist sich zu der Erklärung gezwungen sah,
309 2967 1337 3014 und von Hofschanspielern dargestellt zu werden, sondern
2358 2966 3266 3040 das Bedürfniß der Rache für die erlittene Familien
1336 2978 2372 3037 er müsse die Unterredung, auf alle Konsequenzen hin, für
304 2996 1348 3048 sich bescheidentlich von den Lokalreportern der Zeitungen
2359 3012 2546 3086 weckten.
1341 3023 2362 3085 abgebrochen erklären, wenn nicht eine gemäßigtere Form
303 3050 1347 3117 in kurzzeiligen Notizen unter der gewöhnlichen Selbstmord¬
2439 3065 3263 3124 Der Offizier dachte anfänglich daran, ge
1341 3069 2370 3134 der Konversation beliebt werde. Das brachte den Sprecher
306 3099 724 3165 rubrik abthun lassen.
2353 3111 3265 3170 Volkssängersippe klägerisch aufzutreten, um den
1334 3114 2363 3184 zer Besinnung und mit artiger Rebewendung erbat er sich
335 3115 1342 3200 Warum also doch „Urbild“ in der Einzahl? Weil,
2366 3157 3263 3211 Sachverhalt gerichtlich feststellen zu lassen; ab
1340 3162 2362 3216 Gehör für seine Darstellung der Begebenheit. Dieselbe
304 3165 1344 3241 wenn diese „Liebelei“ damals im Burgtheater gespielt
2363 3203 3264 3264 Regung der Pietät für das Andenken der Todt
1343 3210 2361 3269 durfte nicht blos Gehör, sie durfte das gespannteste Interesse
308 3233 1344 3292 worden wäre, als ihr Autor noch nicht im bühnenfähigen
2357 3250 3265 3309 deren bitterstem Seelengeheimnisse da unbarmhei
1344 3242 2366 3317 beanspruchen, ja mehr noch, die lebhafteste Theilnahme für
304 3284 1343 3348 Alter, sondern ein kleiner Junge war, die ganze Stadt
2366 3300 3256 3355 Gerichtssaale der Schleier gerissen werden mußte,
1343 3301 2357 3363 den Erzähler selbst. Denn das war nicht die äußerliche,
301 3328 1333 3391 unbedingt gesagt hätte, das Stück sei nicht im All¬
2360 3339 3265 3400 ihn rasch davon ab. Er begnügte sich mit einer
1342 3355 2360 3414 säbelrasselnde Erregtheit eines lädirten Uniformbewußtseins,
303 3369 1342 3439 gemeinen „aus dem Leben gegriffen“, sondern aus dem
2361 3376 3262 3454 stellenden Klarmachung der Thatsachen in der Zeitu
1338 3401 2356 3461 das sich vielleicht über die Normalgesetze der menschlichen
308 3418 1344 3485 aktuellsten Leben, aus dem der lekzten vierundzwanzig
2359 3439 3248 3506 man schied in friedlicher Verständigung von einand
1330 3441 2363 3520 Beziehungen und Gefühlspflichten hinweggehoben wähnte
307 3455 1336 3525 Stunden, es sei die Dramatisirung nicht gerade des
2441 3490 3262 3552 Nach vierzehn Tagen sprach man in Wien nich
1358 3486 2369 3548 — nein, es war die vibrirende Erregtheit einer wirklich in
308 3504 1352 3585 „neuesten Skandals“, doch aber der neuesten Sensations¬
1333 3542 2366 3605 ihren Gemüthstiefen gepackten und schmerzlich gerüttelten
2357 3521 3265 3598 von der Geschichte. Was war auch weiter daran
310 3564 1335 3622 affaire, in deren Effekt auf die Gemüther die erschütternde
1334 3589 2363 3655 Menschenseele. Die ersten Einleitungsworte, die er sprach,
2364 3590 3257 3645 hatte ein bischen lauter von sich reden gemacht, n
311 3604 1344 3670 Tragik des Ereignisses das lüstelnde Behagen an der
1336 3633 2369 3694 waren ein Ehrenzeugniß für die Todte und
2359 3635 3263 3694 ihrer selbst willen, sondern weil das „Milieu“ so
312 3650 1337 3715 Pikanterie des „Skandals“ überwog. Ein junges, schönes
2362 3684 3263 3739 Apartes an sich gehabt hatte. Man denke doch 1
1343 3674 2368 3742 man fühlte es heraus, wie sehr es ihm Herzensbedürfniß
299 3702 1339 3766 Mädchen hatte den Tod in der Donau gesucht und ge¬
2353 3729 3265 3784 Trauerspiel der betrogenen Unschuld — ob's nun
1340 3715 2362 3786 war, diesen Punkt vor Allem festzustellen, als eine Recht¬
306 3751 1335 3810 funden, weil es von einem Husaren=Offizier im Stiche ge¬
2367 3774 3264 3831 betrug oder fremder Trug gewesen — in einer
1342 3775 2361 3836 fertigung vor dem eigenen Gewissen, als eine Verwahrung
310 3801 1339 3856 lassen und sogar als Zudringliche in beschimpfender Weise
1329 3827 2361 3883 dagegen, als wolle er etwa das Vorgefallene dadurch be¬
2359 3822 3263 3889 sängerfamilie! Das gab dem Falle seine Physio
303 3836 1346 3906 von seiner Thür weggewiesen worden war — so lautete,
1342 3868 2367 3930 schönigen, daß er einen Schatten auf dem Andenken des
2368 3865 3265 3927 und die Husaren=Uniform putzte ihn auch nicht ül
307 3877 1346 3955 knapp gefaßt, die Nachricht, welche in die Tagesblätter
1337 3904 2358 3984 unglücklichen Opfers eines grausamen Mißverständnisses
2357 3917 3265 3972 Aber für länger als vierzehn Tage hielt das unmög
311 3939 1339 3995 kam. Die Unglückliche hatte den Offizier in den Garten¬
1340 3967 2083 4036 der Sinne und des Herzens haften lasse.
2363 3963 3252 4025 sonst war's ja doch nichts, als einer von den Di
302 3985 1341 4044 bausälen auf einem Maskenball kennen gelernt, hatte sich
2356 4013 3256 4072 von Fällen, die überhaupt gar nicht zur Sprache
1413 4013 2368 4076 „Das Mädchen war so rein, wie ein neugeborenes
307 4024 1346 4086 nach ein paar leidenschaftlich durchtanzten Stunden von
2364 4056 3253 4116 werden, weil sie etwas Alltägliches sind, wie z. B
1335 4050 2364 4127 Kind, als sie sich in meine Arme warf“ — sagte er. „Aber
299 4066 1342 4142 ihm zum Souper in einem, damals in Mode stebenden
2357 4086 3265 4160 ein Maurer vom Baugerüste fällt und das Genick
1385 4117 2366 4161 fuhre fert — wer kann mir einen Vorwurf daraus
315 4116 1351 4200 BTTTTUIVPUYNUTV
