3484 4320
743 222 886 329 #190
755 287 888 370 Gei¬
762 358 792 388 „
403 337 438 404 3
839 326 1157 435 —
448 446 1137 514 Paula Wessely und Hans Thimig
341 531 1237 597 ihr ursprünglich zugedachten Partner,
350 575 1236 631 Gustav Waldau, noch zu erreichen, der
349 619 1226 682 einem Wiener Winter des Mißvergnügens
354 668 1230 721 gar zu rasch entflohen ist. Danken wir
355 703 1226 763 trotzdem für das verspätete Weihnachts¬
350 746 651 815 geschenk
395 801 1239 849 Die Blätter, auf denen der große Meister
354 834 1230 903 des psychologischen Clair-obscur diese
348 884 1233 949 zarten, vom Baum des Schicksals be¬
351 923 1237 976 schatteten Liebesszenen niedergeschrieben
342 980 1234 1026 hat, sind ein wenig vergilbt und dadurch
357 1012 1241 1071 nur noch kostbarer geworden. Gerade weil
345 1047 1243 1098 es diese Menschen nicht mehr gibt, weil ein
345 1095 1235 1144 junger Mann und ein junges Mädel von
352 1143 1234 1196 heute nicht mehr imstande sind, so gerade
352 1184 1241 1245 heraus von ihren Gefühlen zu sprechen, die
343 1227 1236 1280 man nach der herrschenden Mode gewisser¬
342 1271 1233 1332 maßen mit dem Pelz nach innen trägt —
352 1328 1234 1373 gerade deshalb ist dieses Schauspiel über
353 1372 1242 1415 seinen bloßen Inhalt hinausgewachsen und
358 1399 1245 1468 unversehens zu einem literarischen Doku¬
349 1440 1237 1498 ment des versunkenen Vorkriegs-Wien ge¬
356 1490 1245 1545 worden. Zeit: Gegenwart, so steht es auf
356 1530 1235 1593 dem Theaterzettel. Aber die Angabe ist
347 1573 1249 1641 falsch. Die „Liebelei“ ist sozusagen von
350 1611 1242 1666 innen heraus zu einem Kostümstück ge¬
356 1660 1241 1714 worden, dem man nur gerecht werden kann,
354 1710 1238 1767 wenn man die große Zäsur auslöscht, die
345 1740 1244 1812 zwischen den Menschen von 1890 und jenen
349 1798 779 1861 von 1933 liegt
388 1834 1233 1906 Vielleicht war es diese Forderung, die
340 1875 1229 1942 Paula Wessely nicht ganz erfüllen
351 1922 1231 1994 konnte, vielleicht war das der Grund, warum
350 1973 1234 2022 ihre Christine bei aller Meisterschaft nicht
350 2014 1235 2068 so völlig überzeugen konnte, wie man es
339 2051 1240 2114 von dieser ganz großen Schauspielerin er¬
348 2090 1242 2153 wartet hatte. Ihr inneres Wesen und das
341 2134 1237 2205 Wesen ihrer Kunst ist eine herbe Scheu,
352 2179 1238 2251 eine Schamhaftigkeit des Gefühls, die das
341 2226 1243 2275 allzuklare, allzudeutliche Wort vermeidet,
350 2287 1241 2332 um destc verständlicher durch jene kaum
348 2306 1239 2380 merkbaren Gesten der Zärtlichkeit oder der
358 2358 1229 2421 Verzweiflung zu reden, die nur gerade ihr
357 2370 1250 2455 eigen sind. Schnitzlers Christine aber trägt
346 2438 1238 2499 das Bekenntnis ihrer Liebe auf den Lippen
344 2505 1229 2543 und schreit ihren Schmerz hinaus — unge¬
342 2517 1238 2587 hemmt, nicht verhalten, mit jener unend¬
352 2579 1229 2627 lichen Simplizität der reinen Natur, die sie
356 2609 1232 2670 eben so sympathisch und so recht erst zum
355 2668 1242 2718 „süßen Mädel“ macht, zu der aber Paula
346 2697 1233 2753 Wessely nur auf einem Umweg über eine
360 2743 1228 2809 sicherlich sehr mühevolle, geistige Verarbei¬
345 2796 1240 2862 tung der Rolle gelangen kann. Es gelingt
759 2829 1233 2891 denn was sollte einer
352 2841 659 2901 ihr schließlich
1104 2876 1237 2929 aber
343 2874 1028 2934 Künstlerin wie dieser mißlingen
356 2913 1232 2966 trotz wunderbarer Momente zartester Emp¬
341 2977 1236 3017 findung  bleibt ein ungelöster Rest, eine
359 3003 1244 3072 schmale Schicht kühler Luft, die sich
344 3036 1236 3115 zwischen Kunst und Natur drängt und die
362 3090 1238 3146 Verschmelzung beider verhindert. Bei einer
347 3132 1233 3187 Darstellerin von weniger ausgeprägter Eigen¬
352 3176 1237 3238 art hätte man all das vielleicht aus Respekt
353 3219 1237 3284 vor der Meisterschaft der Mittel übersehen.
355 3259 1234 3329 Aber bei einer Paula Wessely ist diese
362 3303 1238 3370 Meisterschaft zu selbstverständlich, um allein
354 3352 979 3411 schon als Erfüllung zu gelten.
390 3386 1245 3464 Hugo Thimig war der alte Weyring.
361 3448 1235 3499 Tief erschütternd durch einfache Menschlich¬
358 3497 1237 3537 keit und überzeugendste Güte. Dieser wun¬
359 3533 1235 3584 derbare alte Mann hat hier mit der großen
367 3566 1247 3637 Schwierigkeit zu kämpfen, da er eine so
366 3618 1241 3677 ganz andere Sprache spricht, als dieser ur¬
372 3673 1241 3721 wienerische, brave Musikant. Aber die
364 3703 1242 3773 Sprache des Herzens ist eben an keinen Dia¬
358 3749 1263 3832 lekt gebunden und deshalb gelang es ihm
2272 1709 2754 1800 OBTHVER“
2289 1787 2382 1859 44
2453 1796 2831 1888 llzeile Nr. 1.
1899 1817 2760 1945 GRAAIS ralerna B-33-9-49
2042 1968 2528 2049 ser Tag, vien,
2218 2030 2661 2110 vom 23. 2. 1933
1873 2178 2309 2249 „Der tapfere Cassian.“
1891 2216 2772 2295 * Wenn es in unserem Bericht über den
1892 2278 2760 2332 Schnitzler=Abend in der Josefstadt hieß, daß
1891 2307 2772 2374 Fraulein Czepa den tapferen Cassian ins Bra¬
1891 2367 2791 2415 marbasierende hinüberspielte, so ist dies ein
1895 2387 2780 2444 liebenswürdiges Bramarbasieren der Setzmaschine.
1890 2439 2782 2483 Richtig muß es heißen: Friedl Czepa ist als süßes
1895 2467 2764 2523 Puppenmädel nett und lieb, Friedrich Neuge¬
1890 2502 2771 2575 bauer spielt den tapferen Cassian ins Bramar¬
1876 2547 2241 2629 basierende hinüber.
