3436 4256
491 172 897 253 Liebelei.
1023 175 1450 269 box 11/1
300 177 895 297 5. La.
1833 578 2991 690 —. Menich Naßtans, und miag in der poinisen Ber
1715 644 2997 746 KN
1674 696 3016 821 Schnitzlerscher Frauenfiguren zum scharfen, unerbittlichen Prüfstein
1700 746 3020 833 der Lebenswahrheit und Wurzelhaftigkeit dieser dichterischen Gebilde
1697 784 3012 903 wird. Scharf scheidet sich das ursprünglich Wienerische, das gut
1697 833 3022 938 Gesehene und mit brillanter Technik Stizzierte von dem Anempfun¬
1703 881 3020 969 denen und Angeschminkten. Glaubte man bisher, Bahrs
1721 922 3023 1024 „Wienerinnen“ seien die Wienerinnen, die dieser salongewandte,
1716 977 3016 1065 jourgewöhnte Autor geschaut hat, während Schnitzlers „süßes
1703 1005 3021 1126 Mädel“ einen mit photographischer Gewissenhaftigkeit aufge¬
1713 1067 3025 1164 nommenen Wiener Typus darstelle, so belehrt einen die Niese eines
1725 1123 3023 1213 Besseren. Denn sie ist wienerisch, vom Scheitel bis zur Sohle,
1716 1162 3033 1246 und darum geht einem plötzlich, wenn sie die Christine spielt, die
1712 1199 3023 1302 Erkenntnis auf, daß die ins Hernalserische übersetzten Nietzsche¬
1723 1254 3030 1344 Grundsätze, die dieses Vorstadtmädel verkündet, recht unecht und un¬
1716 1295 3037 1395 ehrlich sind. Je wienerischer der Schauspieler, desto unwienerischer
1716 1338 3026 1455 erscheint der Dichter. Darum war Adele Sandrock, die große
1723 1377 3041 1475 Virtuosin, die sich übrigens just heute im Volkstheater in neuen
1725 1430 3040 1520 Schnitzler=Rollen vorstellt, eine bessere Christine als Hansi Niese,
1721 1495 2919 1599 das ungleich ursprünglichere und gehaltvollere Bühnentalent.
1794 1531 3035 1632 Und noch eine Bemerkung möchte ich an jenen Schnitzler=Niese¬
1724 1574 3048 1664 Abend knüpfen. Sie gleicht aufs Haar einem dumpfen, warnenden
1734 1644 3048 1723 Unkenruf. Es ist bekanntlich ein Jammer um das Niese=Repertoire,
1741 1676 3048 1762 und dieses letztere dürfte meiner Ueberzeugung dadurch nicht ver¬
1736 1715 3077 1823 bessert werden, daß Herr Jarno, seines Zeichens Theaterdirektor
1733 1768 3047 1857 und Niesegatte, eine eigene Preiskonkurrenz zu dem Zwecke ausge¬
1743 1805 3048 1919 schrieben hat, dem mit Recht heißgeliebten Ehegemahl passende Rollen
1741 1856 3063 1939 auf den rundlichen Leib schreiben zu lassen. Die Niese kämpft bereits
1752 1923 3060 1999 mit der talentvernichtenden Gefahr, in die Manier zu verfallen,
1751 1952 3056 2047 meinethalben in die Manier ihrer Eigenart. Es war traurig wahr¬
1746 1993 3058 2080 zunehmen: sie verfiel in Schnitzlers „Liebelei“ gelegentlich ins
1757 2035 3062 2147 „Böhmeln“. Sie „böhmelt“ ausgezeichnet, und ihre vis comica,
1754 2089 3069 2177 uns Wienern den Wohlklang des tschechischen Dialekts vorzutäuschen,
1750 2128 3063 2241 hat bereits einer Anzahl der lendenlahmsten und gehirnweichsten
1760 2165 3076 2279 Possen zu fünfundzwanzig und mehr Aufführungen verholfen. Aber
1735 2225 3066 2301 ###es ist jammervoll, wenn man wahrnimmt, wie der aufheiterungs¬
1765 2273 3073 2368 bedürftige Parquetpöbel sich solcher talentvollen Mätzchen ver¬
1772 2318 3097 2410 ständnisinnig freut und gar nicht wahrnimmt, daß darunter die
524 2316 1763 2434 " Ein anderer Wiener Liebling hat ein größeres Publikum. Das
1767 2365 3065 2464 innere Begabung einer reichen Künstlernatur verkümmert. Keine
468 2372 1765 2484 sist die Niese. Die gilt selbst dort sehr viel, wo außer Guschelbauers
1777 2404 3078 2505 neuen Nieserollen, Herr Jarno! Keine Niese=Konkurrenz! Ich weiß
471 2421 1762 2546 höchstens noch Girardis Namen etwas sagt. Von der Eigen¬
1767 2462 3087 2549 Ihnen eine Bombenrolle für Ihre Frau Gemahlin. Ich verlange
484 2464 1773 2567 art dieser wohl bedeutendsten Wiener Volksschauspielerin brauche ich
1775 2497 3081 2597 keinen Preis und der Dichter heischt keine Tantièmen. Ich schlage
487 2514 1776 2614 dem Breslauer Publikum nicht des längeren und breiteren vorzu¬
1784 2543 3076 2625 Ihnen nämlich Shakespeares „Der Widerspänstigen Zähmung“ mit
476 2555 1776 2669 schwärmen. Sie haben die angenehme Bekanntschaft im vergangenen
1765 2598 3081 2681 Frau Niese als Käthchen vor. Aber da Wiener Theaterdirektoren auf
485 2607 1774 2714 Jahre persönlich gemacht, und wie mir Frau Hansi gelegentlich er¬
482 2650 1783 2758 zählte, hätte sie nichts dagegen, diese Bekanntschaft möglichst bald
490 2643 3087 2799 wieder aufzufrischen. Ich habe mir die Niese letzthin als Christine beiden Ohren taub zu sein pflegen, so konzediere ich diesen tantièmen¬
496 2686 3099 2853 ir. Schnitzlers „Liebelei“ angeschaut und zähle diesen Theaterabendj freien Ratschlag Herrn Landsmann Direktor Loewe für das:
1778 2747 2693 2849 nächste Breslauer Gastspiel der Frau Niese.
496 2783 1798 2903 zu den interessantesten der heurigen Saison. Sie wissen übrigens
489 2831 1804 2949 aus meinen bisherigen Dreiwochen=Mitteilungen, daß dies nicht
483 2877 1798 2997 allzu viel heißen will. Die Christine der Niese gibt Gelegenheit,
490 2931 1799 3029 einen alten Prazeß zu revidieren. Den Schnitzlerprozeß nämlich, den
491 2979 1801 3080 die ganze gegenwärtige Generation der Theaterbesucher mitgemacht
501 3009 1812 3129 hat. Ich schätze Arthur Schnitzler hoch genug ein, um ohne sonder¬
492 3051 1810 3187 liches Mißbehagen das Gestandnis zu machen, daß wir Wiener die
485 3111 1809 3251 ganze „süße Mädelei“ ein wenig überschätzt haben. Es ist nicht das
480 3158 1812 3288 geringste künstlerische Verdienst der Niese, daß ihre Darstellung!
