3436 4352
405 155 727 242 Liebele
218 148 1355 282 5. Liessle1 box 10/1
2307 1098 2919 1210 . -SeP onlus ane Anterrich.
396 1132 723 1229 9—
2427 1144 3324 1224 empfangen. Noch während des Besuches des Frei
1400 1153 1929 1251 neuer Batterien beordert.
389 1206 607 1275 beginnen.
392 1262 3319 1371 sich den unpassendsten Vertreter ausgesucht, als er scheckigen Wiener Lämmer, vortrefflich, einfach, unge¬ Das verschlägt Einem die Rede, dem apo
395 1370 3326 1414 einen Vater, jenen des Mädchens, das wirklich schminkt, ehrlich; nur Herrn Sonnenthal, derManne und uns. Aber eine kleine Bemerkun
2462 1368 3335 1433 gestattet. Diese Frau hält dem kurzsichtigen
1433 1375 2476 1453 dem verewigten Vater Tewele's gleichsah, schien in
386 1385 1446 1491 liebt, mit billiger Weisheit sagen läßt: man ver¬
1431 1421 3335 1518 der Rolle, die man ihn spielen ließ, richt behaglich noch eine Moralpredigt! Sein sei die Schu
388 1442 1437 1533 gönne der Jugend ihre Freude, was hat man vom Leben
2467 1467 3329 1530 blind gewesen, nie eifersüchtig, „er habe nie
1432 1486 2471 1563 zu sein. Wir begreifen es. Was das B. atheater an
389 1499 1431 1577 als das bischen Liebe! Diese „sie geht mit ihm!“
2472 1518 3319 1595 zu argwöhnen verstanden!“ Donner .... m9
1445 1533 2470 1601 der Sandrock, an Frl. Kallina, an .  Herren
390 1546 1448 1616 Anschauung, die das Opfer in den Tod treibt,
2471 1568 3322 1628 denn diese edle Dame die Frech .... die
1435 1582 2486 1650 Kutschera, Zeska — und erst an zitter¬
401 1607 1441 1666 kann kein Vater, der eine tieffühlende Tochter
2467 1620 3329 1698 so aufzustehen, sich so zu bäumen, so zu
1436 1637 2475 1701 wurzer! der nur drei Worte zu sprechen hatte —
392 1653 1438 1715 besitzt, deren Sinn und Herz er genau kennt,
2472 1662 3322 1736 Sie hat ihren Mann nicht geliebt, ni
1435 1674 2471 1762 besitzt, sah man gestern. Es war wieder einmal ein
403 1696 1443 1779 in Gedanken, Worten und Werken documentiren.
2473 1709 3335 1782 Anderen geliebt als den Todten! Ja, waru
1437 1735 2321 1801 Ensemble und zwar ein modernes Ensemble.
391 1749 1448 1825 Was von Mann in einem Vater ist, empört sich da¬
2482 1750 3333 1833 denn den ungeliebten Mann geheiratet? D
1483 1748 2482 1844 Was wollte Giacosa? Wir wissen nicht, wie er
401 1786 1455 1874 gegen. Zu solchem animalischen Leben gehört die
2478 1801 3343 1880 wegen? Da ist sie ja nichts Besseres als ei
1447 1831 2487 1908 sein Stück nannte, und müssen uns an den Theater¬
409 1854 1455 1924 stupide Naivetät gewisser Volksclassen im Hochgebirge
2473 1866 3299 1926 Und gelebt hat sie mit diesem Manne
1440 1877 2479 1953 zettel des Burgtheaters halten. Dieser sagt: „Rechte
406 1905 1448 1971 und auch, ja wohl, leider, in der großen Stadt.
2479 1905 3337 1989 Jahre in ehelicher Gemeinschaft, und wen
1446 1931 2474 2009 der Seele". Was ist der Gegensatz? Rechte des
397 1957 1446 2023 Während aber die Aelpler sich freuen, viele, billige
2471 1965 3278 2036 nicht gesagt hat, daß sie ihn liebe,
1452 1979 2481 2054 Körpers, noch bestimmter des Leibes. Sind diese in
400 2000 1453 2065 Arbeitskräfte im Hause zu besitzen, haben z. B. Schnitzlers
2478 2008 3297 2092 glauben lassen, „wenn sie auch“ wie sie
1451 2039 2476 2100 der Ehe nicht Eines, sollten sie es wenigsteus nicht in
409 2049 1452 2127 Wiener keine andere Erklärung als ihren gedanken¬
2484 2045 3328 2140 Schmerz über ihre unglückliche Liebe zu de
1456 2080 2484 2151 der besten der Welten sein? Gewiß. Doch lassen wir
408 2098 1443 2187 losen Leichtsinn. Aber aus dem individuellen Stumpf¬
2486 2116 3290 2198 des Nachts in den Polster gebissen!“
1455 2131 2483 2203 das. Es handelt sich uns nur darum, zu zeigen, daß
410 2150 1453 2221 sinn eine weise, anacreontische Lehre zur Guitarre, mit
2473 2163 3327 2241 solch eine ... Dame sein; aber der Dicht
1458 2161 2479 2262 der Verist Giacosa unwahr ist. Die Frau eines
401 2202 1451 2266 Professoren=Vortrag vor einer kleinen Versammlung zum
2482 2210 3322 2285 noch heldenhaft am Schlusse aufrichtet und
1457 2230 2481 2303 etwas — wie sagen wir nur, da der Mann Meister
400 2246 1451 2312 allgemeinen Schlechten zu geben, sich auf den achten Weisen
2470 2251 3335 2330 nichtungsrede an den armen philosophisch gebil
1453 2273 2492 2352 der Dialektik ist und die Sprache Giacosa's spricht —
408 2300 1462 2375 wienerischer Herkunft aufzuspielen, diesen alten Wiener,
2475 2315 3332 2396 nicht eifersüchtigen Mann halten läßt, ist k
1452 2323 2498 2404 also eines etwas kurzsichtigen Mannes hat die Liebe
407 2332 1461 2418 und wäre er selbst ein mit Freibillets reichlich ver¬
2482 2360 3337 2430 sondern ein zurückdatirter Effecthascher alte
1463 2378 2498 2453 eines Freundes jahrelang zurückgewiesen, und dieser
414 2397 1461 2490 sehener Musicus in einem Vorstadttheater, ... dieses
2492 2412 3332 2485 dem es nur darum zu thun ist, daß in der le
1440 2426 2497 2505 tödtete sich. In seinem Nachlasse fand der Gatte
416 2453 1459 2519 Scheusal soll man uns zeigen, „halten zu Gnaden“
2491 2466 3327 2534 eine starke Wirkung knallt. Diese Person gleich
1453 2476 2499 2548 Briefe seiner Frau, die ihre strenge Tugend glänzend
406 2497 1456 2588 Herr Dr. Arthur Schnitzler. Das ist nicht wahr,
2487 2500 3331 2591 phirend dem Hause des Gatten den Rücken
406 2538 2497 2629 nicht wahr, weil es unmenschlich ist. Wird Herr beleuchten. Aber nun erwacht die posthume Eifersucht
2483 2573 3326 2638 lassen, ist monströs, der Mann müßte sie,
1456 2581 2491 2650 des Mannes. Tugendhaft war die Frau, aber hat sie den
407 2606 1461 2676 Dr. Schnitzler, wenn er einst eine Tochter besitzt, so
2483 2619 3327 2689 Dichter echt wahr und gerecht ist, hinaus
1455 2630 2501 2705 Freund nicht doch geliebt? Und so grübeltund spricht sich
423 2650 1461 2729 sprechen wie sein Held von der Fiedel? Aber das ist
1462 2662 3333 2751 der Mann dermaßen in Unruhe und foltert die Frau, halten zu Gnaden, Signore Giacosa! Tr
408 2701 1466 2794 was Anderes! Nun, man muß nicht graduirter Medi¬
2509 2717 3320 2777 — Commediante! Es giebt eben echte u
1457 2732 2517 2807 daß ihm endlich die Edle zuruft: „Ja! Ich liebte
419 2751 1421 2834 einer, sondern ganz einfach nur ein braver Mann —
1460 2762 3330 2858 ihn und ich liebe ihn noch, und ich habe keinen geliebt Wahrheits=Theatermenschen. In diesem S
422 2800 1461 2886 den ja Herr Sonnenthal spielt! — sein, um
424 2868 3329 2948 sein Kind nicht zu approbiren, „wenn es mit ihm geht“. außer ihn, und ich empfinde nun die Reue meiner brachte Frau Hohenfels ein Meisterstü
464 2891 1683 3003 Gespielt wurde alle Rollen, die weißen und die Tugend!“
