3436 4224
445 144 1416 254 Liebelei box 11/6
291 159 885 266 5. A
1189 1208 1593 1293 Telephon 12.801.
630 1329 1399 1444 „OSSLEN
477 1411 1574 1508 1. österr. beh. konz. Unternehmen für Zeitungs¬
682 1478 1371 1535 Ausschnitte und Bibliographie.
651 1530 1435 1612 Wien, I., Concordiaplatz 4.
882 1593 1206 1664 Vertretungen
483 1619 1585 1712 in Berlin, Brüssel, Budapest, Chicago, Cleveland, Christiania,
470 1699 1574 1749 Genf, Kopenhagen, London, Madrid, Mailand, Minneapolis,
465 1722 1579 1802 New-Vork, Paris, Rom, San Francisco, Stockholm, St. Peters¬
891 1760 1177 1820 burg, Toronto.
833 1800 1223 1870 Quelienangabe ohne Gewähr.)
473 1849 868 1938 Ausschnitt aus:
391 1924 670 2019 10.0111310
484 1989 642 2030 vom:
789 2029 1602 2157 ace Wickor 1ngbiat.
548 2144 1498 2246 * Die neue Oper des Frankfurter Kapellmeisters
434 2208 1486 2277 Franz Neumann „Liebelei“ deren Text das be¬
446 2251 1508 2341 kannte Schauspiel von Artur Schnitzler zugrunde
440 2299 1487 2365 liegt, wurde jüngst auch in Kor#ie „Köin.
451 2345 1502 2407 Ztg.“ berichtet: „Mit diesem an mehreren ausweertigen
450 2386 1497 2451 Bühnen bereits erfolgreich aufgeführten neuen Werk Franz
441 2446 1491 2496 Neumanns hat die hiesige Opernbühne ihren Spiel¬
443 2468 1486 2534 plan anscheinend sehr aussichtsvoll bereichert. Die Auf¬
441 2509 1482 2566 nahme beim Publikum trug alle Anzeichen eines dauernden
458 2563 1484 2617 Erfolges, und noch mehr als die zahlreichen Hervorrufe
456 2598 1487 2649 des Komponisten und der Mitwirkenden bekräftigte das
438 2618 1513 2717 der allgemeine tiefe Eindruck, den es den Hörern hinterließ.
446 2689 1510 2777 Neumann besitzt nahezu alles, was zum Opernkomponisten
459 2751 1513 2818 erforderlich ist: Erfindung, Phantasie, Theaterkenntuis,
458 2800 1512 2869 melodiösen Sinn, dramatische Durchschagskraft, gewählte
451 2848 1516 2904 und wirksame Instrumentation. Sein Bestes gibt er in der
462 2876 1506 2955 Zeichnung des Liebesverhälinisses. Hier schlägt er Töne
459 2920 1513 2996 an, die eine innige Versenkung in den Stoff bekunden und
465 2967 1517 3031 einem unmittelbar quellenden Empfinden entstammen. So
1104 2997 1142 3038 10
459 3001 1506 3062 wechselt, je nach der Handlung, Gefalliges mit Packendem,
469 3045 1504 3117 Scherzhaftes mit Ergreifendem. Charakteristisch dafür ist
468 3082 1521 3165 die mehr symphonische Behandlung der Musik; er spinnt
466 3128 1516 3192 auf Grund eines durchgehenden Motivs den musikalischen
475 3172 1518 3241 Faden weiter, auch wenn im Text nicht alles dazu stimmt,
464 3211 1511 3276 er malt al fresco. Unser Gesamturteil geht dahin, daß
477 3241 1518 3337 das Wert sich längere Zeit auf der Bühne halten wird,
481 3295 1521 3355 und daß Neumann sich darin als ein hervorragend begabter
481 3333 1534 3411 Tonsetzer erwiesen hat, dem nur größere Sichtung seiner
479 3375 1534 3451 Erfindung und weitere Ausreifung seiner musikdramats¬
481 3437 902 3509 schen Technik nottun.“
2729 614 3094 711 Telepben 12.391.
2193 767 2846 864 „UBSERTER
1979 839 3094 916 1. österr. behördl. konz. Unternehmen für Zeitunge-Assechaltte
2169 906 2923 989 Wien, I., Conoordiaplats 4.
2385 966 2708 1033 Vertretungen
1981 994 3086 1068 in Beriln, Basel, Budapest, Chicago, Cleveland, Christianta,
1987 1072 3101 1107 Gent, Kopenhagen, London, Madrid, Mailand, Minnespolis,
1987 1106 3096 1161 New-Vork, Paris, Rom, San Francisco, Stockholm, St. Peters¬
2383 1139 2695 1195 burg, Toronto.
2327 1175 2678 1250 (ünchenasgabe ehne der
2538 1228 2966 1320 Signale für die
1978 1248 2382 1324 Ausschnitt aus:
2501 1290 3009 1388 musikalische Welt
2207 1328 2855 1461 21 UIENÖEA 191Derlin
1980 1384 2151 1468 vom:
2067 1490 3250 1570 Unsere Oper hat, wie immer, ausserordentlich fleissig gear¬
1796 1513 2003 1602 Köin.
2065 1565 3238 1616 beitet. Eine Unmenge verschiedener Werke liess den Bericht¬
1739 1581 2027 1655 1 Anfang Dez.
2062 1627 3241 1683 erstatter in den ersten beiden Monaten nicht zur Ruhe kommen;
2030 1632 2070 1685 *
1727 1686 3237 1732 darunter Neueinstudierungen von Spinellis A basso porto, Königin von Saba,
1735 1716 3254 1780 d’Alberts Abreise usw. Mit der alten Lucia suchte uns Oberregisseur d’Arnals
1725 1760 3254 1826 besonders zu fesseln, indem er die Inszenierung stilisierte durch Zuhilfe¬
1730 1802 3251 1876 nahme von Vorhängen und Draperien aus kupferbraunem Plüsch, der mal
1735 1861 3249 1926 Geheimrat Martersteig bei einer neuartigen spanischen Aufmachung von Hebbels
1723 1921 3259 1976 Herodes und Mariamne treffliche Dienste geleistet hatte. Natürlich ist
1734 1956 3252 2019 Donizetti ein anderer als Hebbel. „Zeitlose“ Kostüme waren ebenfalls auf¬
1731 2015 3248 2072 geboten. Was heisst zeitlos? Was in die Zeit der schaurigen Luciahandlung
1736 2054 3259 2136 nicht passt? Da Herr d’Arnals den Wald durch eine Tanne und den Friedhof
1726 2124 3253 2177 durch eine bleiche Kirchhofsmauer andeutet, fand man Plüsch (Stili¬
1736 2153 3253 2237 sierung) und lebende Tanne (Naturalismus) usw. friedlich vereint. Gewiss im
1737 2211 3262 2283 ganzen ein interessantes Experiment, das Herrn d’Arnals reformatorischem Denken
1726 2271 3256 2329 Ehre macht, aber ein misslungenes. Die klassische und romantische Richtung
1736 2318 3242 2373 wurde ebenso ergiebig gepflegt wie die neuzeitige, musikdramatische. Das Aus¬
1740 2364 3253 2420 land kam ebenfalls nicht zu kurz. Dass sich unser Spielplan sehr mannigfaltig
1732 2400 3262 2466 gestalten konnte, ist auch das Verdienst unseres neuen Heldentenors Modest
1741 2454 3262 2520 Menzinsky. Wirklich eine Errungenschaft! Ein Künstler, der sich nicht nur
1735 2514 3257 2564 auf den Deklamationsstil, sondern auch auf den Kunstgesang versteht, von un¬
1741 2548 3249 2615 gewöhnlich schönen, völlig durchgebildeten Mitteln und von grosser musikalischer
1744 2620 3262 2665 wie dramatischer Gestaltungskraft. Des Rings freuten wir uns schon zweimal,
1742 2661 3252 2720 besonders eindringlich wurde er unter Lohses Leitung geboten. Als örtliche
1745 2704 3266 2773 Novität wurde Schillings Ingwelde gegeben; schöne Musik, aber doch an
1744 2751 3250 2812 ein schwaches Buch vergeudet, und eine Musik, die sich, wenn auch ohne An¬
1735 2814 3254 2871 klänge, zu sehr des Wagner’schen Musikdramastils bedient, um uns heute, nach¬
1741 2856 3268 2916 dem die Wagnerepigonen so ziemlich erledigt sind, noch so recht packen zu
1738 2903 3272 2964 können. Die Aufführungen unter Lohse waren vortrefflich mit Frau Guszalewicz
1739 2955 3274 3013 in der Titelrolle, mit Winckelshoff und Liszewsky; auch die Inszenierung des
1745 3006 3255 3070 Direktions-Assistenten Karl von Behr war sehr geschickt und hatte Mängel der
1744 3044 3259 3111 Handlung gemildert. Die zweite Novität war Franz Neumann’s Liebelei.
1745 3101 3268 3159 Die Idee, ein Schauspiel — das Schnitzler'’sche — fast Wort für Wort in Musik
1737 3161 3262 3213 zu setzen, darunter Stellen wie „Wo-Näst-dü denn den Stopfenzieher?“... „Ach,
1749 3197 3248 3258 Schiller — Hauff und das Konversationslexikon — Donnerwetter!“ nicht ausge¬
1742 3253 3230 3303 schlossen, ist etwas schnurrig, aber Neumann kommt mit einem Parlando —
1752 3291 3267 3356 Schnellverfahren über die Worte hinweg, ohne dass die Oper zu lang würde.“
1748 3359 3253 3418 Sie ist gesanglich ziemlich uninteressant, fesselt dafür umsomehr durch das Or¬
1747 3385 3264 3457 chester, in dem es auch sehr melodiös un doft sogar bis zur Trivialität ungesucht
1752 3439 3270 3499 hergeht. Dem tragischen Element sucht Neumann auf sehr geräuschvolle Weise
1741 3491 3264 3554 beizukommen, Am meisten stossen die Rührseligkeiten der beiden letzten Akte
1744 3541 3270 3604 auf empfängliche Gemüter. Der hiesige Erfolg ist gross, aber auch die von
1749 3589 3274 3660 Lohse geleitete Aufführung mit den Damen Fink und Dux, und den Herren Lis¬
1736 3649 2659 3715 zewsky und Winckelshoff schlechthin vollendet.
