3436 4256
1626 53 2785 129 lernen. Die sentimentale Liebhaberin Ftl. Kunner
1629 103 2787 171 spielte die Rolle der Christine in der äußeren Erscheinung
461 127 855 201 Liebelei
977 131 1419 225 box 12/7
1620 155 2790 219 gefälliger sowie in den Gefühlsäußerungen lebhafter und
268 126 957 256 3. LASLSEE
1623 206 2796 266 knniger als ihre Klärchen=Rolle im „Egmont“. Die
1640 257 2796 316 Christine lag ihr wirklich gut, auch sprachlich. Im leicht¬
1624 308 2786 376 fertigen Gegensatz, in der Rolle der Mizi zeigte sich Frl.
1627 355 2798 417 Mertens ebenfalls von einer ganz vorteilhaften Seite
1628 404 2793 456 und hübschen Komik. Herr Neufeld als Fritz verdient
1628 446 2796 511 Anerkennung für das richtige Erfassen seiner Rolle und
1629 493 2793 554 die vorteilhafte Durchführung. Als leichtfertiger Theodor
1623 546 2793 608 brachte Herr Schramm die witzigen Schlager der Plau¬
1625 591 2795 651 dereien schön zur Geltung. Auch in der traurigen Schluß¬
1628 646 2789 699 szene war sein Spiel von guter Wirkung. Die kleine
1626 693 2790 746 Rolle des betrogenen Ehemannes wurde mit Ausdruck von
1622 751 2792 807 Herrn Kirsch gegeben. Durch die beiden älteren Per¬
1624 790 2785 848 sonen, den Violinspieler und die Strumpfwirkerin, gewann
1619 840 2786 902 das ganze Stück insofern, als auch sie über die Jugend
1624 891 2788 945 und das Alter philosophieren — und zwar im Sinne des
1623 926 2799 982 bekannten Ausspruches: Im Alter bereut man, was man
1628 990 2795 1049 getan hat oder aber, was man nicht getan hat. Die
1625 1040 2787 1102 alte Binder und Heiratsmacherin, von Frau Hedwig
1628 1079 2789 1149 May recht drastisch gespielt, hat ihre eigene Jugend mit
1633 1130 2791 1186 allen Verirrungen vergessen und ist in ihrem Urteil über
1629 1181 2793 1234 die Jugend moralisch wie ein Scharfrichter. Der alte
1629 1231 2794 1285 Weiring, von Herrn Sodek warmherzig gegeben, ist voll
1627 1276 2794 1325 Nachsicht und Liebe. Was hat so ein junges Menschen¬
1629 1327 2793 1391 lind von aller Entsagung, wenn es ins Alter nicht einmal
1625 1383 2789 1427 eine liebe Erinnerung hinüber retten kann?! So täuscht
1632 1423 2799 1482 sich selbst das besorgte und reflektierende Alter über das
1624 1474 2792 1541 merkwürdige Leben! Denn die „Erinnerungen“ werden
1631 1528 2790 1597 gewöhnlich nur von der bitteren Reue über ein verfehltes
1629 1579 2790 1645 Leben begleitet, wenn nicht auch im Alter noch der
1621 1617 2791 1708 Leichtsinn vorherrschet. Das Haus war zahlreich
1629 1668 1783 1741 besetzt.
1717 1723 2791 1785 Wie in den „Gespenstern“ und anderen Werken, so
1622 1773 2795 1838 wird auch in dem Schauspiel (Trauerspiel) „Rosmersholm“
1620 1825 2800 1901 von Henrik Ibsen eine Gesellschaft behandelt, die nicht
1621 1872 2788 1946 mehr gesund ist. Es sind Zeichen der Degenerierung, die
1624 1927 2791 1997 sich in den Hauptpersonen bemerkbar machen. Dazu ge¬
1629 1975 2794 2045 hört auch die Ueberempfindlichkeit und Willensschwäche bei
1628 2031 2796 2096 Johannes Rosmer. Auf Romersholm liegt etwas in der
1616 2069 2798 2142 Luft, was den Menschen das freie Aufatmen benimmt,
1619 2112 2798 2193 eine schleichende Krankheit. Die Kinder schreien nicht und
1616 2172 2798 2251 de Erwachsenen können nicht lachen, erzählt Madame
1625 2230 2786 2285 Helseth. Selbst eine gesunde und willensstarke Natur wie
1706 2268 2800 2341 ##llo unterliegt schließlich der geistigen Ansteckungs¬
1627 2325 2794 2377 atmosphäte“ Wie sich in den Wänden alter Herrensitze
1636 2370 2800 2441 im Laufe der Zeit gern allerlei Giftpilzchen und andere
479 2381 1539 2476 Gablonzer Stadttheater.
1637 2406 2804 2483 gesundheitsschädliche Dinge festsetzen, so auch in alten
1627 2467 2806 2526 Familien allerlei Gewohnheiten und Eigentümlichkeiten, die
425 2465 1619 2547 (Bonnerstag: „Liebelei“ Komödie in 3 Akten von Arthur
1632 2509 2811 2588 sich von Geschlecht zu Geschlecht vererben und schließlich
726 2505 1622 2592 Freitag. „Rosmersholm“, Schauspiel in
752 2559 1305 2623 4 Akten von Henrik Ibsen.)
1637 2548 2807 2630 schädlich wirken. Vorurteile verhindern die rechte Zucht¬
537 2607 1617 2688 Schnitzler plaudert unterhaltend. Die ernsten Fragen
1625 2616 2801 2671 wahl u. s. w. Aus Tugenden können Fehler werden.
1630 2664 2745 2723 „Und alle Schuld rächt sich auf Erden“ —
446 2662 1613 2721 des Lebens werden förmlich spielend vorgeführt. Wenn
445 2710 1615 2775 sich das Leben nur immer angenehm unterhaltend und
1631 2710 2804 2783 selbst die schlechten Gedanken über und gegen den Mit¬
455 2759 1617 2832 spielend behandeln ließe! Leichtsinnigen Naturen wie
1624 2754 2800 2825 menschen Mit der sittlichen Weltordnung muß auch eine
449 2810 1620 2863 Theodor Kaiser (Herr Franz Schramm) und Mizi
1632 2814 2805 2869 Gesellschaft von Freidenkern rechnet, wie sie in Rebekka,
453 2860 1620 2918 Schlager (Frl Rita Mertens) fällt das nicht schwer.
1626 2860 2788 2918 in Rosmer, in Brendel und in dem „Feuerjournalisten“
451 2915 1621 2971 Aber die anderen Menschen, welche auch leichtsinnig leben
1630 2910 2794 2977 Martinsgard, der zwar die Gegner angreift, aber doch
446 2954 1616 3018 möchten, werden durch ihr Gewissen wie durch die
1626 2955 2808 3016 als kühler Geschäftspraktiker operiert und vielleicht auch
452 3002 1625 3071 schweren Konflikte mit der Außenwelt leicht zu Grunde
1624 2997 2812 3082 denkt, daß die Rache ein Gericht ist, das kalt genossen
1626 3049 2804 3122 werden muß, wenn man sich nicht den Mund verbrennen
456 3050 1623 3117 gerichtei. Solch eine tragische Menschennatur ist Christine
1629 3109 2805 3176 und das eigene Haus nicht in Brand stecken will. Auf
451 3104 1619 3166 Weirikg (Frl. Olga Nunner) und bei aller Don
453 3153 1617 3216 Juanerie auch Fritz Lobheimer (Herr Max Neufeld).
1622 3152 2806 3217 der Gegenseite stehen ebenfalls keine unschuldsvollen Engel,
1625 3200 2813 3256 wie uns der fanatische Rektor Kroll und das den Skan¬
433 3193 1626 3281 HFritz macht sich über seine Liebelei mit einer verheirateten
1629 3247 2799 3308 dal und die Personenvernichtung gleich ihm liebende
443 3247 1619 3322 Frau schwere Gedanken, die ihn aber nicht hindern, noch
448 3297 1621 3365 mit anderen weiblichen Wesen Verhältnisse anzuknüpfen,
1637 3291 2818 3373 Parteiblatt zeigen. Ebenfalls eine kranke Gesellschaft!
444 3345 1620 3416 so mit der Tochter des ehrsamen Violinspielers Weiring
1620 3358 2805 3413 Wenn man 4 lange Akte hindurch so viel Ungesundes,
451 3399 1619 3463 im Josefstädter Theater in Wien. Die ganze Begebenheit
1633 3390 2812 3461 Unfrisches und Unerquickliches auf sich hat einwirken lassen
450 3450 1626 3514 spielt natürlich in der Großstadt, wo sich die Menschen
1621 3450 2803 3512 müssen und um ½12 Uhr erst nach Hause gehen kann,
1628 3493 2798 3558 dann bedauert man vielleicht, daß Johannes und Rebekka
454 3491 1628 3558 und Herzen leichter finden, weil man sich im großen Ge¬
1629 3548 2802 3603 nicht schon eine Stunde früher in den Mühlgraben ge¬
452 3546 1622 3602 wühl eher verbergen kann. Aber trotzdem muß es einiger¬
448 3592 1627 3660 maßen befremdend wirken, daß ein so ernstes Mädchen
1623 3588 2808 3664 sprungen sind, ja man würde auch ohne tieferes Mitgefühl
455 3645 1619 3698 von besseren Grundsätzen und festerer Treue wie Christine
1627 3651 2800 3706 dem edlen Rektor den Mühlgraben gegönnt haben. Als
1633 3689 2806 3754 Deutscher wird man sich vielleicht auch noch darüber freuen,
451 3695 1627 3745 mit der leichtsinnigen Mizi abends zu den jungen Leuten
441 3733 2810 3792 Fritz und Theodor auf's Zimmer kommt, schwere Weine] daß unsere Kinder noch schreien und die Erwachsenen
2798 80 3392 159 uns in Maske, Spiel und H
2804 128 3375 195 vität entgegen. Selbst die
2798 164 3387 239 und der kühne Plan, aus de
2806 214 3389 285 „Adelsmenschen“ zu bilden,
2787 263 3396 339 dieses Helden nicht zu täusch
2790 314 3402 384 vorherrschend. Die bloße Au
2796 359 3390 430 Martinsgard (welcher von H
2791 407 3394 480 originell charakterisiert wurde
2796 454 3396 537 an dem fleckenlosen Lebensw#
2795 507 3377 573 und frommen Mannes irre
2803 558 3406 622 Rosmers Tatkraft zu lähmen
2793 612 3393 671 spenster. Das weiße Unglück¬
2802 648 3399 718 als „weiße Frau“ vorkomm
2800 697 3402 768 graben, in dem die Gattin A
2797 754 3406 816 überflutet das Empfindungs
2796 791 3399 872 lebenden. Johannes ist wed
2807 857 3384 915 „Blässe des Gedankens“ ist
2793 882 3404 982 Herr Kirsch hat diesen Charc
2801 932 3387 1014 Sprache gut veranschaulicht.
2798 985 3401 1061 West trat die bekannte Tragö
2796 1039 3369 1110 Frl. Frieda Steiger zu
2789 1099 3398 1163 gestaltete jene interessante Fig
2795 1139 3398 1212 warm. Es dauert lange, ehe
2800 1195 3402 1256 mit ihren Vorzügen und A
2793 1231 3401 1302 Ihre Vergangenheit wie ihre
2799 1288 3388 1365 ihrem Freunde Rosmer ein
2792 1333 3389 1398 klären muß. Der Schiffbruch
2806 1377 3403 1450 Zeitkinde, das, wie so manch
2795 1413 3403 1503 sich selbst und den weiblichen
2799 1486 3399 1552 die Stütze an dem geliebten
2790 1539 3407 1601 Mann ist. Der alte Moral
2792 1569 3398 1653 Leistung des Herrn Sodek
2798 1626 3400 1696 mutung, daß sie unehelich g
2785 1677 3391 1737 dem Konzept. Frl. Steig
2805 1733 3394 1795 Situationen völlig auf der H
2798 1776 3401 1849 eingestreute und überflüssigel
2803 1830 3397 1894 Ulrik Brendel, den Herr S#
2797 1880 3386 1960 stattete, daß man bedauern
2801 1928 3366 2003 gar nichts dahinter steckte.
2793 1969 3393 2030 die Waffen vor dem Gen
2798 2029 3395 2097 großen Zeitungslichtes gestrech
2803 2065 3397 2142 erscheint, die die Stützen der
2793 2113 3390 2192 gangen hat. Er rächt auch
2798 2173 3377 2238 Unrecht, von dem Madame
2792 2218 3380 2289 zu erzählen weiß. Ja, diese
2805 2270 3390 2338 ist die Schuld.“ — Das H
2825 2314 3399 2401 Spiel Beifall. Die fallen
3035 2359 3380 2456 waren wechsel¬
