3436 4224
376 170 708 234 Tebeler
200 164 847 272 S. 1
891 162 1304 251 box 13/2
1459 100 2151 152 parte di una ragazza meno idealista
1482 139 2145 180 i Cristina e liberamente gloconda,
1451 174 2145 226 recito con la conosciuta sua freschez¬
1447 208 2141 248 za. fraggiungendlo effetti sicurl. La
1445 246 2153 290 signora Riva, in unn breve parte cü¬
1447 271 2150 319 ratterizzata, seppe richlamare su di
1459 309 2153 356 se T’attenzione del pubblico, meritan.
1444 336 2160 386 dost anche, col Ceseri, il quale rese
1451 373 2150 425 vebriamnente ma con secenti commo¬
1457 408 2146 443 venti di sincerità la parte del padre
1440 428 2151 483 di Cristina, un caldo applauso a sce¬
1447 473 2147 516 na aperta. Corretti e coloriti attori
1441 508 1969 552 furono l°Oppi e i1 Billotti.
1488 540 2149 581 Belle le scene, di schietto carattere
1453 567 2011 621 tedesco, 0, meglio, austriaco
1475 612 2147 650 Il dramma ebbe il miglior successo.
1452 635 2149 687 Non poteva essere altrimenti. E' una
1448 676 2146 725 caratteristica di questa Compagnia
1444 708 2149 751 T’amorosa passione, che traluce da o¬
1450 751 2149 793 gni particolare, con la quale gli spet¬
1449 782 1944 817 tacoli vengono presentati.
1477 806 2157 852 Dopo ogni atto gli applausi furono
1445 843 2145 891 numerosi e calorosissimi. Entusiasti¬
1443 870 1895 929 ei, dopo gli ultimi due.
1722 909 1857 957 * * *
1477 941 2145 999 Cristind, che sentimmo nella bella
1465 980 2147 1028 elucida traduzione di Piero Ottolin,
1452 1019 2144 1070 e uno dei primi drammi di Schnitzler,
1449 1048 1969 1096 già noto al nostro pubblico.
1475 1081 2149 1125 Ci sono in esso i germi, sviluppati
1452 1118 2150 1158 poi con piü maturata esperienza, nel¬
1447 1152 2145 1185 le sue opere successive. II problema
1445 1185 2143 1223 della relatività dei fatti morali preoc¬
1445 1222 2139 1261 cupa fin da quel tempo lo spirito
1446 1253 2157 1287 dello scrittore, In Cristing si tratta
1447 1289 2150 1328 dell’amore. II medesimo tema dell’a¬
1449 1313 2141 1361 more, visto da un diverso punto di vi¬
1453 1355 2155 1399 sta e sotto altri riflessi, fu trattato
1455 1382 2139 1428 dallo stesso Schnitzler in quella com¬
1444 1413 2133 1462 media per la quale egli e maggior¬
1451 1453 2152 1509 mente conosciuto fra noi: Girotondo.
1474 1481 2147 1523 Semplicee dolorosa vicenda roman¬
1447 1511 2150 1568 tica, quella di Cristina, dalla quale
1455 1552 2146 1585 sboccia, all’ultimo, nella domanda an¬
1453 1583 2141 1628 gosciosa della creatura straziata, il
1443 1614 2141 1665 concetto per il quale la commedia &
1453 1647 1747 1691 stata composta.
1472 1677 2147 1726 Cristina si é data per amore, con
1438 1707 2151 1754 la precisa coscienza della sua dedi¬
1447 1748 2159 1790 zione a Fritz. Per lei, dal momento
1438 1782 2147 1827 che ha incominciato ad amare il gio¬
1447 1815 2147 1860 vane, ogni bene della vita s’identitica
1444 1850 2144 1899 in Jui. Non vede che Jui, non respira
1449 1882 2009 1928 che per lui, Egli & l’amore.
1471 1914 2133 1962 Per Fritz, invece, Cristina non rap¬
1440 1946 2138 1991 presenta dapprima che un placevole
1436 1965 2145 2025 diversivo. Un amico, preoccupato del¬
1434 2012 2142 2066 le conseguenze che potrebbe avere
1445 2041 2139 2094 una relazione di Fritz con una signo¬
1448 2076 2136 2129 ru sposata, della quale & innainora¬
1898 2115 1928 2137 1—
1443 2118 2138 2160 tissimo, gli ha quasi gectato fre le
1443 2145 2090 2188 braccia la pura e dolce fanciulla.
1459 2182 2152 2226 Impara ad amarla Fritz, intuisce la
1448 2210 2145 2263 grandezza della passione di lei, quan¬
1439 2245 2145 2287 do & troppo tardi. II marito della
1439 2273 2160 2319 sua amaute, scoperta Ja tresca, I’hal
2420 2523 2476 2564 1
1676 3371 2412 3433 Una scena del 3e atto di & Cristina,
2571 3374 2868 3446 (fot. Argo)
