3484 4320
866 253 1365 350 box 12/1
227 253 865 361 5. Liebelei
407 320 780 374 mandnsa—- Paamanaunaaseranzurzunenf-Auiieg urengan
1171 1347 1543 1444 elephon 12. 91.
609 1425 1366 1592 „OBSERVER
450 1590 1528 1660 k. öster beh. konz. Unternehmen für Zeitungs¬
665 1623 1339 1694 Ausschnitte und Bibliographie.
615 1679 1398 1763 Wien, I., Concordiaplats 4.
846 1749 1172 1815 Vertretungen
441 1787 1552 1862 in Berlin, Brüssel, Budapest, Chicago, Cieveland, Christiania,
449 1836 1554 1894 Gent, Kopenhagen, London, Madrid, Mailand, Minneapolis,
446 1879 1552 1948 New-Vork, Paris, Rom, San Francisco, Stockholm, St. Peters¬
843 1918 1155 1971 burg, Toronto.
800 1946 1202 2017 Gpslienangabe ohne Gewähr.
435 2000 847 2078 Ausschnitt aus:
686 2049 1498 2177 21 Mnager Tanblatt
447 2131 609 2183 vom:
702 2191 1401 2331 Theuzer und Konst.
789 2279 1317 2409 „Tiebelcses gls Oper.
604 2343 1488 2464 Premiere in der Berliner Komischen Oper.
675 2394 1576 2513 verlin, 20. Jon. (Priv) Ein felener Hall
584 2432 1565 2567 ereignete sich bei der heutigen Première in der Ko¬
582 2500 1569 2603 mischen Oper. Die Dichtung überragte die Musik
575 2521 1569 2670 Ubetrechtlich. Ein wenig bertannter Komponst, Hrans
587 2574 1577 2698 „Aeumann, war auf den Gebanten versalen,
596 2615 1579 2747 Schnitzlers treffliches Drama „Liebelei“ in Musik
703 2659 1576 2777 tzen. Er hat es in einer Flut von geschickt ge¬
726 2686 1582 2814 lustrierender Musik ertränt. Daß Puemi!
746 2737 1585 2852 er stehen mußte, läßt sich bei der stofflichen
757 2785 1588 2913 dischaft mit der „Hohemes leicht verstehen.
774 2838 1597 2947 ich „Tristan“ mußte heran und der beleidigte
769 2879 1596 2989 in sprach im Stile Wotans. Uebrigens wird
776 2917 1604 3031 ers Prosa wortgetreu in Wiener Mundart
762 2960 1609 3070 en. Das Publikum fand Gefallen an dem
755 3008 1602 3120 stigen Werke und rief neben den Hauptdar¬
719 3039 1613 3156 ern Nadalowitsch, Zador und Maria
635 3101 1612 3209 Labia schon nach dem zweiten Akte den Kompo¬
637 3137 1621 3247 nisten und Direktor Gregor, der die Inszeuierung
632 3199 1375 3305 mut dewalntem Geschick geleitet hrte.
2615 1150 3001 1243 Telephon 12 801.
2931 1197 3008 1252 I. Aae
2075 1301 2827 1400 „OUSEMVEN
1914 1366 3012 1464 I. österr. beh. konz. Unternehmen für Zeitungs¬
2124 1431 2799 1493 Ausschnitte und Bibliographie.
2095 1473 2854 1557 Wien, I., Concordiaplatz 4.
2309 1543 2667 1623 Vertretungen
1922 1582 3018 1657 in Beflin, Brüssel, Budapest, Chicago, Cleveland, Christiania,
1929 1640 3015 1691 Genf, Kopenhagen, London, Madrid, Mailand, Minneapolis,
1934 1678 3019 1758 New-Vork, Paris, Rom, San Francisco, Stockholm, St. Peters¬
2327 1710 2625 1779 burg, Toronto.
2277 1755 2671 1826 analienangabe ohne Gewahr.
1926 1808 2829 1897 Ausschnitt aus: REICHSPOS WIEN
2039 1870 3113 1973 #11 Zrcn Kagaugedr
1928 1942 2082 1999 vom:
1941 2060 2980 2195 Theater, Kunst, Musik.
1955 2197 2944 2283 Schnizlers „Liebelei“ als Oper.
1939 2259 3049 2325 Wie aus Berlin gemeldet wird, kam gestern in der
1858 2322 3038 2377 „Komischen Oper“ Schnitziers „Liebelei“ als Oper zur Auf¬
1858 2355 3044 2416 führing. Ein wenig bekannter Komponist Franz Neu¬
1856 2402 3039 2453 mann war auf den abenteuerlichen Gedanken ge¬
1848 2440 3040 2500 kommen, das Drama in Musik zu setzen. So stark der
1865 2481 3044 2541 äußere Erfolg des Werkes, dank der trefflichen Dar¬
1862 2525 3039 2596 stellung und der mit großem Geschick vom Direktor
1851 2581 3037 2628 Geeger geleiteren Inszenierung vor, kann dies doch nicht
1856 2617 3050 2676 über den Wert der Oper täuschen. Die Musik steht weit
1861 2672 3069 2731 unter der Dichtung. Die Komposition der Prosa des Stückes 5#
1863 2715 3033 2763 macht Schwulstigkeiten unvermeidlich und dabei hat Neu¬
1848 2767 3043 2823 mann noch auf allen Seiten greifbare Entlehnungen ge¬
1859 2794 3038 2848 macht. Puccinis „Boheme“ ist mit der Liebelei sehr nahe
2523 2838 2638 2898 wird
2690 2839 3041 2897 darin zitiert,
2297 2828 2476 2896 Tristan
1856 2845 2243 2915 verwandt, auch
2062 2871 3049 2936 beleidigte Ehemann singt im Wotan¬
1863 2882 2025 2941 und
1861 2925 3041 2978 stile. Maria Labia, welche die Christine gab, spielte sehr
1853 2964 3035 3030 ausdrucksvoll, doch fehlte ihr die wienerische Note, als
1855 3013 3043 3062 „Schlager=Mizzi“ war Susanne Bachrich weitaus besser.
1862 3058 3051 3108 Der Tenor Nadolovitsch reichte in der Rolle des Fritz
1862 3099 3038 3148 stimmlich nicht aus, dagegen war Richard Missiak in
1870 3141 3046 3195 den ernsten und komischen Stellen der Rolle
1868 3186 3054 3241 des Freundes gleich trefflich. Nach dem zweiten
1856 3232 2863 3307 Akte der Oper war der Beifall am stärksten.
