3484 4224
440 133 623 216 Lieb
259 132 945 259 5. Melei
955 133 1411 230 box 10/3
1498 964 2180 1076 Die Berliner Theatersaison 1895/90.
1136 955 1257 1060 502
1140 1074 2541 1162 Naturalismus mit historischer Treue gleich setzten. Schon im Ja¬
1126 1156 2523 1217 nuar hab' ich an andrer Stelle mit Bezug auf „Florian Geyer“
1132 1205 2550 1265 bemerkt: „Im historischen Drama ist der konsequente Realismus,
1137 1257 2548 1333 den man besser Naturalismus nennt, nichts andres als historische
1140 1320 2550 1395 Treue.“ Ich fügte erläuternd hinzu, daß sich diese historische Treue
1128 1380 2548 1460 im Dichtwerk nicht auf das beschränkt, was wirklich geschehn ist,
1142 1439 2555 1508 nicht auf die zufällige Thatsächlichkeit, sondern daß die höhere
1140 1507 2540 1581 Wahrheit des Dichters in die weite Fülle von Möglichkeiten hinein¬
1141 1553 2542 1623 greift und sich selbst nur die prüfende Frage stellt, ob dies oder
1135 1630 2540 1680 das so und so hätte geschehn können. Ueber Hauptmann im Be¬
1136 1686 2546 1755 sondern sagte ich dann wörtlich: „Was sich seiner Beobachteng
1142 1733 2541 1794 entzieht, gestaltet er frei im Sinne dieser Beobachtung. Was er
1132 1798 2548 1870 findet, verwendet er, und wo er nichts findet, erfindet er im
1137 1852 2550 1923 Sinne des Gefundenen.“ Diesen rein künstlerischen Grundsatz, der
1132 1917 2526 1986 von der historischen Forschung unabhängig ist und dennoch histo¬
1132 1969 2539 2031 rische Treue übt, hat Hauptmann meines Wissens durchweg befolgt.
1142 2050 2543 2102 Obgleich Professor Lenz es verschmäht, sich nach dem Beispiel von
1147 2087 2551 2159 „Tagesliteraten“ mit der „interessanten aber unholden“ Dichtung
1128 2149 2536 2229 abzugeben, so kommt er doch im Verlauf seiner historischen Be¬
1133 2206 2545 2287 trachtung immer wieder auf diesen Unhold zurück. Mit dem Recht
1134 2263 2537 2348 des gelehrten Sachkenners bestreitet er mehrfach die Thatsäch¬
1140 2327 2552 2401 lichkeit der von Hauptmann dargestellten Vorgänge. Zuweilen
1140 2400 2531 2460 aber bestreitet er ihm auch die Möglichkeit des von ihm Darge¬
1146 2446 2539 2518 stellten. Ermeint, Hauptmanns Helden hätten in jeder Szene ein rüderes
1145 2499 2540 2555 Benehmen, als es Edelleute, Bürger und Bauern zur Zeit der Schläch¬
1131 2565 2555 2618 tereien von Böblingen, Kitzingen, Königshofen in Wirklichkeit hatten.
1137 2621 2545 2693 Das ist Gefühlssache. Mein tagesliterarischer Dilettanteneindruck
1137 2673 2542 2740 empfindet hier anders als die akademische Wissenschaft. Kürzlich
1139 2737 2549 2803 durchwanderte ich die Folterkammern der Nürnberger Burg, wo
1143 2803 2549 2872 auch aus dem fränkischen Bauernkriege manches Marterwerkzeug,
1133 2859 2550 2919 manche Kriegswaffe (die Morgensterne) aufbewahrt wird. Ueberall
1130 2916 2549 2971 trat mir, mit Lenz zu sprechen, eine recht „unholde“ Vergangenheit
1133 2986 2550 3049 entgegen. Soll der Dichter, der diese Zeit im Drama wieder will
1130 3050 2551 3111 aufleben lassen, sie verholden? Verlangt das im Ernste gerade ein
1145 3087 2543 3150 Historiker? Und wird sich ein Historiker befriedigter durch die Art
1136 3150 2550 3225 fühlen, wie Ernst v. Wildenbruch nach alter Theatermethode mit
1134 3211 2547 3286 der Geschichte Gregors und Heinrichs umspringt? Ein Mann wie
1144 3259 2558 3354 Lenz denkt, wenn er „König Heinrich“ gesehn hat, über „Florian
1143 3337 1680 3396 Geyer“ vielleicht milder.
1226 3385 2556 3466 Zufällig kehrt in beiden Stücken ein und dasselbe überaus
