3392 4320
365 185 715 261 Liebele
204 175 1333 300 5.  box 11/5
122 1033 352 1114 Sl. von 16.
430 1046 1371 1114 und Zielrichter Herr H. Fischer. Das Amt
161 1095 287 1155 Tot.
283 1096 1371 1151 des Zeitnehmers hatte Herr F. Schlesicky inne. Das Dauer¬
106 1114 1370 1188 n. 3000 frudern war von gutem Wind und starker Strömung be¬
116 1187 1378 1237 diving günstigt. Es wurde von dem Sieger ein Rekord aufgestellt.
112 1234 1373 1287 ommon I. Vierer: 1. Offenbacher R.=V. Hellas: Otto Meier, Wil¬
1205 1284 1377 1347 S
130 1328 1374 1380 *), die mann, der von Puccini und Massenet am meisten gelernt
129 1380 1377 1443 erlebte. hat, besonders glücklich den im ersten und zweiten Akt
105 1424 1378 1479 namige vorherrschenden Konversationston getroffen, wie auch den
125 1479 1380 1536 in die einzelnen Personen eine musikalisch sehr lebendige Cha¬
101 1537 1373 1586 use am frakteristik verliehen ist. Wie einfach und gemütvoll zeich¬
268 1583 1372 1644 net z. B. das ruhige As-dur-Terzenthema die Herzlich¬
114 1631 1378 1680 bet Ar-(keit Christinens, wie flott und rhythmisch prickelnd be¬
113 1671 1381 1736 en Her-gleitet die Musik den Eintritt der feschen Mitzi, und wie
111 1731 1387 1785 greichsten scharf deuten die drei kurzen Baßmotive das drohende
124 1770 1374 1831 hat, sound sich erfüllende Verhängnis an. Während die Ge¬
117 1826 1381 1881 lei“, die  spräche der beiden Paare Leichtigkeit und den richtigen
124 1862 1386 1934 stellt ist, musikalischen Fluß zeigen und der pikant instrumentierte
115 1928 1377 1979 ei Stu¬ Es-dur-Walzer und der hübsche Einfall mit der Verwen¬
114 1970 1376 2031 Verhält=dung des Doppeladlermarsches viel Leben in die ganze
107 2020 1381 2082 ers vom Situation bringen, findet Neumann auch für den reichen
114 2073 1374 2133 hen Mo= Gemütsinhalt der Dichtung von Schnitzler vielfach den
136 2108 1373 2179 impro=warmen, echten Herzenston. In seiner ungesuchten Ein¬
130 2153 1384 2226 herein,fachheit doppelt reizvoll ist, um nur einiges herauszu¬
104 2214 1386 2272 knd The= greisen, das kleine, altfränkisch variierte Liebesliedchen
122 2253 1376 2341 t behan= All mein Gedanken, die ich hab'“ und weiter die gleich
113 2319 1375 2387 lei“ sehr bedeutungsvoll als zart ausklingende Idylle „Warum
134 2356 1386 2418 Duell, spielst du nicht weiter?“ im ersten Akt, dem im zweiten
128 2399 1384 2474 zweiten die hübschen Lyrismen und kräftigen Steigerungen der
113 2452 1386 2535 zene, die großen Liebesszene und des Abschieds in Christinens
116 2498 1392 2575 dunklen Zimmer folgen. Schöne und fein empfundene lyrische
290 2546 1389 2617 Momente bieten sich ebenfalls bei den Worten „Ich seh'
123 2577 1387 2660 schmerz=sie ja noch vor mir“ des sich in Erinnerungen verlieren¬
114 2622 1387 2716 für eine den alten Vaters, und der sich klangvoll aufbauenden
101 2677 1382 2763 sstine, daß Orchesterstelle im dritten Akt, da Christine, kurz vor dem
124 2719 1387 2816 die ihm Eintritt der Katastrophe, das Kästchen mit den Briefen
111 2778 1393 2839 gewesen, und der vergilbten Rose des Geliebten hervorho). So
106 2824 295 2892 zu sagen.
301 2841 1387 2910 gut auch der Komponist, der in seiner ersten Oper prak¬
295 2889 1393 2947 tischen Theaterblick mit wirklich ausgesprochenem Geschick
103 2913 287 2990 hat Neu¬
300 2946 1392 3005 der im besten Sinne des Wortes zu nehmenden Auf¬
287 2987 1397 3055 machung wirkungsvoll vereinigt, den Steigerungen der
101 2978 301 3077 ckvoll aus¬
108 3038 1392 3108 lavier,eigentlichen dramatischen Situationsmalerei nachgekom¬
119 3099 1401 3152 von B. men ist, so wäre gegen den Schluß des dritten Aktes doch
278 3128 1402 3208 eine Kürzung am Platze. Sie betrifft das Weglassen des
2997 985 3297 1075 dn Dennearen
2790 1004 2883 1072 — —
1698 1004 2514 1095 Werlegen, diese flerig von Pech verforg..
1704 1046 3283 1134 inders. Zwar siegten die Hanauer auch gestern wieder Diplomatisch war er zuerst
1701 1101 3297 1182 über die Frankfurter Germania, aber der Kampf! Griechenland, dann in Müng
1697 1142 3300 1210 #urde ihnen recht schwer gemacht; wenn die Germanen, wurde er zum Botschaftsra
1698 1186 3296 1257 die sehr flinke Läufer in ihren Reihen haben, einmal sich Im russisch=türkischen Kriege
1693 1235 3293 1307 auf besseres Zuspielen verstehen und energischer schießen im Oberkommando der russi
2604 1291 2782 1361 ee e
1695 1332 3298 1416 nur Bekanntes wiederholenden Allegretto „Von seinem feinste Blüta zeitigte. Ge
1695 1380 3276 1456 Vater . .“ bis zum Andante der Worte Theodors, und der Regisseur durch das
1696 1437 3269 1498 kurz vorher der Allegrostelle „Für diese Frau“ bis zu heißt: Zeit, Gegenwart.
2771 1468 3296 1553 schon früher erschienenen
1697 1489 2776 1560 den Worten: „Theodor, haben Sie denn gar nichts für
2780 1528 3293 1588 blatt das Bild Christinen
1695 1535 2778 1625 mich?“ Schon dem Texte nach drängt sich hier alles un¬
1699 1576 3298 1659 aufhaltsam der Schlußnote des unglücklichen Ausgangs Maler, Heinrich Comploj,
1695 1631 3288 1703 zu, so daß Hemmungen nur die Wirkung aufheben, auf den berühmten Malern d
1696 1675 3299 1748 die sich Schnitzler in seinen Abschlüssen so gut versteht. Danhauser und Waldmülle
1702 1724 3296 1798 Für die Theater selbst bietet die Neumannsche Oper, für Neigung für den Altwie
1707 1773 3296 1852 die man sich da und dort schon lebhaft interessiert, keine Wendungen in der „Lie
1702 1840 3297 1901 besonderen Schwierigkeiten. Dem ganzen Charakter nach vielleicht gedachte) Stimmt
1706 1878 3287 1955 muß nur die Rolle der Christine mit seinem Bedacht be= Musik in vielen Stellen
2789 1916 3292 1989 Das sind wohl Empfindur
1719 1930 2784 2004 setzt werden. Doch ist diese Partie ebenso dankbar, wie
2794 1966 3296 2038 ten läßt. Wir sind aber
1712 1978 2785 2044 die des Tenors, und auch die keineren Nebenrollen ver¬
2797 2023 3291 2089 einheitlich durchgeführten
2521 2027 2787 2093 zeitraubende
1697 2028 2498 2107 langen nichts Außergewöhnliches. #s
2791 2073 3297 2137 1820—35 einzelne Szene
1699 2079 2712 2144 Studium mit dem Chor fällt hier weg. Senso leicht
2788 2119 3288 2191 sprünglichsten 1. Akts in
1704 2138 2713 2204 auch das S##ium, das von zwei Zimmerinterie
2799 2172 3291 2236 och weit mehr gewinnen
1713 2168 2714 2246 eines für ##en A###lden zweiten und dritten) gleichs
2811 2214 3284 2288 stine hätte man hinst
1700 2224 2701 2299 bend behält. Den theoretisch gediegenen Musiker
2890 2268 3280 2342 Rolle keine bessere
1707 2280 2777 2356 Neumann, um zum Schlusse noch einmal von der Par
2798 2318 3284 2384 1 „ Fräulein
1709 2320 2788 2386 titur zu sprechen, in der Fuge des Vorspiels zum zweiten
3067 2370 3238 2437 Mimi. C
2797 2371 2982 2439 lisande
1701 2376 2785 2427 Akt, wie auch das musikalisch feine Eindringen in den
2794 2403 3287 2492 vornherein für derartige
1708 2416 2789 2508 jeweiligen Stimmungsgehalt uns die treffliche Instru¬
2787 2464 3264 2546 dene Künstlerin, eine
1714 2468 2481 2529 mentation lobend hervorzuhehen sind.
2786 2507 3282 2588 unseres Ensembles, dem¬
1749 2487 2678 2573 Mit anerkennenswertem kollegialem Pfliche
2793 2568 3275 2634 darstellerischen Charakter
1716 2557 2600 2638 setzte Herr Dr. Rottenberg für die
2794 2616 3290 2687 punkt ihrer sich von jebe
1722 2610 2769 2675 Vorbereitung und die besonders in dem wichtigen or¬
1707 2666 3237 2719 chestralen Teil sein abgerundete Aufführung allen Eifor freihaltenden, durch
1724 2715 3284 2770 erfolgreich ein. Die Regie in der ersten Novität dieser winnende Herzlichkeit des
1724 2749 3286 2822 Saison führte mit vieler Belebung des Eindrucks ein= pelt wirksamen Leistung
2796 2823 3277 2880 markanten Szenen des
1723 2817 2802 2878 zelner Szenen Herr Intendant Jensen. Nur das
1727 2859 3289 2926 gewählte heutige Straßen= und Hauskostüm halten wir gut disponiert, war Her
1727 2926 3291 2976 im Hinblick auf das gestellte Interieur für unser Ge= mit seinem Tenor=Brau
1722 2961 3282 3033 fühl im Stil des ganzen Werkes nicht recht zusammen= ein sehr guter Partner
1728 3012 3290 3085 passend. Für die Zimmereinrichtung von Akt II. und Element, das zu demser
1730 3061 3246 3130 III. war richtigerweise der behaglich bürgerliche Stil Christine in scharfem
1717 3107 3294 3190 des Nach-Empire gewählt, der gerade in Wien seine Doninger als Mitz
