3436 4256
751 135 806 208 1
434 120 708 205 Liebe
278 116 1412 245 5. box 10/8
2145 47 3065 122 (083.: Anche (ome preneersiten. oilisst
2136 112 3076 179 una azione interessante, continuatn vale
2132 154 3061 242 poco, come commedlia seria potrebbe avor
2140 207 3082 271 qdalche merito, se il comico e il serio
1871 228 2120 303 Für 50 Ze
2134 249 3252 327 fossero cosi bene equilibrati da poter con- inclusive
1923 282 2063 340 „ 100
2134 312 3222 385 correre allo svelgimento di questa azioue. Porto.
1953 325 2059 368 200
1893 335 1957 385 „
2192 340 3243 425 Ma tutto quello che succede si sa per Zahlbar
1894 360 2058 418 „ 500
3041 383 3272 442 im Voraus.
1885 399 2072 463 „ 1000
2143 393 2903 476 bocca dei personaggi; non si vede.
1973 457 2062 510 Im
2186 444 3298 516 Tuttavia non bisogna misconoscere latte ist das
1849 485 2108 551 Abonnement
2148 499 3288 559 esperienza dell’ autore nel tratteggiare sin-tcht es den
1843 537 2134 600 Abonnenten fi
2151 542 3140 622 gole scene. Per esempio il Ioe IIIo atto ern.
2145 589 3079 671 sono due quadri stupench. Ci vuole avere,
3072 603 3306 675 haltend die
1968 609 2110 680 Der „
2145 644 3076 709 una buona pratica della scena e della vita
3062 666 3305 716 Morgen¬
1847 655 2139 719 Inhaltsangab
1847 707 2106 756 blütter
2147 704 3292 755 per offrirci un quadro cosi fedele di quelle er Zeitung“)
1858 742 2125 794 wodurch eine
2142 742 3286 836 Idue glovani coppie di amanti che si tro- fliche Leben
1855 782 2133 830 des In- und
1851 779 3291 889 werden in Wie“, vano riunite in casa di Fritz e che passa- ittheilungen
2149 849 2738 918 no il tempo allegramente.
2195 884 3074 969 Tutto questo primo atto é un quadro, 6
2153 945 3084 1005 una scena che ci fa sapere, come Teodoro
2149 990 3076 1052 abbia la sua Mizi, una farfallina meno
2154 1038 3099 1120 leggera forse delle altre, e Fritz la sua¬
2141 1093 3083 1163 Cristina, fanciulla di cuore esentimento II
2148 1138 3075 1217 pranzo, la danza, varie altre cosette di
2152 1186 3071 1255 pingono assai bene quell' ambiente consa¬
2142 1239 3090 1317 crato agli studi e ai piaceri, ma von
2155 1286 3095 1385 basta pennellare I'ambiente, ci vuole la
2155 1350 2326 1418 azione.
2198 1359 3071 1459 Fritz ama pure la sua Cristina ma
2157 1438 3080 1512 sembra che abbia ancor da regolare al¬
2164 1484 3099 1547 cuni conti, per aver stretto amicizia con
2164 1517 3088 1606 una donna maritata. Da qui un Quelio nei
2162 1567 3102 1646 quale Fritz resta morto e Teodoro invece
2161 1631 2860 1689 viene incaricato dell’ambasciata.
2205 1651 3088 1754 Questo é il punto piä drammatico del
2158 1726 3088 1806 lavoro. Cristina appena sa tutta la veritä,
2166 1771 3086 1837 vuol fuggire di casa per vedere il cada¬
2164 1821 3094 1898 vere del suo amato. Vani riescono gli sforzi
2155 1883 3085 1944 per trattenerla. Essa fugge, mentre il pa¬
2153 1918 3083 2006 dre suo mormora: Non tornera piü! non
2160 1976 2475 2048 tornerd piü!
2193 1998 3084 2086 La commedia é finita senza averci rive¬
2156 2070 3088 2145 lato ambo i lati dell' amore fra Cristina e
2147 2134 3071 2194 Fritz, ii quale ultimo resta un po' enig¬
2146 2182 2339 2247 matico.
2207 2204 3087 2282 II dialogo & buono, bella la tecnica, ben
2158 2287 3086 2337 conservato e delineato il carattere di Cri¬
2160 2323 3034 2379 stina, sensibile, sentimentale e risoluto.
2208 2362 3088 2425 Agnese Sorma fece gustare, al publico
2159 2429 3085 2505 numeroso tutte le bellezze della sua squi¬
2152 2469 2734 2531 sita percezione di artista.
2200 2498 3091 2583 La Cristina da lei incarnata era l’aman¬
2166 2562 3092 2631 te delicata, affettuosa, sensibile. All’ ultima
2153 2620 3088 2677 scena, quando le si fa comprendere la fine
2157 2665 3088 2741 (li Fritz, la Sorma eccelse per quella sua
2155 2714 3092 2784 speciale qualitä di cambiare I’ espressione,
2152 2779 3084 2830 di trasformarsi nel volto. Difatti il dolore,
2163 2826 3087 2878 ansietà, la disperazione piü che dalle
2157 2864 3099 2924 parole rotte, convulse scattavano da quel
2161 2924 3090 2985 viso che di tali commozioni si faceva l’in¬
2161 2964 2588 3042 terprete piü fedele.
2214 2997 3073 3075 Nella „Figlia di Jefte“ fu pure ammi¬
2156 3058 2961 3137 rata ed entusiasticamente applaudita.
2206 3086 3084 3184 Ci pare di notare delle buoni doti di ar¬
2154 3161 3072 3222 tista nella sig.na Maier von Littlitz che so¬
2150 3205 3085 3278 stenne la parte di Mizi nella „Liebelei“ con
2142 3261 2555 3333 molta intelligenza
2193 3299 3091 3393 Ottimo il. Bayrhammer; medioeri gli altri.
2559 3392 2676 3460 * 4
2206 3442 3067 3542 Questa sera un' altra novità: „Eva¬
2154 3504 2393 3580 del Voss.
2195 3534 3090 3619 E' da sperare che il publico nostro non
2151 3599 3089 3673 trascurerà quest’occasione per üdire una
2144 3655 3081 3730 attrice cosi valente quale é Agnese Sorma.
2202 3710 2727 3763 E' la penultima recita.
2200 3748 3077 3841 Domanj la Sorma si congeda nei „Faust
2149 3803 2477 3895 di Geethe.X
