3484 4224
16 1488 73 1550 ine
-21 1670 103 1723 rben
1 1707 97 1764 e Se
-8 1742 111 1818 at b
-5 1793 110 1854 ehen
12 1840 104 1894 re#n
6 2348 96 2450 und
3 2438 77 2493 nuß
3 2486 98 2537 Lie
10 2529 97 2583 tgest
548 121 769 199 iebe
1042 118 1493 220 box 10/4
350 128 931 249 5. Lichelei
242 1128 3260 1233 was sie hätt' mich am liebsten vor ihr auf die Knie nieder- vergällt ihre Lebensfreude. Fritz kommt unter einem stärker ausgeprägt sind, gestattet keinen Schluß auf¬
244 1221 3254 1277 Felen, ihr geworfen, sie um Verzeihung zu bitten, daß ich sie so Vorwand, Abschied von Christine zu nehmen — das völlige Fehlen des Leichtsinns. Denn ohne diesen
251 1270 3254 1322 eigungen, gut behütet hab' vor allen Gefahren — und vor allem natürlich nur für einen, höchstens zwei Tage. Mit dem Leichtsinn hätte sie wohl kaum ein so großes Gefallen
412 1313 3247 1376 Glück!“ So ruft der Alte schmerzbewegt, und mit Jnstinet der echten Liebe wittert jedoch Christine eine gefunden an dem Verkehr mit der über alle Maßen
243 1320 3242 1422 Liebelei“ einer Wendung zu der anklagenden Frau fügt er Gesahr. Fritz beruhigt sie und scheidet — nicht ohne leichtsinnigen Mizi, und hätte sie es noch viel
244 1368 3247 1463 der Sache hinzu: „Was hat denn so ein armes Geschöpf schließ= die Ahnung, daß diese Stube und dieses Mädchen weniger dem Studenten Fritz so leicht gemacht, sich
1354 1396 3268 1486 ihm hätten mehr werden können, als sie gewesen. ihrer zu bemächtigen. Von diesem Leichtsinn aber
236 1437 1377 1506 Eht. Deu lich von dem ganzen großartigen Bewußtsein seiner
1344 1464 3254 1530 Er kehrt nicht wieder. Im dritten Act erfährt hatte Fräulein Witt ihrem Spiel nichts
428 1485 678 1556 Tugend.“
256 1497 441 1566 eliegende
264 1547 3267 1607 Schrift¬ Das ist eine gar gefährliche Moral, die da ge= Christine, daß er im Duell gefallen ist, um einer Anderen beigemischt. Sie schlug gleich von voruherein
1366 1545 3265 1612 willen.... „Und ich hab' ihn angebetet. Hat er tragische Accente an, von denen sie sich in der Folge
261 1580 1376 1643 n konnte, predigt wird, wenn hier von Moral überhaupt noch
1361 1594 3253 1659 denn das nicht gewußt, daß ich ihm Alles hingegeben naturgemäß um so weniger frei zu ringen vermochte,
237 1639 1371 1692 sogar an die Rede sein kann. Das schmälert jedoch nichts an
235 1685 3253 1738 rgtheater, dem psychologisch Bemerkenswerthen, das in der hab' was ich ihm hab' geben können, daß ich für ihn als die Situation sich ja thatsächlich, je weiter das
2304 1680 3256 1735 Stück vorschreitet, gewitterhaft verdüstert. Daß es
1367 1689 2315 1754 gestorben wäre; daß er mein Herrgott gewesen und
238 1725 1375 1775 nmen ist. Thatsache einer offenen Proclamirung des „Rechts
2285 1721 3262 1776 ihrem Spiel gleichwohl nicht an Reiz gebrach, bedarf
1367 1732 2307 1791 meine Seligkeit, hat er denn das gar nicht bemerkt?
229 1767 1375 1828 en. Der des Mitgenießens“ gelegen ist. Die Reclamirung
2303 1766 3258 1833 bei einer so ausgezeichneten Künstlerin wohl keiner
1372 1776 2309 1836 Er hat von mir fortgehen können mit einem Lächeln,
229 1812 1378 1868 end, und dieses „Rechtes“ ist ja allgemein in unserer Zeit.
2294 1800 3257 1879 besonderen Versicherung. Am besten, u. z. bis
1359 1801 2310 1888 fortgehen können aus dem Zimmer und sich für eine
232 1849 1374 1908 Hatte, wie Nur in der Form des Anspruchs besteht einige —
1347 1847 3269 1941 Andere niederschießen lassen. Vater, Vater, verstehst zum Rühren gut war sie, wo sie noch in Zweifeln
239 1897 1369 1951 Vorbericht meist durch die örtlichen Verhältnisse bedingte —
2271 1895 3256 1948 #litt und bangte. In den gesteigertsten Affecten
1369 1905 1571 1975 Du das?“
229 1935 1378 1994 riositäts= Verschiedenheit. Hier sehen wir nun die „Liebelei“
1390 1942 3263 2007 So jammert und rast das nun selber todtwund des Schlusses jedoch verlor sie das schöne Gleichmaß.
233 1978 1386 2047 hlag, die als eine Unterart dieser Forderung ausgespielt,
1368 1985 3267 2067 getroffene Mädchen und stürzt fort, um sich selber zu Hier wurde sie überlaut, klangen ihre Schreie scharf,
240 2011 1374 2088 n Grund= wobei am charakteristischsten, daß nicht die, schließlich
1368 2024 3278 2110 tödten. Der Vater aber ringt verzweifelt die fast kreischend. Wenn auch im Aussehen
3092 2075 3272 2143 Engl
422 2083 1377 2132 noch durch die Kritiklosigkeit ihrer Jahre einigermaßen
2863 2071 3079 2139 Fräulein
2687 2081 2886 2141 stand
234 2074 437 2137 ie Frage:
2365 2072 2675 2143 frauenhaft
1371 2085 2390 2170 Hände und weiß auf die Frage, ob er das verstehe? zu
436 2123 1373 2173 entschuldigte Jugend diese Forderung erhebt, son¬
2666 2115 3267 2189 Mizi doch dem Typus des
241 2105 441 2181 hlusse des
2283 2116 2679 2189 in der Rolle der
1374 2135 1695 2213 nichts zu sagen.
244 2157 1375 2236 Anfange dern daß das bedächtige Alter es ist, das die diese For¬
2671 2157 3272 2234 Madels“ bedeutend näher.
2293 2165 2689 2245 richtigen „Wiener
1383 2180 2667 2274 Hier aber hätte der Dichter nach unserem Dafür¬ Dazu gesellte
3138 2197 3272 2273 der
424 2204 1379 2260 derung vertritt. Das ist ein Sympton, das nicht der
2897 2206 3136 2267 Förderung
2648 2195 2895 2277 sich zur
430 2250 1371 2310 Dichter erfunden hat sondern das in der Zeit lebt.
1370 2239 3269 2304 halten dem Alten doch die Zunge und das Verständniß Gesammtwirkung bei ihr die Vertrautheit mit
242 2258 440 2329 von dem
1369 2294 2324 2349 lösen, er hätte ihn etwa sagen lassen müssen: „Ja
433 2293 1374 2353 Bebels „Recht der Frau“ geht nicht weiter in der
2317 2274 3283 2358 dem Dialect, der dem Gehör auch des Norddeutschen
233 2312 436 2373 es Unter¬
1357 2328 2320 2409 wohl, du armes Kind, ich verstehe ganz gut die
429 2341 657 2413 Sache
2312 2337 3282 2401 manches schmeichlerisch beizubringen vermag, was in
227 2357 446 2435 uf die be¬
1368 2374 2309 2434 Handlungsweise Deines Geliebten. Denn was Euch
2313 2384 3284 2444 der hochdeutschen Aussprache schroff und selbst hart
443 2389 1390 2456 Der erste Act des Schnitzler'schen Stückes macht
230 2395 454 2467 nwendung
1374 2405 2314 2477 verbunden, war nur „Liebelei“ und keine Liebe. Und
2311 2425 3278 2492 klingen würde. Die Nachbarin Binder spielle
445 2443 1378 2500 uns zu Zeugen einer kleinen vergnügten Abendgesell¬
233 2453 439 2509 wann das
1373 2457 2313 2528 das muß wohl der, die„ Lisbelei“ Abgrundtief von der
2307 2474 3273 2544 Fräulein Stengl im Ganzen gewandt, im Einzelnen
425 2489 1384 2553 schaft zu Vieren im Hause des Studenten Fritz. Fritz
235 2493 438 2557 Engeschicht¬
1378 2507 2319 2564 echten Liebe scheidende Unterschied sein, daß jene kein
2310 2525 3272 2579 nicht frei von der Sucht, sichtbarer hervor zu treten,
237 2536 1379 2599 icke etwas und Cyrisine, Theodor und Mizi — so gruppiren
1380 2551 2327 2614 Pflichtgefühl kennt und kein Recht, diese aber Pflicht
2317 2558 3268 2625 als die Rolle es rechtfertigt. Für flotte Bursche,
264 2583 1380 2637 rütteln= sich die Paare. Man lacht, tanzt, ist ausgelassen,
1374 2595 2325 2658 und Recht und Alles, was gut und edel ist, in sich ver¬
2311 2610 3277 2673 die, ohne an das Morgen zu denken, heute fröhlich
441 2623 1385 2687 da schellt die Glocke. Drei verschwinden in einem
318 2630 442 2683 eine
1377 2637 2322 2705 einigt.“ Aber freilich — nach dem was er ihn über das
2317 2637 3279 2716 und vergnügt in den Tag hinein leben und lieben,
428 2665 1376 2716 Nebenzimrzer, der Vierte, Fritz, erhält Besuch.
289 2663 450 2734 diesem
432 2679 2327 2765 Es ist der Gatte einer Frau, mit der Fritz „Recht des Mitgenießens“ hat sagen lassen, konnte
2314 2708 3281 2760 waren die Herren Nhil — Fritz — und Bozenhardt
235 2711 455 2775 nes alten
995 2742 2327 2803 mit Christine „ge¬ er solche Wocte dem Alten gar nicht in den Mund
2347 2751 3276 2796 als Theodor — zu rund und zu reif. Doch
228 2755 1016 2823 In Mädchen zur selben Zeit, da er
1368 2768 2331 2834 legen. Denn wenn der je eine Ahnung gehabi von
2311 2784 3275 2856 fanden Beide sich mit dem sprachlichen Theil ihrer Auf¬
256 2784 1380 2873 dungleich liebelt“, ein ernsteres Liebesverhältniß unterhalten.
1383 2827 2334 2892 dem was Liebe ist, hätte er sich nie und nimmer
2297 2841 3270 2897 gabe zur Zufriedenheit ab. Mit der Rolle des
251 2845 1382 2903 egefällige Ein Duell ist unvermeidlich. Der durch diesen
1373 2871 2179 2938 zum Anwalt der Liebelei auswerfen können.
2305 2868 3282 2940 Geigers wußte Herr Flashar nichts rechtes anzu¬
241 2882 1383 2948 ein wach- Ausblick beschworene und nun in die Stimmung
1398 2902 2327 2977 Wie das ganze Stück in seinem Verhältniß zu dem
2302 2925 2475 2998 fangen.
230 2932 1395 2999 und spinnt voll Lust hereinfallende Todesschatten — das ist
2325 2946 3276 3020 Daß die Vorstellung zum Benefize für Fräulein Witt
1377 2961 2329 3021 hiesigen Publikum, so stand und litt auch die Dar¬
241 2973 1382 3030 über die eine geschickt benutzte, wirksame Gegenüberstellung,
1384 3002 3279 3080 stellung unter dem Druck des Fremdartigen. Ein stattfand, haben wir schon in unserem Vorbericht
434 3026 1393 3079 und damit schließt der erste Act. Der zweite Act
251 3028 456 3085 baar sei,
2307 3051 3270 3120 mitgetheilt. Wohl zumeist in dieser Veranlassung
1375 3046 2316 3115 bald stärkerer bald schwächerer Zug zur Sentimentalität
235 3066 1373 3122 aber denkt spielt im Vaterhause Christines, in der Atmosphäre derer,
2296 3103 3263 3163 war das Haus übersüllter, als den auf Eckplätzer
228 3103 2317 3180 ustehenden die Anspruch erheben auf das „Recht des Mitgenießens“, und verliebten Schwärmerei, der Hund in Hand geht
2990 3140 3256 3213 H. E. W.
285 3156 2851 3221 Er hat Christine ist zu ihrem Unglück empfindsamer als mit einer gleichfalls verschiedenen Dosis eines Sitzenden lieb sein konnte.
236 3181 2322 3265 ungfer ge-ihre Gefährtin Mizi. Sie will nicht nur mit-, sie goldigen Leichtsinns, ist eine Charaktereigenschaft des
263 3220 2333 3328 geopfert, will allein genießen, und die Furcht, daß sie schon „Wiener Madels“ von der hier gezeichneten Art.
275 3280 2360 3359 „O, ich jetzt nicht mehr allein ist in dem Besitze des Geliebten, Daß bei Christine die beiden ersteren Eigenschaften
