3436 4256
449 168 804 246 iebelei
245 175 807 274 5. A Seenen
161 1184 713 1274 merry, light-hearted and
176 1245 704 1302 Christine. There follows
180 1289 706 1361 doing their best to cheer
175 1331 708 1404 tine is sad; she is deeplz
174 1385 701 1445 Is that his love of her is
174 1424 707 1488 es not come to see her as
193 1471 711 1538 she has seen him at the
198 1518 715 1584 a ladyto whom he was
194 1559 710 1626 jealousy is roused. Vet
180 1603 715 1676 the others that both Fritz
187 1648 718 1712 in. After supper, while
181 1693 715 1768 she general merriment is
180 1738 724 1809 sitz asks the girls and bis
191 1788 721 1846 while he himself goes to
177 1830 710 1892 his mistress. Not many
172 1874 728 1936 ed husband returns the
170 1920 711 1981 allenge to a duel. Now¬
169 1964 721 2031 eft Fritz calls in Theodor
171 2007 721 2063 Ged words who his visitor
171 2056 720 2129 wo days. Theodor is the
188 2095 729 2164 another friend who is to
180 2144 728 2211 ke light of the affair, but
191 2184 715 2261 II be a dead man. Then
182 2239 719 2298 hey are kept in ignorance
189 2278 723 2362 appy evening is continbed
176 2424 726 2495 Stine, who is on the point
180 2475 732 2532 dby Catherine Binder a,
180 2518 726 2572 pmes to ask her to go out
183 2559 724 2624 girl refuses, for she knows
193 2606 741 2659 will be of the party, and
204 2648 732 2711 love with her Christine
474 2693 729 2756 eir conver¬
225 2694 462 2762 dvances. T
216 2735 742 2805 ing; his kindly tace is
513 2779 732 2838 oflilac and
248 2787 408 2846 s hera s
471 2829 739 2892 Christine
282 2836 397 2889 spring
413 2831 465 2882 al
224 2870 739 2932 Her father’s eyes follow
384 2916 742 2971 ed a word to him
258 2924 362 2973 breat
471 2961 740 3017 e her dream
207 2973 282 3025 WS
473 3007 742 3068 whether it is
513 3050 745 3111 uarded, he
518 3092 750 3152 whom he
533 3143 741 3199 I see her
191 3154 273 3207 mpt.
554 3188 752 3266 e in the
878 172 1381 256 box 10/8
1216 1161 2472 1239 evening —in this room, the lamp between her and me, and she
1211 1223 2483 1283 looking at me with her quiet smile, a smile so resigned as
1217 1258 2491 1325 though she wished to thank me for something, and I—I would
1208 1317 2478 1371 tain have thrown myself at herfeetto ask her to forgive me for
1221 1351 2486 1429 having shielded her so well from all temptation—and all happi¬
1218 1393 2478 1470 ness. Their conversation is interrupted by Mizi, who comes to
1218 1437 2477 1512 fetch Christine, and a fewminutes later Christine herself enters,
1215 1485 2491 1532 looking very tired and depressed. She reassures her anxious
1221 1532 2490 1591 father by saying that it is nothing but a headache, whereupon
1224 1575 2491 1638 he leaves to attend to his orchestral duties at the Opera. Left
1221 1640 2488 1680 alone with Mizi, Christine confides to her that she had gone
1227 1672 2490 1723 out to meet Fritz, but he had not come. While Mizi is trying
1221 1725 2487 1774 to comfort her and convert her to her own opinion on men,
1219 1770 2494 1809 Fritz enters. Christine is delighted, and Mizi leaves the two
1225 1795 2488 1857 alone. Itisthe first time that Fritz has ever entered Christine's
1234 1845 2498 1916 room; everpthing here surrounds him with an air of peace
1228 1890 2504 1946 and love. He feels so happy and at home in hersimple abode,
1236 1952 2499 2003 and nearer and nearer does he feel himself drawn towards
1234 1971 2508 2037 this gentle young heart. But it is not to be: his dream of
1224 2025 2490 2081 love and life is over. To-morrow will lind him a corpse. He
1238 2069 2509 2145 gently tells Christine that he will have to leave town for a
1242 2127 2505 2174 short time to go and see his parents. The girl’s anxious
1242 2147 2504 2214 forebodings he tries to calm. Then the hour of parting
1246 2214 2463 2276 strikes. Theodor comes to fetch Fritz and the lovers part.
1474 2250 2497 2330 Christine is in a fearful state of excitement. Three
1246 2319 2501 2371 ACT III. days have passed and she has not had a word
1237 2367 2510 2439 from Fritz, nor have they seen Theodor since. She entreats
1243 2415 2513 2474 Mizi to go and see if Theodor is back and try to get news
1250 2455 2502 2525 about Fritz. Mizi promises to do it and leaves. Shortly after
1254 2520 2514 2566 Weiring enters. He looks at his child: she does not know
1239 2552 2508 2618 it yet. And gentlv and tenderly he tries to prepare the poor
1239 2590 2506 2657 heart for the terrible blow that is coming. Christine, alarmed
1245 2631 2516 2704 beyond endurance, tries to rush out to find out what it all
1254 2676 2509 2750 means, when Mizi and Theodor enter. Their faces tellthe
1248 2725 2513 2798 poor girl the whole, sad truth. Fritz is dead, killed in a duel
1249 2771 2508 2822 for another woman! Her love is dead and gone and she had
1243 2808 2518 2886 not known it! She entreats Theodor to take her to him to
1258 2869 2517 2931 let her have a last look at his face. It i# too late, he was
1253 2913 2522 2965 buried this very morning! Buried, and she had not been told!
1259 2949 2516 3028 In wild despair she tears herseif away from her father and
1251 2993 2522 3054 rushes out; Theodor and Mizi rush after her. But the heart¬
1259 3041 2525 3095 broken father feels they will be too late and he falls down
2482 3079 2530 3112 11
1248 3084 2510 3161 sobbing:“ She won't come back! She won't come back!
