3436 4256
341 202 543 273 Lieb
336 191 1309 314 ei box 13/1
307 816 426 899 Vf
502 819 1163 923 Dr. Max Goldschmic
513 902 1150 998 Büro für Zeitungsausschnitte
336 950 629 1035 BERLIN N4
865 978 1324 1059 Telefon: Norden 3051
654 1069 991 1152 Dussc. mitt aus:
432 1119 1251 1234 Hamburger Fremdenblatt
947 1293 1334 1420 21 Apr 4027
321 1355 1283 1556 Theater, Kunst und wissenschaft.
438 1574 1213 1672 Hamburger Kammerspiele.
676 1646 949 1722 „Liebelei.“
423 1705 1283 1759 Als Arthur Schnitzler seine drei
353 1756 1284 1806 Akte „Li#ei“schrieb, warer jung, und
345 1795 1277 1840 das ist lange her. Die Welt sohdamals ein
343 1821 1275 1873 wenig anders aus als heute, die jungen Leute
354 1870 1286 1915 waren ganz andere junge Leute, unsachlicher
352 1898 1281 1963 und mit sanfteren Reigungen, spielerischer und
358 1950 1295 2011 üsthetischer gerichtet als heute. Auch standen
354 1971 1285 2044 Gefühle — ganze, halbe und viertel Gefühle —
347 2005 1292 2059 bei ihnen höher im Kurs und trugen ein farbig
355 2054 1299 2105 zarteres Kleid. Etwa in „bleu madonne“ eine
358 2086 1299 2166 Farbe, die heute nur um des Gegensatzes
365 2131 887 2198 willen wieder modern ist.
440 2145 1296 2231 Also — so könnte man folgern — hätte
350 2201 1292 2255 die Liebelei heutzutage und am Horoskop der
351 2239 1299 2295 Zeit gemessen, alle Chancen, zum alten Eisen
356 2287 1289 2350 geworfen zu werden. Jawohl, so wäre es,
360 2319 1298 2380 wenn da nicht eine Figur auf der Bühne
364 2362 1310 2419 stände, wenn da nicht ein Mensch sein Geschick
368 2400 1305 2454 erfüllte, das nicht von heute oder gestern ist,
372 2451 1299 2502 sondern urewige menschliche Bestimmung. Wer
366 2480 1039 2538 liebt, trägt stets die größee Last.
439 2509 1311 2568 In einer Welt, wo alles Spiel, ein bißchen
362 2571 1303 2613 Wärme und ein bißchen Schwindel ist, hat die
356 2600 1306 2651 kleine Christine das unerhörte Pech, die Liebe
369 2623 1305 2698 ernst zu nehmen; in einer Welt der Spiel¬
362 2667 1312 2729 marken zahlt sie bar und mit dem vollen Ein¬
375 2710 1294 2779 satz ihres Lebens. Und die anderen sind so
364 2762 1307 2803 gewohnt, mit Surrogaten zu jonglieren und
373 2785 1305 2832 ihre Gefühle im Duodezformat von Hand zu
370 2819 1312 2874 Hand gehen zu lassen, daß sie kaum merken,
377 2860 1303 2911 wie ernst es der kleinen Christine mit ihrer
367 2886 1309 2951 Liebe ist. So sehr ernst, daß ihr alles zusam¬
368 2933 1309 2990 menbricht, als sie erfährt, wie wenig sie eigent¬
378 2983 1310 3027 lich bedeutete für einen, der nett und zärtlich
373 3009 1314 3074 zu ihr war und sich verweilen für eine andere
367 3060 697 3118 totschießen ließ.
473 3079 1311 3143 Weil dieser kleine holde Mensch Christine
370 3140 1310 3193 mit dem Opfer eines reinen starken Herzens in
370 3170 1306 3222 der Welt lauwarmer Halbheiten von einem
372 3205 1309 3269 Dichter wahrhaft gestaltet ist, darum lebt die
372 3252 1163 3296 alte „Liebelei“ auch heute noch und ist
373 3285 1221 3348 dieser Figur — jung wie am ersten Tag.
870 3311 1317 3382 ch ließ die Gestalt
643 3328 787 3377 e D o
378 3348 1313 3411 Christinens langsam wachsen und groß werden.
373 3400 1315 3453 Im ersten Akt hielt sie sich und ihr Können
374 3433 1315 3492 zurück, im zweiten rückte sie vor, um sich im
375 3476 1322 3541 dritten zu einem wundervollen, erschütternden
378 3519 1317 3565 Ausbruch des für ein Nichts dahingegebenen
378 3569 1315 3612 Herzens zu steigern. Da hatte sie Momente,
376 3591 1332 3647 wo sie ganz unmittelbar und menschlich groß!
372 3628 1317 3685 war. Leider stand sie auf dieser Höhe recht
384 3683 1322 3738 einsam, denn weder ier Partner Fritz noch sein
704 3709 1315 3771 ckamen über den wackeren
389 3714 561 3760 Freund
386 3747 1338 3819 Durchschnitt hinaus. Und das ist für ein¬
393 3786 1312 3879 Berliner Ensem le #i#ter wenis, g. A. G/
2047 1880 2695 1967 Dr. Max Goldschmidt
2044 1951 2678 2042 Büro für Zeitungsausschnitte
2405 2019 2859 2101 Telefon: Norden 3051
1853 2035 2158 2105 BERLIN N 4
2182 2125 2530 2201 Ausschnitt aus:
1855 2180 2876 2283 Königsberger Hartungsche Zeitung
2353 2265 2742 2386 2 7. Nov. 1927
1987 2465 2734 2555 Gastspiel Lucie Mannheim —
1879 2535 2811 2612 Schnitzlers „Liebelei“ im Neuen Schauspielhaus.
1763 2582 2985 2635 Lucie Mannheim vom Staatstheater Berlin, den Königs¬
1697 2633 2979 2700 bergern von ihrer früheren Tätigkeit an unserer Kammerspielbühne
1691 2686 2974 2723 wohl bekannt, hatte Sonnabend abend in ihrer Gastrolle als Christine
1695 2731 2985 2790 in Schnitzlers „Liebelei“ einen gewaltigen Erfolg. Wir werden
1699 2784 2979 2848 über die Aufführung, die von Max Weber sorgfältig vorbereitet
1692 2829 2977 2894 war, am Montag ausführlich berichten. Soviel sei schon heute ver¬
1700 2878 2965 2945 raten, daß Lili Sandreczki als Mizi Schlager neben dem an¬
1697 2926 2972 2989 gesehenen Gast rühmlich bestand. Kurt Hoffmann, Wolf Be¬
1696 2971 2962 3027 neckendorff und Rudolf Blaesz brachten die erforderte Wie¬
1688 3015 2968 3095 ner-Note ins Spiel. Das Publikum dankte durch stürmischen Beifall.
