<?xml version="1.0" encoding="UTF-8" standalone="yes"?>
<PcGts xmlns="http://schema.primaresearch.org/PAGE/gts/pagecontent/2013-07-15" xmlns:xsi="http://www.w3.org/2001/XMLSchema-instance" xsi:schemaLocation="http://schema.primaresearch.org/PAGE/gts/pagecontent/2013-07-15 http://schema.primaresearch.org/PAGE/gts/pagecontent/2013-07-15/pagecontent.xsd">
    <Metadata>
        <Creator>prov=University of Rostock/Institute of Mathematics/CITlab/Gundram Leifert/gundram.leifert@uni-rostock.de:name=ONB_Newseye_GT_M1+(htr_id=10810)::::v=2.4.2
prov=University of Rostock/Institute of Mathematics/CITlab/Tobias Gruening/tobias.gruening@uni-rostock.de:name=de.uros.citlab.module.baseline2polygon.B2PSeamMultiOriented:v=2.4.2
prov=University of Rostock/Institute of Mathematics/CITlab/Tobias Gruening/tobias.gruening@uni-rostock.de:name=/mnt/transkribus/LA/DEA/URO/LA_news_onb_att.pb:de.uros.citlab.segmentation.CITlab_LA_ML:v=2.4.2
Transkribus</Creator>
        <Created>2019-10-07T11:58:12.122+02:00</Created>
        <LastChange>2019-10-09T11:51:25.650+02:00</LastChange>
        <TranskribusMetadata docId="223992" pageId="9508978" pageNr="1142" tsid="16647887" status="IN_PROGRESS" userId="40391" imgUrl="https://files.transkribus.eu/Get?id=NTKUFKPMXFVMTPPOQVUZNSVN&amp;fileType=view" xmlUrl="https://files.transkribus.eu/Get?id=VAIFTCUHEMUFAWAYMZYVJTJA" imageId="6198035"/>
    </Metadata>
    <Page imageFilename="223992_1142.jpeg" imageWidth="3436" imageHeight="4192">
        <ReadingOrder>
            <OrderedGroup id="ro_1711446165507" caption="Regions reading order">
                <RegionRefIndexed index="0" regionRef="r1"/>
                <RegionRefIndexed index="1" regionRef="r2"/>
            </OrderedGroup>
        </ReadingOrder>
        <TextRegion orientation="0.0" id="r1" custom="readingOrder {index:0;}">
            <Coords points="200,197 200,3692 1552,3692 1552,197"/>
            <TextLine id="r1l1" custom="readingOrder {index:0;}">
                <Coords points="362,230 752,232 752,179 714,163 689,188 623,166 560,191 525,171 475,188 436,171 409,182 362,170"/>
                <Baseline points="370,227 396,226 423,225 450,224 476,224 503,224 530,224 557,224 583,224 610,224 637,225 663,225 690,226 717,226 744,226"/>
                <TextEquiv>
                    <Unicode>Liebelei</Unicode>
                </TextEquiv>
            </TextLine>
            <TextLine id="r1l2" custom="readingOrder {index:1;}">
                <Coords points="902,244 957,249 986,235 1044,254 1090,231 1220,254 1266,236 1319,253 1321,184 1280,167 1156,165 1089,202 1005,171 978,186 942,170 904,181"/>
                <Baseline points="910,226 935,226 960,226 985,227 1010,228 1035,230 1060,231 1085,232 1111,234 1136,235 1161,236 1186,236 1211,236 1236,236 1261,234 1286,232 1312,230"/>
                <TextEquiv>
                    <Unicode>box 12/4</Unicode>
                </TextEquiv>
            </TextLine>
            <TextLine id="r1l3" custom="readingOrder {index:2;}">
                <Coords points="191,236 294,255 337,240 393,277 470,254 634,258 678,286 748,274 750,231 380,227 267,170 194,168"/>
                <Baseline points="200,217 227,223 254,226 281,230 308,233 335,237 362,239 389,242 416,244 443,246 471,248 498,249 525,250 552,250 579,251 606,251 633,251 660,250 687,250 714,249 742,247"/>
                <TextEquiv>
                    <Unicode>5. B</Unicode>
                </TextEquiv>
            </TextLine>
            <TextLine id="r1l4" custom="readingOrder {index:3;}">
                <Coords points="298,544 423,567 466,558 526,587 571,567 708,577 710,536 665,525 494,519 475,506 441,522 302,487"/>
                <Baseline points="306,540 332,542 358,544 385,547 411,548 437,550 464,552 490,554 516,556 543,557 569,558 595,560 622,560 648,561 674,561 701,562"/>
                <TextEquiv>
                    <Unicode>—asschnitt aus:</Unicode>
                </TextEquiv>
            </TextLine>
            <TextLine id="r1l5" custom="readingOrder {index:4;}">
                <Coords points="891,619 1110,625 1145,646 1242,624 1329,654 1560,640 1563,564 1542,560 1492,585 1287,552 1218,580 1065,544 894,552"/>
                <Baseline points="900,607 932,609 965,612 997,615 1030,617 1063,619 1095,621 1128,623 1160,625 1193,626 1226,629 1258,630 1291,631 1323,633 1356,634 1389,635 1421,636 1454,637 1486,638 1519,639 1552,639"/>
                <TextEquiv>
                    <Unicode>Salzburger Volksblat</Unicode>
                </TextEquiv>
            </TextLine>
            <TextLine id="r1l6" custom="readingOrder {index:5;}">
                <Coords points="301,636 315,638 329,654 347,649 357,657 437,661 466,659 469,631 456,633 416,612 401,617 378,608 360,611 339,599 304,602"/>
                <Baseline points="308,641 333,642 358,644 383,647 408,650 433,653 458,657"/>
                <TextEquiv>
                    <Unicode>vom:</Unicode>
                </TextEquiv>
            </TextLine>
            <TextLine id="r1l7" custom="readingOrder {index:6;}">
                <Coords points="656,724 762,724 786,728 796,742 814,737 832,746 928,731 932,701 912,701 861,654 720,653 668,638"/>
                <Baseline points="668,695 693,697 718,699 743,701 768,704 794,708 819,711 844,716 869,720 894,725 920,731"/>
                <TextEquiv>
                    <Unicode>—</Unicode>
                </TextEquiv>
            </TextLine>
            <TextLine id="r1l8" custom="readingOrder {index:7;}">
                <Coords points="557,768 572,772 580,767 589,776 608,781 615,776 625,782 651,779 666,788 690,768 709,767 710,755 691,754 680,744 668,750 661,743 650,748 644,741 627,737 611,743 600,740 576,751 557,749"/>
                <Baseline points="564,765 591,765 619,767 646,767 674,769 702,769"/>
                <TextEquiv>
                    <Unicode></Unicode>
                </TextEquiv>
            </TextLine>
            <TextLine id="r1l9" custom="readingOrder {index:8;}">
                <Coords points="272,807 1158,850 1425,824 1426,788 1037,734 614,786 465,725 274,732"/>
                <Baseline points="280,807 336,806 393,806 450,807 507,808 564,810 621,813 678,816 735,818 792,821 849,824 905,826 962,828 1019,830 1076,832 1133,833 1190,833 1247,832 1304,831 1361,828 1418,825"/>
                <TextEquiv>
                    <Unicode>„Das Unmögliche wurde in Musik gesetzt Nämlich Schnit</Unicode>
                </TextEquiv>
            </TextLine>
            <TextLine id="r1l10" custom="readingOrder {index:9;}">
                <Coords points="1291,856 1371,859 1404,849 1421,860 1445,850 1464,865 1476,859 1511,865 1512,837 1483,820 1468,826 1433,807 1408,827 1394,820 1363,828 1316,821 1292,831"/>
                <Baseline points="1299,852 1324,848 1350,846 1375,845 1401,847 1426,849 1452,851 1477,853 1503,856"/>
                <TextEquiv>
                    <Unicode>Sce</Unicode>
                </TextEquiv>
            </TextLine>
            <TextLine id="r1l11" custom="readingOrder {index:10;}">
                <Coords points="237,846 1488,909 1489,863 1251,834 238,813"/>
                <Baseline points="245,848 306,850 368,852 430,855 492,857 553,859 615,862 677,864 739,867 800,869 862,871 924,873 986,876 1047,878 1109,880 1171,882 1233,883 1294,885 1356,887 1418,888 1480,889"/>
                <TextEquiv>
                    <Unicode>ers „Liebelei“. Dieses Schauspiel, das, viel chgefeindet</Unicode>
                </TextEquiv>
            </TextLine>
            <TextLine id="r1l12" custom="readingOrder {index:11;}">
                <Coords points="229,902 1407,950 1484,939 1486,901 230,866"/>
                <Baseline points="237,900 302,901 367,902 432,905 497,906 563,909 628,912 693,915 758,917 823,920 889,923 954,925 1019,928 1084,930 1149,932 1215,934 1280,935 1345,936 1410,936 1476,935"/>
                <TextEquiv>
                    <Unicode>mo beklästert, doch in der Literatur sich durchzusetzen wußte</Unicode>
                </TextEquiv>
            </TextLine>
            <TextLine id="r1l13" custom="readingOrder {index:12;}">
                <Coords points="233,959 1362,1001 1482,982 1484,938 234,919"/>
                <Baseline points="241,951 302,952 364,953 426,955 487,956 549,958 611,960 672,962 734,964 796,966 858,969 919,971 981,973 1043,975 1104,977 1166,978 1228,980 1289,981 1351,982 1413,983 1475,983"/>
                <TextEquiv>
                    <Unicode>und dann Weltruf erlangte, hat mit Musik schon garnichts zu</Unicode>
                </TextEquiv>
            </TextLine>
            <TextLine id="r1l14" custom="readingOrder {index:13;}">
                <Coords points="229,1015 1313,1047 1472,1036 1474,986 231,960"/>
                <Baseline points="237,998 298,1000 359,1002 421,1003 482,1005 544,1007 605,1009 666,1011 728,1013 789,1015 851,1017 912,1019 973,1020 1035,1023 1096,1024 1158,1026 1219,1028 1280,1030 1342,1031 1403,1033 1465,1034"/>
                <TextEquiv>
                    <Unicode>tun. Es ist wohl selbstverständlich, daß jede Liebesszene in</Unicode>
                </TextEquiv>
            </TextLine>
            <TextLine id="r1l15" custom="readingOrder {index:14;}">
                <Coords points="217,1058 1363,1097 1477,1081 1479,1032 218,1008"/>
                <Baseline points="226,1037 288,1040 350,1044 412,1046 474,1049 537,1051 599,1054 661,1056 723,1058 785,1061 848,1063 910,1065 972,1067 1034,1069 1096,1072 1159,1074 1221,1075 1283,1077 1345,1080 1407,1082 1470,1083"/>
                <TextEquiv>
                    <Unicode>jedem beliebigen Roman Hochgesühle auszulösen bestrebt ist,</Unicode>
                </TextEquiv>
            </TextLine>
            <TextLine id="r1l16" custom="readingOrder {index:15;}">
                <Coords points="212,1091 1477,1146 1471,1079 214,1050"/>
                <Baseline points="220,1082 282,1087 344,1091 407,1095 469,1098 532,1101 594,1104 657,1106 719,1108 782,1110 844,1112 906,1114 969,1115 1031,1117 1094,1118 1156,1120 1219,1122 1281,1124 1344,1126 1406,1129 1469,1132"/>
                <TextEquiv>
                    <Unicode>die auch musikalisch auszudrücken wären. Das ist alles, was</Unicode>
                </TextEquiv>
            </TextLine>
            <TextLine id="r1l17" custom="readingOrder {index:16;}">
                <Coords points="215,1149 1461,1186 1420,1131 217,1091"/>
                <Baseline points="223,1133 284,1136 346,1140 407,1143 469,1146 530,1148 592,1151 653,1154 715,1157 776,1159 838,1162 900,1164 961,1166 1023,1167 1084,1169 1146,1171 1207,1172 1269,1173 1330,1174 1392,1174 1454,1175"/>
                <TextEquiv>
                    <Unicode>für eine Vertonung der „Liebelei“ spricht. Franz Neumann</Unicode>
                </TextEquiv>
            </TextLine>
            <TextLine id="r1l18" custom="readingOrder {index:17;}">
                <Coords points="215,1201 1464,1247 1466,1186 1409,1176 217,1149"/>
                <Baseline points="223,1184 284,1187 346,1190 408,1193 469,1195 531,1199 593,1201 654,1204 716,1206 778,1208 840,1210 901,1212 963,1214 1025,1216 1086,1218 1148,1219 1210,1220 1271,1222 1333,1223 1395,1224 1457,1225"/>
                <TextEquiv>
                    <Unicode>der Komponist ist zwar ein Wiener, allein das eminent Wie¬</Unicode>
                </TextEquiv>
            </TextLine>
            <TextLine id="r1l19" custom="readingOrder {index:18;}">
                <Coords points="219,1252 1467,1268 1350,1225 220,1201"/>
                <Baseline points="227,1236 288,1239 350,1241 411,1244 473,1246 535,1249 596,1251 658,1253 719,1254 781,1256 843,1258 904,1260 966,1262 1027,1263 1089,1265 1151,1266 1212,1268 1274,1269 1335,1270 1397,1271 1459,1273"/>
                <TextEquiv>
                    <Unicode>nerische in diesem Stück, das nur in einer Wiener Vorstadt</Unicode>
                </TextEquiv>
            </TextLine>
            <TextLine id="r1l20" custom="readingOrder {index:19;}">
                <Coords points="211,1291 1465,1325 1452,1265 1242,1296 212,1252"/>
                <Baseline points="218,1287 283,1288 348,1290 413,1292 478,1294 544,1295 609,1298 674,1300 739,1302 804,1305 870,1307 935,1309 1000,1311 1065,1313 1130,1315 1196,1317 1261,1318 1326,1320 1391,1321 1457,1322"/>
                <TextEquiv>
                    <Unicode>spielen könnte, trifft er nicht. Es wäre vielleicht halbwegs</Unicode>
                </TextEquiv>
            </TextLine>
            <TextLine id="r1l21" custom="readingOrder {index:20;}">
                <Coords points="206,1331 1379,1387 1456,1382 1458,1325 207,1298"/>
                <Baseline points="214,1331 275,1334 337,1337 399,1340 461,1342 522,1345 584,1346 646,1349 708,1350 769,1352 831,1354 893,1356 955,1358 1016,1360 1078,1361 1140,1363 1202,1365 1263,1367 1325,1369 1387,1370 1449,1373"/>
                <TextEquiv>
                    <Unicode>angängig gewesen, wenn man das Schnitzlersche Schauspiel</Unicode>
                </TextEquiv>
            </TextLine>
            <TextLine id="r1l22" custom="readingOrder {index:21;}">
                <Coords points="194,1393 1381,1443 1455,1440 1457,1391 195,1360"/>
                <Baseline points="202,1384 264,1384 326,1385 388,1387 451,1388 513,1390 575,1393 638,1395 700,1397 762,1400 825,1402 887,1405 949,1408 1011,1410 1074,1412 1136,1415 1198,1417 1261,1419 1323,1421 1385,1422 1448,1423"/>
                <TextEquiv>
                    <Unicode>für die Oper bearbeitet hätte. Der Fall, wie er diesmal liegt,</Unicode>
                </TextEquiv>
            </TextLine>
            <TextLine id="r1l23" custom="readingOrder {index:22;}">
                <Coords points="209,1439 1457,1479 1424,1437 1264,1419 211,1401"/>
                <Baseline points="218,1429 279,1431 341,1434 402,1436 464,1438 525,1441 587,1443 648,1446 710,1448 771,1451 833,1453 895,1455 956,1457 1018,1459 1079,1462 1141,1463 1202,1465 1264,1467 1325,1468 1387,1469 1449,1470"/>
                <TextEquiv>
                    <Unicode>die Vertonung der „Liebelei“ wie sie in erster Auflage er¬</Unicode>
                </TextEquiv>
            </TextLine>
            <TextLine id="r1l24" custom="readingOrder {index:23;}">
                <Coords points="210,1487 1315,1540 1446,1516 1448,1475 211,1442"/>
                <Baseline points="218,1482 279,1483 340,1484 401,1486 462,1488 523,1490 584,1493 645,1495 706,1497 767,1500 828,1503 889,1506 950,1508 1011,1509 1072,1512 1133,1514 1194,1515 1255,1516 1316,1517 1377,1517 1439,1516"/>
                <TextEquiv>
                    <Unicode>schien, ist ein Unding und darf nicht scharf genug zurück¬</Unicode>
                </TextEquiv>
            </TextLine>
            <TextLine id="r1l25" custom="readingOrder {index:24;}">
                <Coords points="206,1528 1454,1589 1464,1534 207,1487"/>
                <Baseline points="214,1530 276,1530 338,1531 400,1532 462,1534 524,1535 586,1537 648,1540 710,1543 772,1545 834,1548 896,1551 958,1554 1020,1557 1082,1559 1144,1562 1206,1565 1268,1567 1330,1569 1392,1570 1454,1571"/>
                <TextEquiv>
                    <Unicode>gewiesen werden. Wir haben Komponisten, die so weit gehen,</Unicode>
                </TextEquiv>
            </TextLine>
            <TextLine id="r1l26" custom="readingOrder {index:25;}">
                <Coords points="212,1578 1439,1644 1455,1589 213,1545"/>
                <Baseline points="219,1579 280,1581 341,1582 403,1584 464,1586 526,1588 587,1590 648,1592 710,1594 771,1596 833,1598 894,1599 955,1601 1017,1603 1078,1605 1140,1607 1201,1609 1262,1611 1324,1612 1385,1614 1447,1616"/>
                <TextEquiv>
                    <Unicode>daß sie sich die Texte selbst schreiben, weil sie vielleicht berech¬</Unicode>
                </TextEquiv>
            </TextLine>
            <TextLine id="r1l27" custom="readingOrder {index:26;}">
                <Coords points="208,1641 1456,1686 1457,1642 1391,1623 210,1590"/>
                <Baseline points="216,1627 277,1630 339,1632 400,1634 462,1636 524,1638 585,1640 647,1643 709,1645 770,1646 832,1649 894,1651 955,1652 1017,1654 1079,1656 1140,1657 1202,1659 1264,1660 1325,1662 1387,1663 1449,1664"/>
                <TextEquiv>
                    <Unicode>tigterweise meinen, daß ein Textdichter nie derartig musika¬</Unicode>
                </TextEquiv>
            </TextLine>
            <TextLine id="r1l28" custom="readingOrder {index:27;}">
                <Coords points="202,1687 1244,1735 1460,1687 203,1641"/>
                <Baseline points="210,1673 272,1676 334,1678 396,1680 458,1683 520,1685 582,1687 644,1690 706,1693 768,1695 830,1697 892,1700 954,1701 1016,1703 1078,1705 1140,1707 1202,1709 1264,1710 1326,1711 1388,1712 1451,1713"/>
                <TextEquiv>
                    <Unicode>lische Momente aufzuspüren versteht wie sie selbst. Wenn hin¬</Unicode>
                </TextEquiv>
            </TextLine>
            <TextLine id="r1l29" custom="readingOrder {index:28;}">
                <Coords points="197,1732 1189,1777 1455,1751 1444,1698 1359,1732 199,1688"/>
                <Baseline points="206,1725 268,1726 330,1728 392,1730 454,1731 516,1734 578,1736 640,1739 702,1741 764,1743 826,1745 888,1748 950,1750 1012,1752 1074,1754 1136,1756 1198,1758 1260,1759 1322,1761 1384,1762 1447,1763"/>
                <TextEquiv>
                    <Unicode>gegen ein Komponist nichts anderes zu vertonen weiß als</Unicode>
                </TextEquiv>
            </TextLine>
            <TextLine id="r1l30" custom="readingOrder {index:29;}">
                <Coords points="206,1780 1453,1835 1446,1751 1189,1777 208,1733"/>
                <Baseline points="214,1770 275,1773 337,1777 398,1780 460,1782 521,1784 583,1787 644,1789 706,1791 767,1793 829,1795 891,1797 952,1799 1014,1801 1075,1802 1137,1804 1198,1806 1260,1808 1321,1810 1383,1812 1445,1814"/>
                <TextEquiv>
                    <Unicode>ein Schauspiel, das sich hätte nie träumen lassen, daß es je</Unicode>
                </TextEquiv>
            </TextLine>
            <TextLine id="r1l31" custom="readingOrder {index:30;}">
                <Coords points="196,1813 1389,1880 1449,1870 1451,1816 197,1785"/>
                <Baseline points="204,1821 265,1823 327,1826 389,1828 451,1831 513,1832 575,1835 636,1838 698,1840 760,1842 822,1845 884,1847 946,1849 1008,1851 1069,1853 1131,1855 1193,1857 1255,1859 1317,1860 1379,1862 1441,1863"/>
                <TextEquiv>
                    <Unicode>mit Musik in Berührung käme, dann sieht die Sache fast so</Unicode>
                </TextEquiv>
            </TextLine>
            <TextLine id="r1l32" custom="readingOrder {index:31;}">
                <Coords points="206,1868 1445,1917 1426,1866 207,1827"/>
                <Baseline points="213,1870 274,1872 335,1874 396,1876 457,1878 519,1880 580,1882 641,1884 702,1886 763,1888 825,1890 886,1892 947,1894 1008,1897 1069,1899 1131,1901 1192,1903 1253,1905 1314,1907 1375,1910 1437,1911"/>
                <TextEquiv>
                    <Unicode>aus, als ob der Komponist den Namen des Dichters für seine</Unicode>
                </TextEquiv>
            </TextLine>
            <TextLine id="r1l33" custom="readingOrder {index:32;}">
                <Coords points="198,1921 1410,1975 1458,1912 200,1869"/>
                <Baseline points="206,1919 268,1921 330,1922 392,1925 454,1926 516,1929 578,1931 640,1933 702,1936 764,1939 827,1941 889,1944 951,1946 1013,1949 1075,1951 1137,1954 1199,1956 1261,1958 1323,1960 1385,1962 1448,1964"/>
                <TextEquiv>
                    <Unicode>Reklametrommel benötigt hätte. Im übrigen zeigt Franz</Unicode>
                </TextEquiv>
            </TextLine>
            <TextLine id="r1l34" custom="readingOrder {index:33;}">
                <Coords points="203,2004 1477,2014 1437,1962 206,1927"/>
                <Baseline points="212,1966 274,1971 337,1975 400,1979 463,1983 526,1987 589,1989 651,1992 714,1993 777,1995 840,1997 903,1998 966,1999 1029,2000 1091,2001 1154,2002 1217,2003 1280,2004 1343,2005 1406,2006 1469,2007"/>
                <TextEquiv>
                    <Unicode>Neumann nicht gering zu schätzende Qualitäten. Seine Orche¬</Unicode>
                </TextEquiv>
            </TextLine>
            <TextLine id="r1l35" custom="readingOrder {index:34;}">
                <Coords points="220,2101 326,2063 1439,2072 1489,2008 219,2014"/>
                <Baseline points="227,2065 289,2063 352,2062 415,2061 478,2061 540,2060 603,2060 666,2060 729,2060 791,2060 854,2060 917,2061 980,2061 1042,2061 1105,2061 1168,2061 1231,2061 1293,2060 1356,2060 1419,2059 1482,2058"/>
                <TextEquiv>
                    <Unicode>strierung kann sich hören lassen und verrüt, daß ein Fach¬</Unicode>
                </TextEquiv>
            </TextLine>
            <TextLine id="r1l36" custom="readingOrder {index:35;}">
                <Coords points="244,2114 1491,2105 1490,2054 244,2067"/>
                <Baseline points="252,2112 313,2111 375,2111 436,2111 498,2111 559,2111 621,2111 682,2111 744,2112 805,2112 867,2112 928,2112 990,2112 1051,2112 1113,2111 1174,2111 1236,2110 1297,2108 1359,2107 1420,2105 1482,2102"/>
                <TextEquiv>
                    <Unicode>mann ersten Ranges an der Arbeit war. Man hat dem Kom¬</Unicode>
                </TextEquiv>
            </TextLine>
            <TextLine id="r1l37" custom="readingOrder {index:36;}">
                <Coords points="229,2187 1327,2173 1486,2155 1486,2106 228,2119"/>
                <Baseline points="237,2159 299,2160 361,2160 423,2161 485,2161 547,2161 609,2161 671,2161 733,2161 795,2161 857,2160 919,2160 981,2160 1043,2159 1105,2159 1167,2158 1229,2158 1291,2157 1353,2157 1415,2156 1478,2155"/>
                <TextEquiv>
                    <Unicode>ponisten, der lange Jahre am Frankfurter Stadttheater als</Unicode>
                </TextEquiv>
            </TextLine>
            <TextLine id="r1l38" custom="readingOrder {index:37;}">
                <Coords points="235,2224 1390,2223 1492,2214 1492,2169 235,2175"/>
                <Baseline points="242,2205 304,2206 366,2206 428,2207 490,2208 552,2208 614,2208 676,2209 738,2209 800,2209 863,2209 925,2209 987,2209 1049,2209 1111,2209 1173,2209 1235,2208 1297,2208 1359,2207 1421,2206 1484,2205"/>
                <TextEquiv>
                    <Unicode>Kapellmeister wirkt, gesagt, er vollführe Kapellmeistermusik;</Unicode>
                </TextEquiv>
            </TextLine>
            <TextLine id="r1l39" custom="readingOrder {index:38;}">
                <Coords points="249,2266 1417,2270 1488,2212 249,2221"/>
                <Baseline points="257,2250 318,2252 379,2253 440,2254 501,2255 562,2255 623,2256 685,2256 746,2256 807,2256 868,2256 929,2255 990,2255 1051,2255 1113,2254 1174,2254 1235,2254 1296,2254 1357,2254 1418,2254 1480,2254"/>
                <TextEquiv>
                    <Unicode>ein hinkender Einwand! Unter den deutschen Opernjapellmei¬</Unicode>
                </TextEquiv>
            </TextLine>
            <TextLine id="r1l40" custom="readingOrder {index:39;}">
                <Coords points="234,2309 1491,2308 1465,2250 234,2246"/>
                <Baseline points="241,2302 303,2302 365,2302 427,2302 489,2303 551,2303 613,2304 676,2304 738,2305 800,2306 862,2306 924,2307 986,2307 1048,2307 1111,2307 1173,2307 1235,2307 1297,2306 1359,2305 1421,2303 1484,2301"/>
                <TextEquiv>
                    <Unicode>stern sind Leute, die ihren Beruf nur zu ernst nehlAn, als</Unicode>
                </TextEquiv>
            </TextLine>
            <TextLine id="r1l41" custom="readingOrder {index:40;}">
                <Coords points="234,2348 1002,2382 1489,2349 1476,2310 234,2309"/>
                <Baseline points="242,2352 303,2352 365,2353 427,2353 489,2353 551,2354 613,2355 675,2355 737,2356 799,2356 861,2356 922,2357 984,2357 1046,2357 1108,2356 1170,2356 1232,2355 1294,2354 1356,2353 1418,2352 1480,2350"/>
                <TextEquiv>
                    <Unicode>daß sie nicht selbst unter der Unfähigkeit der modernen Opern¬</Unicode>
                </TextEquiv>
            </TextLine>
            <TextLine id="r1l42" custom="readingOrder {index:41;}">
                <Coords points="234,2406 1491,2394 1443,2361 700,2385 234,2347"/>
                <Baseline points="242,2395 304,2397 366,2399 428,2400 490,2402 552,2403 614,2403 676,2404 738,2404 800,2405 863,2405 925,2405 987,2405 1049,2404 1111,2404 1173,2404 1235,2403 1297,2403 1359,2403 1421,2402 1484,2402"/>
                <TextEquiv>
                    <Unicode>##roduktion litten. Und außerdem sind aus den Kapellmeistern</Unicode>
                </TextEquiv>
            </TextLine>
            <TextLine id="r1l43" custom="readingOrder {index:42;}">
                <Coords points="265,2435 278,2434 281,2437 294,2435 289,2407 281,2408 280,2410 273,2409 270,2407 260,2409"/>
                <Baseline points="272,2430 285,2428"/>
                <TextEquiv>
                    <Unicode></Unicode>
                </TextEquiv>
            </TextLine>
            <TextLine id="r1l44" custom="readingOrder {index:43;}">
                <Coords points="238,2453 1383,2474 1487,2452 1487,2405 238,2419"/>
                <Baseline points="246,2448 307,2450 369,2451 430,2452 492,2453 554,2453 615,2454 677,2454 739,2454 800,2454 862,2454 924,2454 985,2454 1047,2454 1109,2453 1170,2453 1232,2452 1294,2452 1355,2451 1417,2450 1479,2450"/>
                <TextEquiv>
                    <Unicode>##erden der Musik hervorgegangen. Franz Neumann ist ein</Unicode>
                </TextEquiv>
            </TextLine>
            <TextLine id="r1l45" custom="readingOrder {index:44;}">
                <Coords points="235,2498 1475,2510 1436,2458 235,2461"/>
                <Baseline points="243,2493 304,2495 365,2496 426,2497 487,2499 549,2499 610,2500 671,2501 732,2501 793,2502 855,2502 916,2502 977,2502 1038,2502 1099,2502 1161,2501 1222,2501 1283,2500 1344,2499 1405,2498 1467,2497"/>
                <TextEquiv>
                    <Unicode>Talent, das weisen die drei großen Orchesternummern. Er</Unicode>
                </TextEquiv>
            </TextLine>
            <TextLine id="r1l46" custom="readingOrder {index:45;}">
                <Coords points="220,2564 1480,2555 1480,2517 1318,2501 220,2495"/>
                <Baseline points="228,2545 290,2546 352,2547 414,2548 476,2549 539,2549 601,2550 663,2550 725,2550 787,2551 850,2551 912,2551 974,2551 1036,2550 1098,2550 1161,2550 1223,2550 1285,2550 1347,2550 1409,2550 1472,2550"/>
                <TextEquiv>
                    <Unicode>steht freilich völlig unter der Fuchtel Puccinis und Strauß';</Unicode>
                </TextEquiv>
            </TextLine>
            <TextLine id="r1l47" custom="readingOrder {index:46;}">
                <Coords points="239,2603 1486,2604 1477,2552 240,2565"/>
                <Baseline points="248,2592 309,2594 371,2595 432,2596 494,2597 555,2598 617,2599 678,2600 740,2600 801,2601 863,2601 924,2602 986,2602 1047,2602 1109,2602 1170,2602 1232,2602 1293,2601 1355,2601 1416,2600 1478,2599"/>
                <TextEquiv>
                    <Unicode>des läßt sich abgewöhnen. Allein es ist zu hoffen, daß er das</Unicode>
                </TextEquiv>
            </TextLine>
            <TextLine id="r1l48" custom="readingOrder {index:47;}">
                <Coords points="230,2636 1345,2669 1504,2662 1505,2616 230,2589"/>
                <Baseline points="238,2640 300,2642 363,2644 426,2645 489,2646 552,2647 615,2648 678,2649 741,2650 804,2650 867,2651 929,2651 992,2651 1055,2651 1118,2651 1181,2651 1244,2650 1307,2650 1370,2649 1433,2648 1496,2647"/>
                <TextEquiv>
                    <Unicode>nächste Mal nicht „Die Räuber“ vertoni, sondern ein Thema</Unicode>
                </TextEquiv>
            </TextLine>
            <TextLine id="r1l49" custom="readingOrder {index:48;}">
                <Coords points="232,2719 869,2698 1291,2736 1488,2700 1450,2651 232,2638"/>
                <Baseline points="239,2693 301,2694 363,2694 425,2695 487,2696 549,2696 611,2697 673,2698 735,2699 797,2699 859,2700 921,2700 983,2700 1045,2701 1107,2700 1169,2700 1231,2699 1293,2698 1355,2697 1417,2695 1480,2693"/>
                <TextEquiv>
                    <Unicode>wählt, das geeigneter zur Vertonung erscheint als die Süße¬</Unicode>
                </TextEquiv>
            </TextLine>
            <TextLine id="r1l50" custom="readingOrder {index:49;}">
                <Coords points="231,2735 328,2776 555,2783 628,2755 744,2784 857,2761 858,2705 231,2708"/>
                <Baseline points="239,2738 269,2739 300,2740 330,2741 361,2742 391,2743 422,2744 452,2745 483,2746 513,2747 544,2747 574,2748 605,2748 635,2748 666,2747 696,2747 727,2746 757,2744 788,2742 818,2739 849,2736"/>
                <TextEquiv>
                    <Unicode>mädelgeschichte Schnitzlers.</Unicode>
                </TextEquiv>
            </TextLine>
            <TextLine id="r1l51" custom="readingOrder {index:50;}">
                <Coords points="323,2838 1494,2856 1494,2789 1299,2766 951,2805 323,2778"/>
                <Baseline points="331,2826 388,2829 446,2831 504,2834 562,2835 619,2837 677,2837 735,2838 793,2838 850,2838 908,2837 966,2837 1024,2836 1081,2836 1139,2835 1197,2835 1255,2834 1312,2834 1370,2834 1428,2834 1486,2835"/>
                <TextEquiv>
                    <Unicode>5 Die Triovereiniguna Ledwinka=Streitenfels=Schreiber aibt</Unicode>
                </TextEquiv>
            </TextLine>
            <TextLine id="r1l52" custom="readingOrder {index:51;}">
                <Coords points="639,2957 672,2970 708,2954 875,2947 1021,2958 1042,2975 1116,2955 1115,2923 1007,2908 639,2921"/>
                <Baseline points="647,2954 672,2954 698,2952 723,2952 749,2951 774,2950 800,2950 825,2950 851,2949 877,2949 902,2949 928,2950 953,2950 979,2950 1004,2951 1030,2951 1055,2952 1081,2952 1107,2953"/>
                <TextEquiv>
                    <Unicode>tagehelangabe onne Gewahr.)</Unicode>
                </TextEquiv>
            </TextLine>
            <TextLine id="r1l53" custom="readingOrder {index:52;}">
                <Coords points="642,3006 1233,3036 1344,3019 1347,2945 1296,2966 1157,2939 1040,2974 952,2948 709,2953 643,2978"/>
                <Baseline points="651,3000 685,3000 719,3000 753,3000 788,3002 822,3003 856,3004 890,3006 925,3008 959,3010 993,3012 1027,3014 1062,3016 1096,3017 1130,3019 1164,3020 1199,3021 1233,3021 1267,3020 1301,3019 1336,3018"/>
                <TextEquiv>
                    <Unicode>Humoristische blatter, Wien</Unicode>
                </TextEquiv>
            </TextLine>
            <TextLine id="r1l54" custom="readingOrder {index:53;}">
                <Coords points="325,3057 461,3072 569,3054 609,3076 763,3053 752,3013 614,3016 568,2999 441,3016 324,2999"/>
                <Baseline points="333,3047 359,3048 385,3048 412,3047 438,3047 464,3047 491,3046 517,3045 544,3044 570,3044 596,3043 623,3042 649,3042 675,3042 702,3042 728,3042 755,3043"/>
                <TextEquiv>
                    <Unicode>Ausschnitt aus:</Unicode>
                </TextEquiv>
            </TextLine>
            <TextLine id="r1l55" custom="readingOrder {index:54;}">
                <Coords points="537,3151 580,3160 603,3148 616,3158 641,3147 674,3154 695,3140 726,3144 718,3069 680,3069 673,3075 663,3069 633,3085 607,3079 584,3102 548,3111 532,3106"/>
                <Baseline points="545,3155 573,3150 602,3146 631,3142 660,3139 689,3138 718,3140"/>
                <TextEquiv>
                    <Unicode>430K1</Unicode>
                </TextEquiv>
            </TextLine>
            <TextLine id="r1l56" custom="readingOrder {index:55;}">
                <Coords points="330,3145 347,3146 375,3163 391,3157 423,3163 463,3156 472,3161 488,3152 510,3156 512,3117 489,3125 423,3115 415,3120 395,3105 365,3106 331,3094"/>
                <Baseline points="338,3151 365,3150 392,3150 420,3150 447,3150 474,3153 502,3158"/>
                <TextEquiv>
                    <Unicode>vom:</Unicode>
                </TextEquiv>
            </TextLine>
            <TextLine id="r1l57" custom="readingOrder {index:56;}">
                <Coords points="519,3208 539,3204 544,3206 561,3204 557,3149 547,3152 544,3150 534,3156 529,3155 527,3157 515,3158"/>
                <Baseline points="524,3171 550,3169"/>
                <TextEquiv>
                    <Unicode>1</Unicode>
                </TextEquiv>
            </TextLine>
            <TextLine id="r1l58" custom="readingOrder {index:57;}">
                <Coords points="581,3209 613,3206 616,3210 630,3207 680,3210 682,3153 665,3154 658,3149 641,3155 613,3156 608,3151 603,3156 583,3157"/>
                <Baseline points="590,3173 618,3174 646,3175 674,3175"/>
                <TextEquiv>
                    <Unicode></Unicode>
                </TextEquiv>
            </TextLine>
            <TextLine id="r1l59" custom="readingOrder {index:58;}">
                <Coords points="431,3302 866,3306 951,3338 1068,3304 1133,3347 1243,3355 1304,3328 1306,3298 1172,3262 1078,3288 1011,3243 813,3282 621,3244 434,3251"/>
                <Baseline points="440,3289 482,3290 525,3291 568,3293 611,3294 654,3296 697,3297 739,3299 782,3302 825,3304 868,3306 911,3308 954,3310 997,3313 1039,3315 1082,3317 1125,3319 1168,3321 1211,3323 1254,3324 1297,3326"/>
                <TextEquiv>
                    <Unicode>In der Volksoper „Liebelei" Textantor</Unicode>
                </TextEquiv>
            </TextLine>
            <TextLine id="r1l60" custom="readingOrder {index:59;}">
                <Coords points="326,3373 457,3347 1213,3410 1216,3355 330,3297"/>
                <Baseline points="336,3338 379,3341 423,3343 466,3346 510,3349 553,3351 597,3355 640,3357 684,3359 727,3362 771,3364 814,3366 858,3369 901,3371 945,3373 988,3375 1032,3377 1075,3379 1119,3380 1162,3382 1206,3384"/>
                <TextEquiv>
                    <Unicode>wohl bekannt, Komponist Franz Neumann.</Unicode>
                </TextEquiv>
            </TextLine>
            <TextLine id="r1l61" custom="readingOrder {index:60;}">
                <Coords points="424,3436 1144,3451 1203,3480 1308,3461 1310,3423 427,3373"/>
                <Baseline points="432,3411 475,3413 518,3416 562,3418 605,3420 649,3422 692,3425 735,3427 779,3429 822,3432 866,3434 909,3436 952,3439 996,3441 1039,3443 1083,3445 1126,3447 1169,3449 1213,3450 1256,3451 1300,3453"/>
                <TextEquiv>
                    <Unicode>Frl. Engel war eine glänzende Christine,</Unicode>
                </TextEquiv>
            </TextLine>
            <TextLine id="r1l62" custom="readingOrder {index:61;}">
                <Coords points="313,3465 484,3477 551,3513 727,3492 1041,3541 1181,3493 1087,3454 315,3432"/>
                <Baseline points="320,3468 362,3469 405,3470 447,3472 490,3474 533,3475 575,3478 618,3479 660,3481 703,3484 746,3487 788,3490 831,3492 873,3495 916,3498 959,3500 1001,3503 1044,3506 1086,3508 1129,3510 1172,3513"/>
                <TextEquiv>
                    <Unicode>Herr Lußmann ein sympathischer Fritz.</Unicode>
                </TextEquiv>
            </TextLine>
            <TextLine id="r1l63" custom="readingOrder {index:62;}">
                <Coords points="413,3539 777,3580 1044,3559 1316,3629 1320,3566 1207,3530 869,3519 799,3545 679,3505 417,3487"/>
                <Baseline points="422,3536 466,3538 510,3540 555,3543 599,3545 644,3548 688,3551 732,3554 777,3556 821,3559 866,3562 910,3564 954,3567 999,3570 1043,3573 1088,3576 1132,3579 1176,3583 1221,3587 1265,3590 1310,3594"/>
                <TextEquiv>
                    <Unicode>Herr Bandler, als Vater Weiring,</Unicode>
                </TextEquiv>
            </TextLine>
            <TextLine id="r1l64" custom="readingOrder {index:63;}">
                <Coords points="308,3608 1250,3659 1322,3625 1157,3581 1089,3606 476,3546 310,3563"/>
                <Baseline points="316,3592 365,3595 415,3598 465,3601 515,3604 565,3607 614,3610 664,3613 714,3616 764,3618 814,3621 863,3624 913,3626 963,3629 1013,3631 1063,3634 1112,3637 1162,3638 1212,3641 1262,3643 1312,3645"/>
                <TextEquiv>
                    <Unicode>machte die am wenigsten gelungene Figur Artur</Unicode>
                </TextEquiv>
            </TextLine>
            <TextLine id="r1l65" custom="readingOrder {index:64;}">
                <Coords points="312,3659 336,3658 368,3691 404,3682 428,3697 540,3694 622,3668 821,3695 823,3663 768,3625 619,3639 582,3624 315,3620"/>
                <Baseline points="320,3651 345,3652 371,3652 397,3653 423,3655 449,3657 475,3658 501,3660 527,3661 553,3663 579,3665 605,3667 631,3669 657,3671 683,3672 709,3674 735,3676 761,3677 787,3678 813,3680"/>
                <TextEquiv>
                    <Unicode>Schnitzlers erträglich.</Unicode>
                </TextEquiv>
            </TextLine>
            <TextEquiv>
                <Unicode>Liebelei
box 12/4
5. B
—asschnitt aus:
Salzburger Volksblat
vom:
—

„Das Unmögliche wurde in Musik gesetzt Nämlich Schnit
Sce
ers „Liebelei“. Dieses Schauspiel, das, viel chgefeindet
mo beklästert, doch in der Literatur sich durchzusetzen wußte
und dann Weltruf erlangte, hat mit Musik schon garnichts zu
tun. Es ist wohl selbstverständlich, daß jede Liebesszene in
jedem beliebigen Roman Hochgesühle auszulösen bestrebt ist,
die auch musikalisch auszudrücken wären. Das ist alles, was
für eine Vertonung der „Liebelei“ spricht. Franz Neumann
der Komponist ist zwar ein Wiener, allein das eminent Wie¬
nerische in diesem Stück, das nur in einer Wiener Vorstadt
spielen könnte, trifft er nicht. Es wäre vielleicht halbwegs
angängig gewesen, wenn man das Schnitzlersche Schauspiel
für die Oper bearbeitet hätte. Der Fall, wie er diesmal liegt,
die Vertonung der „Liebelei“ wie sie in erster Auflage er¬
schien, ist ein Unding und darf nicht scharf genug zurück¬
gewiesen werden. Wir haben Komponisten, die so weit gehen,
daß sie sich die Texte selbst schreiben, weil sie vielleicht berech¬
tigterweise meinen, daß ein Textdichter nie derartig musika¬
lische Momente aufzuspüren versteht wie sie selbst. Wenn hin¬
gegen ein Komponist nichts anderes zu vertonen weiß als
ein Schauspiel, das sich hätte nie träumen lassen, daß es je
mit Musik in Berührung käme, dann sieht die Sache fast so
aus, als ob der Komponist den Namen des Dichters für seine
Reklametrommel benötigt hätte. Im übrigen zeigt Franz
Neumann nicht gering zu schätzende Qualitäten. Seine Orche¬
strierung kann sich hören lassen und verrüt, daß ein Fach¬
mann ersten Ranges an der Arbeit war. Man hat dem Kom¬
ponisten, der lange Jahre am Frankfurter Stadttheater als
Kapellmeister wirkt, gesagt, er vollführe Kapellmeistermusik;
ein hinkender Einwand! Unter den deutschen Opernjapellmei¬
stern sind Leute, die ihren Beruf nur zu ernst nehlAn, als
daß sie nicht selbst unter der Unfähigkeit der modernen Opern¬
##roduktion litten. Und außerdem sind aus den Kapellmeistern

##erden der Musik hervorgegangen. Franz Neumann ist ein
Talent, das weisen die drei großen Orchesternummern. Er
steht freilich völlig unter der Fuchtel Puccinis und Strauß';
des läßt sich abgewöhnen. Allein es ist zu hoffen, daß er das
nächste Mal nicht „Die Räuber“ vertoni, sondern ein Thema
wählt, das geeigneter zur Vertonung erscheint als die Süße¬
mädelgeschichte Schnitzlers.
5 Die Triovereiniguna Ledwinka=Streitenfels=Schreiber aibt
tagehelangabe onne Gewahr.)
Humoristische blatter, Wien
Ausschnitt aus:
430K1
vom:
1

In der Volksoper „Liebelei" Textantor
wohl bekannt, Komponist Franz Neumann.
Frl. Engel war eine glänzende Christine,
Herr Lußmann ein sympathischer Fritz.
Herr Bandler, als Vater Weiring,
machte die am wenigsten gelungene Figur Artur
Schnitzlers erträglich.</Unicode>
            </TextEquiv>
        </TextRegion>
        <TextRegion orientation="0.0" id="r2" custom="readingOrder {index:1;}">
            <Coords points="1845,1655 1845,2546 2913,2546 2913,1655"/>
            <TextLine id="r2l1" custom="readingOrder {index:0;}">
                <Coords points="2394,1722 2541,1732 2551,1725 2577,1734 2622,1715 2625,1649 2572,1630 2543,1636 2520,1623 2490,1637 2471,1627 2444,1650 2396,1651"/>
                <Baseline points="2403,1686 2429,1688 2456,1689 2482,1691 2509,1692 2535,1693 2562,1694 2588,1694 2615,1694"/>
                <TextEquiv>
                    <Unicode>SSEWATE</Unicode>
                </TextEquiv>
            </TextLine>
            <TextLine id="r2l2" custom="readingOrder {index:1;}">
                <Coords points="1851,1750 2723,1804 2900,1775 2901,1720 1851,1732"/>
                <Baseline points="1858,1747 1909,1751 1961,1755 2013,1758 2064,1761 2116,1763 2168,1766 2219,1768 2271,1769 2323,1771 2375,1772 2426,1773 2478,1773 2530,1774 2581,1774 2633,1775 2685,1775 2736,1775 2788,1775 2840,1774 2892,1774"/>
                <TextEquiv>
                    <Unicode>Ausschnitt aus: WIENER CARICATUREN</Unicode>
                </TextEquiv>
            </TextLine>
            <TextLine id="r2l3" custom="readingOrder {index:2;}">
                <Coords points="2176,1848 2290,1864 2304,1856 2324,1862 2340,1850 2376,1866 2407,1851 2455,1855 2453,1795 2437,1791 2409,1798 2371,1789 2351,1801 2316,1792 2294,1803 2281,1792 2250,1801 2237,1793 2205,1803 2174,1790"/>
                <Baseline points="2183,1843 2209,1845 2235,1846 2262,1846 2288,1846 2315,1845 2341,1843 2367,1842 2394,1841 2420,1839 2447,1838"/>
                <TextEquiv>
                    <Unicode>130K1.:31.</Unicode>
                </TextEquiv>
            </TextLine>
            <TextLine id="r2l4" custom="readingOrder {index:3;}">
                <Coords points="1853,1855 1870,1856 1879,1864 1890,1861 1929,1870 1982,1871 1991,1865 2003,1867 2007,1831 1932,1832 1926,1825 1904,1828 1894,1819 1881,1821 1870,1815 1856,1819"/>
                <Baseline points="1861,1852 1887,1853 1914,1855 1941,1857 1968,1860 1995,1864"/>
                <TextEquiv>
                    <Unicode>vom:</Unicode>
                </TextEquiv>
            </TextLine>
            <TextLine id="r2l5" custom="readingOrder {index:4;}">
                <Coords points="1951,2043 2798,2079 2842,2072 2844,2026 2511,1988 2241,2012 1952,1992"/>
                <Baseline points="1958,2038 2001,2039 2045,2040 2089,2041 2133,2041 2177,2042 2221,2043 2264,2043 2308,2044 2352,2045 2396,2046 2440,2047 2484,2048 2528,2049 2571,2050 2615,2052 2659,2053 2703,2055 2747,2056 2791,2059 2835,2061"/>
                <TextEquiv>
                    <Unicode>Schnitzler’s „Liebelei“ lernen wir</Unicode>
                </TextEquiv>
            </TextLine>
            <TextLine id="r2l6" custom="readingOrder {index:5;}">
                <Coords points="1836,2124 1983,2095 2764,2138 2843,2118 2844,2089 1837,2059"/>
                <Baseline points="1845,2097 1894,2097 1944,2098 1993,2098 2043,2099 2092,2100 2142,2102 2191,2103 2241,2104 2290,2105 2340,2107 2390,2108 2439,2110 2489,2111 2538,2113 2588,2114 2637,2116 2687,2117 2736,2119 2786,2120 2836,2121"/>
                <TextEquiv>
                    <Unicode>#nun dudrestentkennen- Sie wird immer</Unicode>
                </TextEquiv>
            </TextLine>
            <TextLine id="r2l7" custom="readingOrder {index:6;}">
                <Coords points="1858,2151 2851,2183 2851,2145 2787,2133 1859,2112"/>
                <Baseline points="1866,2155 1914,2156 1963,2157 2012,2158 2061,2159 2110,2160 2159,2161 2207,2162 2256,2163 2305,2163 2354,2165 2403,2166 2452,2167 2501,2168 2549,2169 2598,2170 2647,2171 2696,2172 2745,2173 2794,2175 2843,2176"/>
                <TextEquiv>
                    <Unicode>schprückhaft bleiben, diese elegant senti¬</Unicode>
                </TextEquiv>
            </TextLine>
            <TextLine id="r2l8" custom="readingOrder {index:7;}">
                <Coords points="1863,2252 1915,2224 2263,2221 2848,2251 2850,2197 1865,2180"/>
                <Baseline points="1872,2214 1920,2215 1968,2216 2017,2216 2065,2218 2114,2218 2162,2219 2210,2220 2259,2221 2307,2223 2356,2224 2404,2225 2452,2226 2501,2228 2549,2229 2598,2231 2646,2231 2694,2233 2743,2234 2791,2236 2840,2237"/>
                <TextEquiv>
                    <Unicode>pental panierte Wiener Schnitzlerei und</Unicode>
                </TextEquiv>
            </TextLine>
            <TextLine id="r2l9" custom="readingOrder {index:8;}">
                <Coords points="1864,2272 2776,2316 2839,2288 2841,2251 1865,2245"/>
                <Baseline points="1872,2271 1920,2271 1968,2272 2016,2273 2064,2274 2112,2275 2160,2276 2208,2277 2256,2279 2304,2280 2352,2281 2400,2283 2448,2285 2496,2286 2544,2288 2592,2289 2640,2291 2688,2292 2736,2294 2784,2295 2832,2297"/>
                <TextEquiv>
                    <Unicode>auch mit Musikbegleitung gefallen, beson¬</Unicode>
                </TextEquiv>
            </TextLine>
            <TextLine id="r2l10" custom="readingOrder {index:9;}">
                <Coords points="1860,2342 2797,2379 2848,2356 2849,2320 1861,2299"/>
                <Baseline points="1868,2326 1916,2328 1965,2330 2013,2332 2062,2333 2111,2336 2159,2337 2208,2338 2257,2340 2305,2341 2354,2342 2403,2343 2451,2344 2500,2345 2549,2346 2597,2347 2646,2348 2695,2349 2743,2350 2792,2352 2841,2353"/>
                <TextEquiv>
                    <Unicode>ders wenn Frl. Engel die Christine singt</Unicode>
                </TextEquiv>
            </TextLine>
            <TextLine id="r2l11" custom="readingOrder {index:10;}">
                <Coords points="1852,2408 2097,2392 2251,2423 2484,2405 2618,2431 2639,2378 2529,2357 2154,2368 2125,2343 2090,2367 1957,2339 1854,2358"/>
                <Baseline points="1860,2383 1898,2385 1937,2386 1975,2388 2014,2389 2052,2390 2091,2391 2129,2393 2168,2394 2206,2395 2245,2396 2283,2397 2322,2398 2360,2400 2399,2401 2437,2402 2476,2403 2514,2405 2553,2406 2591,2407 2630,2409"/>
                <TextEquiv>
                    <Unicode>und Herr Lussmann den Fritz.</Unicode>
                </TextEquiv>
            </TextLine>
            <TextLine id="r2l12" custom="readingOrder {index:11;}">
                <Coords points="1938,2485 2411,2469 2920,2507 2923,2427 2848,2456 2435,2412 2126,2436 2037,2398 1940,2427"/>
                <Baseline points="1947,2458 1995,2459 2043,2460 2091,2462 2140,2464 2188,2466 2236,2468 2285,2470 2333,2471 2381,2473 2430,2475 2478,2477 2526,2478 2574,2479 2623,2480 2671,2482 2719,2483 2768,2483 2816,2484 2864,2484 2913,2484"/>
                <TextEquiv>
                    <Unicode>Somit hatte die Volksoper wieder.</Unicode>
                </TextEquiv>
            </TextLine>
            <TextLine id="r2l13" custom="readingOrder {index:12;}">
                <Coords points="1850,2522 1924,2553 2127,2525 2445,2555 2483,2547 2485,2497 1851,2472"/>
                <Baseline points="1858,2510 1888,2512 1919,2513 1950,2514 1981,2515 2012,2517 2043,2518 2074,2519 2105,2520 2136,2520 2167,2522 2197,2523 2228,2524 2259,2525 2290,2526 2321,2527 2352,2528 2383,2529 2414,2530 2445,2531 2476,2533"/>
                <TextEquiv>
                    <Unicode>einen bedeutenden Erfolg.</Unicode>
                </TextEquiv>
            </TextLine>
            <TextEquiv>
                <Unicode>SSEWATE
Ausschnitt aus: WIENER CARICATUREN
130K1.:31.
vom:
Schnitzler’s „Liebelei“ lernen wir
#nun dudrestentkennen- Sie wird immer
schprückhaft bleiben, diese elegant senti¬
pental panierte Wiener Schnitzlerei und
auch mit Musikbegleitung gefallen, beson¬
ders wenn Frl. Engel die Christine singt
und Herr Lussmann den Fritz.
Somit hatte die Volksoper wieder.
einen bedeutenden Erfolg.</Unicode>
            </TextEquiv>
        </TextRegion>
    </Page>
</PcGts>
