3436 4352
1324 162 1394 233 1
949 143 1327 249 box 10/
248 142 800 256 5. Liebelei
417 199 840 274 a2 K. an . K a  .
471 948 2820 1062 Tchreneer felost in der Tonhalle u.? ähnlichen Locaten] jüdischen Wucherers vermält. Das ist in den Augen Siöcker's,
166 1050 2839 1126 zögernd und den Antisemitismus predigte, trieb Hammerstein im Namen] der sich mit Hammerstein zusammen auf einer Photographie
2742 1079 2833 1143 ac
1644 1126 2822 1212 liefert sie ihm auch ihre übrigen Briefe an Ludwig aus.
474 1141 1653 1232 weiß, der Schwanengesang der Liebe. Ihr Geliebter kehrt
180 1163 478 1237 verlangt die
1644 1185 2831 1254 „Ich liebe meinen Mann,“ heißt es darin, „quälen Sie
467 1202 1648 1282 nicht wieder; er ist im Duell gefallen, er ist schon begraben,
152 1211 476 1284 orgen mit ihm
1641 1235 2839 1314 mich nicht.“ Ihre Unschuld ist nicht zu bezweifeln. Nun
467 1242 1649 1312 als sie wieder von ihm hört. Schon bei ihrem Abschiede von
167 1259 478 1346 n dem bedenk¬
1636 1293 2833 1349 erfährt Paul zufällig, daß Anna an einem gewissen Tage,
470 1294 1642 1366 ihm hat sie ihrer leidenschaftlichen, sie ganz erfüllenden und
1647 1323 2835 1396 da Ludwig sie nach längerer Zeit wieder besuchen wollte,
460 1333 1652 1404 beherrschenden Liebe den ergreifendsten und herbsten Aus¬
158 1336 482 1425 inens. Katha¬
1640 1368 2838 1452 schleunig abgereist sei. Das macht ihn nachdenklich. Das
473 1387 1645 1458 druck geliehen: „Du bist ja frei, kannst mich verlassen, wie
165 1399 482 1475 s, kommt zu
1640 1435 2831 1489 war ja eine Flucht. Man hält nur Zudringliche
471 1432 1646 1503 du willst! Du hast mir nichts versprochen, und ich hab' von
188 1450 485 1518 Gartenmusik
1653 1472 2835 1531 fern, aber man flieht aus Furcht. Er dringt in
467 1477 1651 1564 dir nichts verlangt. Was dann aus mir wird, es ist ganz
202 1494 486 1567 der sich für
1642 1521 2846 1578 Anna, er quält, er foltert sie. Endlich kann sie nicht länger
474 1512 1639 1597 einerlei, ich bin doch einmal glücklich gewesen, mehr will ich
146 1546 472 1616 er schon eine
1643 1549 2847 1626 an sich halten. Sie bricht hervor: „Ich habe Ludwig geliebt
476 1574 1644 1655 ja vom Leben nicht. Ich möchte nur, daß du das weißt und
154 1594 479 1661 Die gute Absicht
1641 1618 2838 1674 und liebe ihn noch. Und ich habe Keinen geliebt als ihn,
468 1624 1642 1707 mir glaubst, daß ich Keinen lieb gehabt vor dir und daß ich
158 1642 478 1705 nehmen. Frau
1640 1650 2848 1717 und — es ist ein starkes Geständniß für eine Frau — ich
472 1677 1633 1747 Keinen lieb haben werde, wenn du mich nimmer willst. ...“
162 1686 482 1750 ihrem Mangel
1645 1702 2840 1767 empfinde nun Reue über meine Tugend.“ Sie schiebt die
476 1720 1651 1788 Und nun, da sie von seinem Tode hören muß,
155 1735 492 1806 weiter als der
1646 1746 2835 1812 Schuld auf ihren Gatten. Sie habe jahrelang in aller Stille
485 1751 1646 1834 braust ihr Zorn und ihre Verzweiflung über alle Dämme:
170 1769 480 1862 alte Geiger ist
1645 1813 2840 1866 seinen Hausfrieden vertheidigt, und er habe nichts gemerkt.
478 1815 1647 1885 „Und ich hab' ihn angebetet. Hat er denn das nicht gewußt,
162 1827 489 1905 hr erbaut. Er
1646 1849 2840 1929 Sie habe keine Stütze an ihm gehabt; er habe neben ihr
472 1838 1650 1939 daß ich ihm Alles hingegeben hab', was ich ihm hab' geben
173 1877 481 1948 ihr Recht auf
1653 1878 2844 1959 geschlafen und nicht bemerkt, daß sie in den ersten Tagen
476 1908 1651 1981 können, daß ich für ihn gestorben wäre; daß er mein Herr¬
169 1918 480 1994 die als bejahrte
1646 1941 2851 2015 in ihr Kissen gebissen habe, um nicht zu schreien. Nach dieser
471 1944 1659 2018 gott gewesen und meine Seligkeit, hat er denn das gar
165 1975 479 2045 geopfert, ohne
1661 1985 2849 2052 Erklärung verläßt sie ihren Gatten trotz seiner Protestation
478 1997 1656 2077 nicht bemerkt? Er hat von mir fortgehen können mit einem
165 2017 482 2084 hätt' mich am
1649 2035 2837 2111 für immer. Er ist der schwache, sichere Mann gewesen, der
478 2056 1653 2124 Lächeln, fortgehen aus dem Zimmer und sich für eine Andere
177 2061 495 2140 sie um Ver¬
1663 2077 2848 2152 seinen schwankenden Besitz nicht zu vertheidigen wußte.
475 2096 1548 2163 niederschießen lassen. Vater, Vater, verstehst du das?“
171 2108 488 2177 hab' vor allen
1646 2134 2841 2192 Seinen sachlichen Rechten gegenüber hat seine Frau nur
569 2118 1658 2213 Solche herrliche Accente der Leidenschaft hat man auf
167 2154 491 2234 zu Frau Binder
1659 2184 2840 2242 Rechte der Seele in Anspruch genommen; aber die Seele
479 2187 1654 2263 der deutschen Bühne lange nicht vernommen. Fräulein
167 2215 481 2274 schöpf schließlich
1652 2218 2840 2297 hat den Körper nach sich gezogen. Das sind häusliche Tra¬
479 2244 1664 2309 Adele Sandrock hat sie auch im dritten Acte ergreifend
164 2261 474 2320 seiner Tugend,
1653 2266 2847 2342 gödien, die in der Ehe häufig verschwiegen spielen, aber selten
478 2279 1663 2367 zum Ausdruck gebracht und in den vorhergehenden Acten
174 2290 483 2369 g der Strumpf¬
1652 2320 2850 2387 zu Tage kommen, am seltensten jedoch zwischen Gatten offen
489 2332 1661 2399 künstlerisch vorbereitet. Die beiden jungen Männer, die von
154 2344 488 2415 aß die Strumpf¬
1656 2369 2848 2434 erörtert werden. Mit großem Geschick hat Giacosa diesen
487 2385 1656 2457 den Herren Kutschera und Zeska gegeben wurden,
159 2395 485 2468 eben tugendhaft
1663 2411 2838 2476 Fall behandelt, er wirft uns zwischen Zweifel, Furcht und
481 2432 1666 2495 hätten in den ersten Aufzug etwas mehr Heiterkeit bringen
162 2447 493 2530 esteht. Reue ist
1663 2463 2837 2528 Hoffnung hin und wieder. Die Darstellung des Burgtheaters
487 2475 1662 2541 können. Fräulein Kallina und Fräulein Walbeck
1661 2512 2839 2581 hat das kleine Stück noch gehoben. Herr Hartmann gab
147 2518 1668 2614 en Besuch bei haben die Mizi und die Strumpfwirkerin gut im Wiener
1662 2562 2856 2615 den gequälten und quälenden Gatten mit der zwingenden
493 2572 1668 2649 Localton gehalten. Die Mizi ist Fräulein Kallina's Julia.
152 2585 489 2652 Einige Tage ver¬
1664 2606 2835 2669 Kraft eines Erlebnisses. Und Frau Hohenfels als Anna?
576 2619 1668 2684 Vor der „Liebelei“ wurde das einactige Schauspiel
157 2623 501 2710 n Mädchen und
1661 2653 2852 2714 Man konnte schon, bevor sie sprach, Alles aus ihren Zügen
501 2661 1659 2738 „Rechte der Seele“ von Giacosa gegeben. Das Stück ar¬
164 2685 494 2749 eine solche hoch
1666 2701 2848 2763 ablesen, aus ihren Bewegungen abnehmen, mit einer geistigen
492 2714 1667 2775 beitet nur mit Vornamen. Also Paul muß erfahren, daß
155 2723 499 2799 Aussicht über die
1669 2750 2854 2807 Energie ohnegleichen hielt sie die Fäden der Handlung zwischen
492 2763 1660 2831 sich Ludwig, ein Freund des Hauses, aus Liebe zu Paul's
155 2776 499 2847 fahlenberg. Ge¬
1661 2788 2853 2863 ihren Fingern. Das Gewitter stand schon ouf ihrem Gesichte,
495 2810 1660 2874 Gattin, die Anna heißt, erschossen habe. Paul grübelt über
155 2815 495 2902 mpe, selbst einige
1666 2842 2851 2904 bevor es unter Blitz und Donner auf den armen Paul
501 2853 1670 2925 die Sache nach und arbeitet an dem Zweifel herum, ob
145 2868 506 2940 dichte, auch ein
1660 2884 2855 2953 niederging. Man könnte sagen, Frau Hohenfels habe nie
497 2899 1675 2972 nicht seine Frau den Verstorbenen geliebt habe. Er hat einen
151 2914 504 2980 taben G reicht.
1671 2935 2852 3020 besser gespielt; aber der Comparativ ist bei dieser Künstlerin
158 2958 1663 3036 Jnniges, Süßes, Brief Anna's an Ludwig in seinen Händen, aus dem hervor¬
2604 2982 2831 3063 L. Sp.
170 2989 2044 3102 ohne daß sie es zugehen scheint, daß sie unschuldig sei. Auf sein Andringen; längst verbraucht.
