<?xml version="1.0" encoding="UTF-8" standalone="yes"?>
<PcGts xmlns="http://schema.primaresearch.org/PAGE/gts/pagecontent/2013-07-15" xmlns:xsi="http://www.w3.org/2001/XMLSchema-instance" xsi:schemaLocation="http://schema.primaresearch.org/PAGE/gts/pagecontent/2013-07-15 http://schema.primaresearch.org/PAGE/gts/pagecontent/2013-07-15/pagecontent.xsd">
    <Metadata>
        <Creator>prov=University of Rostock/Institute of Mathematics/CITlab/Gundram Leifert/gundram.leifert@uni-rostock.de:name=ONB_Newseye_GT_M1+(htr_id=10810)::::v=2.4.2
prov=University of Rostock/Institute of Mathematics/CITlab/Tobias Gruening/tobias.gruening@uni-rostock.de:name=de.uros.citlab.module.baseline2polygon.B2PSeamMultiOriented:v=2.4.2
prov=University of Rostock/Institute of Mathematics/CITlab/Tobias Gruening/tobias.gruening@uni-rostock.de:name=/mnt/transkribus/LA/DEA/URO/LA_news_onb_att.pb:de.uros.citlab.segmentation.CITlab_LA_ML:v=2.4.2
Transkribus</Creator>
        <Created>2019-10-07T11:49:11.534+02:00</Created>
        <LastChange>2019-10-08T23:41:11.429+02:00</LastChange>
        <TranskribusMetadata docId="223992" pageId="9506617" pageNr="127" tsid="16616516" status="IN_PROGRESS" userId="40391" imgUrl="https://files.transkribus.eu/Get?id=UWBDGMFYVOGRPOQOWYNGHZCV&amp;fileType=view" xmlUrl="https://files.transkribus.eu/Get?id=YABRFWYAOGATWVCONYLUVGCZ" imageId="6196600"/>
    </Metadata>
    <Page imageFilename="223992_0127.jpeg" imageWidth="3436" imageHeight="4352">
        <ReadingOrder>
            <OrderedGroup id="ro_1711445678595" caption="Regions reading order">
                <RegionRefIndexed index="0" regionRef="r1"/>
                <RegionRefIndexed index="1" regionRef="r2"/>
            </OrderedGroup>
        </ReadingOrder>
        <TextRegion orientation="0.0" id="r1" custom="readingOrder {index:0;}">
            <Coords points="402,0 402,3659 3113,3659 3113,0"/>
            <TextLine id="r1l1" custom="readingOrder {index:0;}">
                <Coords points="387,27 422,28 445,39 461,29 468,36 484,27 520,28 539,38 563,16 589,20 590,-22 570,-23 542,-53 532,-53 492,-15 466,-36 440,-17 388,-15"/>
                <Baseline points="402,14 430,12 459,12 487,12 516,13 544,16 573,18"/>
                <TextEquiv>
                    <Unicode>Nr. +1.</Unicode>
                </TextEquiv>
            </TextLine>
            <TextLine id="r1l2" custom="readingOrder {index:1;}">
                <Coords points="1542,30 1591,57 1675,35 1851,59 1932,37 2046,51 2072,45 2073,-17 1913,4 1897,-12 1764,-3 1663,-24 1542,-5"/>
                <Baseline points="1558,27 1584,26 1610,26 1636,25 1662,25 1689,25 1715,26 1741,26 1767,26 1793,27 1820,27 1846,28 1872,28 1898,29 1924,29 1951,29 1977,29 2003,29 2029,29 2056,28"/>
                <TextEquiv>
                    <Unicode>Wiener Salonblatt.</Unicode>
                </TextEquiv>
            </TextLine>
            <TextLine id="r1l3" custom="readingOrder {index:2;}">
                <Coords points="489,242 1765,260 1788,185 490,187"/>
                <Baseline points="505,235 568,235 631,235 695,235 758,236 821,237 885,237 948,238 1011,239 1075,240 1138,241 1201,242 1265,242 1328,243 1391,244 1455,244 1518,244 1581,244 1645,244 1708,243 1772,242"/>
                <TextEquiv>
                    <Unicode>menschlich logisches Mitleid mit dieser Christine suggerirt werden,</Unicode>
                </TextEquiv>
            </TextLine>
            <TextLine id="r1l4" custom="readingOrder {index:3;}">
                <Coords points="1800,247 3112,265 3112,187 2172,214 1801,179"/>
                <Baseline points="1818,246 1885,246 1952,245 2019,245 2087,245 2154,245 2221,245 2289,245 2356,245 2423,246 2491,246 2558,247 2625,248 2693,249 2760,250 2827,251 2895,253 2962,254 3029,256 3097,258"/>
                <TextEquiv>
                    <Unicode>„1 Intruse“ erinnert, da dieser am Schlusse des Stückes im Finstern</Unicode>
                </TextEquiv>
            </TextLine>
            <TextLine id="r1l5" custom="readingOrder {index:4;}">
                <Coords points="496,284 1797,307 1797,252 1729,248 496,242"/>
                <Baseline points="511,283 574,284 637,284 701,284 764,285 828,286 891,286 955,287 1018,288 1082,288 1145,289 1208,289 1272,290 1335,291 1399,291 1462,291 1526,292 1589,292 1653,292 1716,292 1780,292"/>
                <TextEquiv>
                    <Unicode>daß wir das Weibthum in ihr erkennen, das unsere Gefühle für</Unicode>
                </TextEquiv>
            </TextLine>
            <TextLine id="r1l6" custom="readingOrder {index:5;}">
                <Coords points="1806,306 2851,305 2829,256 1807,247"/>
                <Baseline points="1822,290 1872,290 1923,291 1973,291 2024,292 2075,292 2125,293 2176,293 2227,294 2277,294 2328,295 2379,295 2429,296 2480,296 2531,297 2581,297 2632,297 2683,298 2733,298 2784,298 2835,298"/>
                <TextEquiv>
                    <Unicode>steht und klagt: sie haben mich ganz allein gelassen!</Unicode>
                </TextEquiv>
            </TextLine>
            <TextLine id="r1l7" custom="readingOrder {index:6;}">
                <Coords points="482,346 1800,345 1800,309 1709,298 482,287"/>
                <Baseline points="499,332 563,332 627,333 691,333 756,334 820,335 884,336 948,337 1013,338 1077,339 1141,339 1205,340 1270,341 1334,342 1398,342 1462,342 1527,342 1591,342 1655,342 1719,341 1784,340"/>
                <TextEquiv>
                    <Unicode>sie zum warmen Mitgefühl steigert, ähnlich wie uns Dumas zu</Unicode>
                </TextEquiv>
            </TextLine>
            <TextLine id="r1l8" custom="readingOrder {index:7;}">
                <Coords points="1901,332 3085,367 3112,309 1901,303"/>
                <Baseline points="1918,338 1976,339 2035,340 2094,341 2153,342 2212,342 2271,343 2330,343 2389,343 2448,344 2507,344 2565,344 2624,344 2683,345 2742,345 2801,345 2860,346 2919,346 2978,347 3037,348 3096,349"/>
                <TextEquiv>
                    <Unicode>Schnitzler hat uns Unbedeutendes durch unbedeutende Menschen</Unicode>
                </TextEquiv>
            </TextLine>
            <TextLine id="r1l9" custom="readingOrder {index:8;}">
                <Coords points="488,385 1796,391 1796,342 488,343"/>
                <Baseline points="505,380 568,380 632,381 696,381 760,382 823,383 887,384 951,385 1015,386 1078,387 1142,388 1206,389 1270,390 1333,390 1397,390 1461,391 1525,391 1588,391 1652,390 1716,389 1780,388"/>
                <TextEquiv>
                    <Unicode>diesem für Marguerite Gautier zwingt. Indeß erfahren wir nur</Unicode>
                </TextEquiv>
            </TextLine>
            <TextLine id="r1l10" custom="readingOrder {index:9;}">
                <Coords points="1799,405 3101,416 3059,354 1800,321"/>
                <Baseline points="1816,389 1879,389 1943,389 2006,389 2070,390 2133,390 2197,391 2260,392 2324,392 2387,393 2451,394 2514,394 2578,395 2641,396 2705,396 2768,397 2832,397 2895,397 2959,397 3022,397 3086,397"/>
                <TextEquiv>
                    <Unicode>sagen lassen, er stellt Vorgänge auf die Bühne, welche uns gleich¬</Unicode>
                </TextEquiv>
            </TextLine>
            <TextLine id="r1l11" custom="readingOrder {index:10;}">
                <Coords points="488,436 1692,454 1796,444 1797,392 489,387"/>
                <Baseline points="504,427 567,428 631,428 695,429 759,429 823,430 886,430 950,430 1014,431 1078,431 1142,431 1205,432 1269,432 1333,432 1397,433 1461,433 1524,434 1588,434 1652,435 1716,436 1780,437"/>
                <TextEquiv>
                    <Unicode>noch einmal, was wir von dem „kleinen Mädel“ ohnehin schon</Unicode>
                </TextEquiv>
            </TextLine>
            <TextLine id="r1l12" custom="readingOrder {index:11;}">
                <Coords points="1798,451 3119,457 3120,415 1799,405"/>
                <Baseline points="1815,438 1879,437 1943,436 2008,436 2072,436 2136,436 2201,437 2265,437 2329,438 2394,439 2458,440 2522,441 2587,442 2651,443 2715,444 2780,445 2844,445 2908,446 2973,446 3037,446 3102,446"/>
                <TextEquiv>
                    <Unicode>giltig lassen, haben wir sie selbst erlebt, die uns fremd bleiben,</Unicode>
                </TextEquiv>
            </TextLine>
            <TextLine id="r1l13" custom="readingOrder {index:12;}">
                <Coords points="478,489 1727,499 1793,444 478,420"/>
                <Baseline points="495,474 559,475 623,476 687,476 751,477 815,477 879,478 943,478 1007,478 1071,479 1136,479 1200,480 1264,480 1328,481 1392,481 1456,482 1520,482 1584,483 1648,484 1712,485 1777,486"/>
                <TextEquiv>
                    <Unicode>wissen, daß sie aus gar keinem Grunde plötzlich anderes als nur</Unicode>
                </TextEquiv>
            </TextLine>
            <TextLine id="r1l14" custom="readingOrder {index:13;}">
                <Coords points="1790,491 3091,516 3115,455 1791,432"/>
                <Baseline points="1805,485 1869,483 1934,482 1998,482 2063,481 2128,482 2192,482 2257,483 2322,484 2386,486 2451,487 2516,489 2580,490 2645,491 2710,492 2774,493 2839,494 2904,494 2968,494 3033,494 3098,493"/>
                <TextEquiv>
                    <Unicode>wenn wir sie früher nicht kannten. Denn es fehlt ihnen die Gewalt</Unicode>
                </TextEquiv>
            </TextLine>
            <TextLine id="r1l15" custom="readingOrder {index:14;}">
                <Coords points="483,512 1648,547 1794,538 1795,480 483,483"/>
                <Baseline points="498,523 562,523 626,523 690,523 754,523 818,524 882,525 946,525 1010,526 1074,527 1138,528 1202,529 1266,530 1330,530 1394,531 1458,532 1522,532 1586,533 1650,533 1714,532 1778,532"/>
                <TextEquiv>
                    <Unicode>eine Laune sein will im Leben des passiven Helden, obwohl man</Unicode>
                </TextEquiv>
            </TextLine>
            <TextLine id="r1l16" custom="readingOrder {index:15;}">
                <Coords points="1800,527 3115,547 3096,485 1801,484"/>
                <Baseline points="1817,530 1881,530 1945,529 2009,529 2073,530 2137,530 2201,531 2266,532 2330,532 2394,534 2458,535 2522,535 2586,536 2650,537 2715,538 2779,539 2843,539 2907,540 2971,540 3035,540 3100,539"/>
                <TextEquiv>
                    <Unicode>uns zu überzeugen und zu bannen. Er hätte die Welt von einer</Unicode>
                </TextEquiv>
            </TextLine>
            <TextLine id="r1l17" custom="readingOrder {index:16;}">
                <Coords points="489,568 1790,597 1791,541 489,519"/>
                <Baseline points="504,571 567,571 631,571 694,571 758,571 821,572 885,572 948,572 1012,573 1075,574 1139,574 1202,575 1266,576 1329,577 1393,577 1456,578 1520,579 1583,580 1647,581 1710,582 1774,582"/>
                <TextEquiv>
                    <Unicode>sie warnt, obwohl sie selbst einbekennt, zu solchen Ansprüchen auch</Unicode>
                </TextEquiv>
            </TextLine>
            <TextLine id="r1l18" custom="readingOrder {index:17;}">
                <Coords points="1804,587 3069,606 3118,597 3119,532 1804,535"/>
                <Baseline points="1819,577 1883,576 1947,575 2011,575 2075,576 2139,576 2203,577 2268,579 2332,580 2396,582 2460,583 2524,585 2588,586 2652,588 2717,589 2781,590 2845,590 2909,591 2973,590 3037,589 3102,588"/>
                <TextEquiv>
                    <Unicode>anderen Seite zeigen müssen, wahr und echt, daß wir in ihr zu</Unicode>
                </TextEquiv>
            </TextLine>
            <TextLine id="r1l19" custom="readingOrder {index:18;}">
                <Coords points="478,617 1786,637 1787,591 1683,577 479,574"/>
                <Baseline points="494,619 557,619 621,618 685,618 749,618 813,618 877,619 940,619 1004,620 1068,621 1132,621 1196,622 1260,623 1324,624 1387,625 1451,626 1515,627 1579,628 1643,629 1707,629 1771,630"/>
                <TextEquiv>
                    <Unicode>keinem Worte nach berechtigt zu sein. Sie will aber doch! Ueber</Unicode>
                </TextEquiv>
            </TextLine>
            <TextLine id="r1l20" custom="readingOrder {index:19;}">
                <Coords points="1798,625 3057,653 3119,641 3120,599 1799,585"/>
                <Baseline points="1814,624 1878,624 1943,624 2007,624 2072,625 2136,626 2201,626 2265,627 2330,628 2394,629 2459,630 2523,631 2588,632 2652,633 2717,634 2781,635 2846,636 2910,636 2975,637 3039,637 3104,637"/>
                <TextEquiv>
                    <Unicode>fühlen vermögen. Dies gelang ihm nicht. Und so hat die flüchtige</Unicode>
                </TextEquiv>
            </TextLine>
            <TextLine id="r1l21" custom="readingOrder {index:20;}">
                <Coords points="489,675 1797,680 1797,621 489,619"/>
                <Baseline points="506,665 569,666 633,666 697,666 760,667 824,667 888,668 951,669 1015,669 1079,670 1143,671 1206,671 1270,672 1334,672 1397,673 1461,674 1525,674 1588,675 1652,675 1716,675 1780,675"/>
                <TextEquiv>
                    <Unicode>solchen Widersinn sucht Schnitzler mit kleinen Sentimentalitäten</Unicode>
                </TextEquiv>
            </TextLine>
            <TextLine id="r1l22" custom="readingOrder {index:21;}">
                <Coords points="1792,683 3084,700 3117,641 1793,618"/>
                <Baseline points="1808,675 1872,674 1937,673 2001,673 2066,674 2131,674 2195,675 2260,676 2324,677 2389,678 2454,680 2518,681 2583,682 2647,683 2712,684 2776,684 2841,684 2906,684 2970,684 3035,683 3100,681"/>
                <TextEquiv>
                    <Unicode>Lacerte, welche des Abends durch die Straßen huscht, bei ihrem</Unicode>
                </TextEquiv>
            </TextLine>
            <TextLine id="r1l23" custom="readingOrder {index:22;}">
                <Coords points="487,715 1795,742 1795,670 487,666"/>
                <Baseline points="503,712 566,712 630,712 694,712 758,713 822,714 886,714 949,715 1013,716 1077,717 1141,718 1205,719 1269,719 1333,720 1396,721 1460,722 1524,722 1588,723 1652,723 1716,723 1780,723"/>
                <TextEquiv>
                    <Unicode>mit Aeußerlichkeiten wie Mondenschein 2c. in diesem zweiten Akte</Unicode>
                </TextEquiv>
            </TextLine>
            <TextLine id="r1l24" custom="readingOrder {index:23;}">
                <Coords points="1791,739 3063,750 3109,741 3110,682 1792,684"/>
                <Baseline points="1809,724 1873,723 1937,722 2001,721 2066,721 2130,722 2194,723 2258,724 2323,725 2387,726 2451,728 2515,729 2580,731 2644,732 2708,732 2772,733 2837,733 2901,733 2965,733 3029,731 3094,730"/>
                <TextEquiv>
                    <Unicode>zweiten Versuche, in die dramatische Literatur zu gelangen, nicht</Unicode>
                </TextEquiv>
            </TextLine>
            <TextLine id="r1l25" custom="readingOrder {index:24;}">
                <Coords points="478,772 1799,777 1799,735 1728,728 478,727"/>
                <Baseline points="493,762 557,761 621,761 686,762 750,762 815,762 879,763 944,763 1008,764 1073,765 1137,765 1201,766 1266,767 1330,768 1395,768 1459,769 1524,769 1588,770 1653,770 1717,771 1782,771"/>
                <TextEquiv>
                    <Unicode>zu täuschen. Es mußte eine Parallelscene zu jener des ersten</Unicode>
                </TextEquiv>
            </TextLine>
            <TextLine id="r1l26" custom="readingOrder {index:25;}">
                <Coords points="1803,776 3117,805 3118,737 1804,728"/>
                <Baseline points="1818,768 1882,769 1946,769 2010,770 2074,771 2139,772 2203,773 2267,774 2331,775 2395,777 2460,778 2524,779 2588,780 2652,781 2716,782 2781,782 2845,782 2909,782 2973,781 3037,780 3102,778"/>
                <TextEquiv>
                    <Unicode>siegen können, trotz des Aufwandes von feiner Beobachtungsgabe</Unicode>
                </TextEquiv>
            </TextLine>
            <TextLine id="r1l27" custom="readingOrder {index:26;}">
                <Coords points="474,808 1795,839 1773,774 475,772"/>
                <Baseline points="492,809 556,808 620,808 685,808 749,808 814,808 878,809 942,809 1007,810 1071,811 1136,812 1200,812 1264,813 1329,814 1393,815 1458,815 1522,816 1586,816 1651,817 1715,817 1780,817"/>
                <TextEquiv>
                    <Unicode>Aktes gefunden werden. Statt dieser, mit ernst gezogener Moral</Unicode>
                </TextEquiv>
            </TextLine>
            <TextLine id="r1l28" custom="readingOrder {index:27;}">
                <Coords points="1798,817 3115,864 3116,805 3051,787 1799,775"/>
                <Baseline points="1814,814 1878,814 1942,814 2006,814 2071,815 2135,816 2199,817 2263,819 2328,820 2392,821 2456,823 2520,825 2585,826 2649,828 2713,829 2777,830 2842,831 2906,832 2970,832 3034,832 3099,832"/>
                <TextEquiv>
                    <Unicode>in vielen Dingen, trotz mancher ernster dichterischer Züge, über welche</Unicode>
                </TextEquiv>
            </TextLine>
            <TextLine id="r1l29" custom="readingOrder {index:28;}">
                <Coords points="483,859 1788,874 1788,831 1720,824 484,814"/>
                <Baseline points="498,853 561,853 625,854 688,854 752,855 816,856 879,857 943,858 1007,859 1070,859 1134,861 1198,862 1261,863 1325,864 1389,864 1452,865 1516,866 1580,867 1643,867 1707,868 1771,869"/>
                <TextEquiv>
                    <Unicode>oder brausenden Gefühlen, welche die Herzen erregen, stellte der</Unicode>
                </TextEquiv>
            </TextLine>
            <TextLine id="r1l30" custom="readingOrder {index:29;}">
                <Coords points="1792,862 1880,883 1955,868 1987,878 2013,862 2033,879 2108,870 2130,884 2143,871 2186,872 2186,829 2148,819 2138,829 1900,828 1793,817"/>
                <Baseline points="1808,859 1833,859 1859,859 1885,859 1911,859 1936,859 1962,859 1988,859 2014,860 2040,860 2065,861 2091,862 2117,863 2143,864 2169,866"/>
                <TextEquiv>
                    <Unicode>Schnitzler verfügt.</Unicode>
                </TextEquiv>
            </TextLine>
            <TextLine id="r1l31" custom="readingOrder {index:30;}">
                <Coords points="483,906 1795,927 1795,875 1704,864 484,857"/>
                <Baseline points="501,903 564,904 628,905 692,906 756,907 820,907 884,908 947,908 1011,908 1075,909 1139,909 1203,909 1267,910 1331,910 1394,911 1458,911 1522,912 1586,913 1650,914 1714,916 1778,917"/>
                <TextEquiv>
                    <Unicode>Dichter zwei flache Menschen, das girrende Mädchen und den</Unicode>
                </TextEquiv>
            </TextLine>
            <TextLine id="r1l32" custom="readingOrder {index:31;}">
                <Coords points="1909,905 3089,942 3090,857 1909,866"/>
                <Baseline points="1925,909 1982,911 2039,913 2097,915 2154,916 2212,918 2269,919 2326,920 2384,921 2441,921 2499,922 2556,922 2613,922 2671,922 2728,922 2786,922 2843,922 2900,922 2958,921 3015,921 3073,921"/>
                <TextEquiv>
                    <Unicode>Das „süße Mädel“ bleibt, nach wie vor, ein „dummes Mädel“,</Unicode>
                </TextEquiv>
            </TextLine>
            <TextLine id="r1l33" custom="readingOrder {index:32;}">
                <Coords points="477,962 1779,970 1779,922 1685,914 478,904"/>
                <Baseline points="494,951 557,951 620,952 684,952 747,953 811,953 874,954 937,955 1001,955 1064,956 1128,957 1191,958 1254,958 1318,959 1381,960 1445,961 1508,962 1571,962 1635,963 1698,964 1762,965"/>
                <TextEquiv>
                    <Unicode>seufzenden Studenten, flach, unsinnig grüblerisch und noch klein¬</Unicode>
                </TextEquiv>
            </TextLine>
            <TextLine id="r1l34" custom="readingOrder {index:33;}">
                <Coords points="1791,959 3102,978 3080,906 2520,938 1792,907"/>
                <Baseline points="1808,954 1875,957 1942,959 2009,960 2077,962 2144,963 2211,964 2279,965 2346,966 2413,967 2481,967 2548,968 2615,969 2683,969 2750,969 2817,970 2885,970 2952,971 3019,972 3087,972"/>
                <TextEquiv>
                    <Unicode>das überflüßige Sentimentalität mit großen Geberden verabreicht,</Unicode>
                </TextEquiv>
            </TextLine>
            <TextLine id="r1l35" custom="readingOrder {index:34;}">
                <Coords points="484,1011 1795,1035 1795,970 1665,962 484,955"/>
                <Baseline points="499,996 563,997 627,998 691,999 755,1000 819,1001 883,1002 947,1003 1011,1003 1075,1004 1139,1005 1203,1005 1267,1006 1331,1007 1395,1007 1459,1008 1523,1008 1587,1009 1651,1009 1715,1010 1780,1010"/>
                <TextEquiv>
                    <Unicode>licher zu einander, als man sie bisher erkannt hat. Sie entwickeln</Unicode>
                </TextEquiv>
            </TextLine>
            <TextLine id="r1l36" custom="readingOrder {index:35;}">
                <Coords points="1802,1010 3117,1034 3118,969 1803,961"/>
                <Baseline points="1818,1001 1882,1004 1946,1007 2010,1009 2074,1011 2138,1013 2202,1015 2266,1016 2330,1017 2394,1018 2459,1019 2523,1020 2587,1021 2651,1021 2715,1021 2779,1021 2843,1021 2907,1021 2971,1020 3035,1020 3100,1019"/>
                <TextEquiv>
                    <Unicode>der „fesche Kerl“ welcher statt zu studiren mit Liebeleien die Zeit</Unicode>
                </TextEquiv>
            </TextLine>
            <TextLine id="r1l37" custom="readingOrder {index:36;}">
                <Coords points="477,1056 1785,1070 1766,1018 477,1001"/>
                <Baseline points="492,1045 555,1045 619,1045 683,1045 747,1046 811,1046 875,1047 939,1047 1003,1048 1067,1049 1131,1049 1194,1050 1258,1051 1322,1052 1386,1053 1450,1054 1514,1054 1578,1055 1642,1056 1706,1057 1770,1058"/>
                <TextEquiv>
                    <Unicode>sich nicht, sie wachsen nicht. Und Stillstand ist nirgends sonstwo</Unicode>
                </TextEquiv>
            </TextLine>
            <TextLine id="r1l38" custom="readingOrder {index:37;}">
                <Coords points="1798,1066 3109,1094 3084,1022 1799,1011"/>
                <Baseline points="1814,1049 1877,1051 1941,1054 2005,1057 2069,1058 2133,1060 2197,1062 2261,1064 2325,1065 2389,1066 2453,1067 2516,1068 2580,1068 2644,1068 2708,1069 2772,1069 2836,1069 2900,1068 2964,1068 3028,1068 3092,1067"/>
                <TextEquiv>
                    <Unicode>sich vertreibt, bleibt, trotzdem er dafür mit dem Tode büßt, nach</Unicode>
                </TextEquiv>
            </TextLine>
            <TextLine id="r1l39" custom="readingOrder {index:38;}">
                <Coords points="474,1095 1795,1121 1789,1062 474,1053"/>
                <Baseline points="490,1088 554,1091 618,1092 683,1094 747,1095 812,1096 876,1097 940,1098 1005,1098 1069,1099 1134,1099 1198,1099 1262,1100 1327,1100 1391,1100 1456,1101 1520,1101 1584,1102 1649,1103 1713,1104 1778,1106"/>
                <TextEquiv>
                    <Unicode>eher Rückstand als auf der Bühne. Es erscheinen diese schon in</Unicode>
                </TextEquiv>
            </TextLine>
            <TextLine id="r1l40" custom="readingOrder {index:39;}">
                <Coords points="1797,1107 3069,1132 3117,1126 3118,1074 1797,1072"/>
                <Baseline points="1813,1100 1877,1102 1941,1104 2006,1105 2070,1107 2134,1108 2199,1110 2263,1110 2327,1111 2392,1112 2456,1112 2520,1113 2585,1113 2649,1114 2713,1114 2778,1115 2842,1115 2906,1115 2971,1116 3035,1116 3100,1117"/>
                <TextEquiv>
                    <Unicode>wie vor, ein „dummer Junge". Man hat kein Mitleid mit den</Unicode>
                </TextEquiv>
            </TextLine>
            <TextLine id="r1l41" custom="readingOrder {index:40;}">
                <Coords points="477,1133 1795,1166 1776,1108 478,1097"/>
                <Baseline points="494,1138 558,1138 622,1139 686,1139 751,1140 815,1140 879,1141 943,1142 1008,1143 1072,1144 1136,1145 1200,1147 1265,1148 1329,1149 1393,1150 1457,1151 1522,1152 1586,1153 1650,1154 1714,1155 1779,1156"/>
                <TextEquiv>
                    <Unicode>der Exposition angedeuteten Auseinandersetzungen knapp vor dem</Unicode>
                </TextEquiv>
            </TextLine>
            <TextLine id="r1l42" custom="readingOrder {index:41;}">
                <Coords points="1796,1150 3107,1182 3108,1110 1796,1108"/>
                <Baseline points="1811,1146 1875,1149 1939,1151 2003,1153 2067,1154 2131,1156 2195,1157 2259,1158 2323,1159 2387,1160 2451,1160 2515,1161 2579,1161 2643,1161 2707,1162 2771,1162 2835,1162 2899,1163 2963,1163 3027,1164 3092,1164"/>
                <TextEquiv>
                    <Unicode>Beiden und keine überzeugende Lehre von dem Ganzen, das ein</Unicode>
                </TextEquiv>
            </TextLine>
            <TextLine id="r1l43" custom="readingOrder {index:42;}">
                <Coords points="478,1190 1783,1220 1784,1161 1680,1151 479,1144"/>
                <Baseline points="495,1191 558,1190 622,1190 685,1190 749,1190 813,1190 876,1191 940,1191 1004,1192 1067,1193 1131,1193 1195,1194 1258,1195 1322,1196 1386,1197 1449,1198 1513,1199 1577,1200 1640,1201 1704,1202 1768,1202"/>
                <TextEquiv>
                    <Unicode>Duelle weitschweifig vorgetragen, wie der Ausfluß hysterischer</Unicode>
                </TextEquiv>
            </TextLine>
            <TextLine id="r1l44" custom="readingOrder {index:43;}">
                <Coords points="1787,1199 3114,1242 3115,1151 2838,1184 1788,1154"/>
                <Baseline points="1804,1195 1868,1198 1933,1200 1998,1201 2063,1202 2127,1204 2192,1205 2257,1206 2322,1207 2386,1208 2451,1208 2516,1209 2581,1209 2645,1210 2710,1210 2775,1210 2840,1210 2904,1210 2969,1210 3034,1210 3099,1210"/>
                <TextEquiv>
                    <Unicode>enger Horizont einschränkt, gewinnen können. Der Dichter ver¬</Unicode>
                </TextEquiv>
            </TextLine>
            <TextLine id="r1l45" custom="readingOrder {index:44;}">
                <Coords points="476,1246 1198,1255 1260,1249 1261,1219 1173,1189 1091,1214 477,1187"/>
                <Baseline points="492,1233 529,1233 567,1234 604,1235 642,1237 680,1237 717,1238 755,1239 792,1239 830,1240 868,1241 905,1241 943,1241 980,1242 1018,1242 1056,1242 1093,1242 1131,1242 1168,1242 1206,1241 1244,1241"/>
                <TextEquiv>
                    <Unicode>Empfindungen, die lyrisch sein wollen.</Unicode>
                </TextEquiv>
            </TextLine>
            <TextLine id="r1l46" custom="readingOrder {index:45;}">
                <Coords points="1787,1251 2952,1275 3044,1221 1788,1199"/>
                <Baseline points="1804,1238 1865,1241 1926,1243 1987,1245 2048,1247 2110,1249 2171,1250 2232,1252 2293,1253 2354,1254 2416,1254 2477,1255 2538,1256 2599,1256 2660,1257 2722,1257 2783,1257 2844,1258 2905,1258 2966,1259 3028,1259"/>
                <TextEquiv>
                    <Unicode>mochte es nicht uns dramatisch aufzuregen und zu überzeugen.</Unicode>
                </TextEquiv>
            </TextLine>
            <TextLine id="r1l47" custom="readingOrder {index:46;}">
                <Coords points="589,1295 1792,1326 1793,1258 589,1255"/>
                <Baseline points="605,1284 663,1286 722,1287 780,1288 839,1289 897,1290 956,1291 1014,1291 1073,1291 1131,1291 1190,1291 1249,1291 1307,1291 1366,1292 1424,1292 1483,1293 1541,1294 1600,1295 1658,1297 1717,1300 1776,1302"/>
                <TextEquiv>
                    <Unicode>Man kann sich zudem des Ueberdrußes nicht erwehren,</Unicode>
                </TextEquiv>
            </TextLine>
            <TextLine id="r1l48" custom="readingOrder {index:47;}">
                <Coords points="1905,1296 3112,1316 3113,1257 3071,1253 1906,1257"/>
                <Baseline points="1920,1289 1978,1292 2037,1294 2096,1297 2155,1298 2214,1300 2272,1301 2331,1302 2390,1303 2449,1304 2508,1304 2566,1305 2625,1305 2684,1305 2743,1305 2802,1306 2860,1306 2919,1307 2978,1308 3037,1309 3096,1310"/>
                <TextEquiv>
                    <Unicode>Die Darstellung im Burgtheuter bot eine Ueberraschung</Unicode>
                </TextEquiv>
            </TextLine>
            <TextLine id="r1l49" custom="readingOrder {index:48;}">
                <Coords points="471,1345 1786,1354 1767,1305 472,1283"/>
                <Baseline points="488,1331 552,1332 616,1332 680,1332 744,1333 808,1334 872,1334 936,1335 1000,1336 1064,1337 1128,1337 1192,1339 1256,1340 1320,1341 1384,1342 1448,1343 1512,1344 1576,1346 1640,1347 1704,1349 1768,1351"/>
                <TextEquiv>
                    <Unicode>in dem Wiener Grisettenheim einen alten Vater zu finden,</Unicode>
                </TextEquiv>
            </TextLine>
            <TextLine id="r1l50" custom="readingOrder {index:49;}">
                <Coords points="1796,1337 3117,1389 3117,1317 3069,1313 1797,1288"/>
                <Baseline points="1812,1335 1876,1338 1940,1341 2005,1343 2069,1345 2133,1346 2198,1347 2262,1348 2326,1348 2391,1349 2455,1349 2519,1350 2584,1350 2648,1350 2712,1351 2777,1351 2841,1352 2905,1353 2970,1354 3034,1355 3099,1357"/>
                <TextEquiv>
                    <Unicode>durch Fräulein Kalling. Die sonst so unbehilfliche Schauspielerin</Unicode>
                </TextEquiv>
            </TextLine>
            <TextLine id="r1l51" custom="readingOrder {index:50;}">
                <Coords points="474,1383 1792,1413 1793,1351 475,1341"/>
                <Baseline points="492,1377 556,1378 620,1379 684,1380 748,1381 813,1382 877,1383 941,1384 1005,1385 1069,1386 1134,1387 1198,1388 1262,1389 1326,1390 1390,1391 1455,1392 1519,1392 1583,1393 1647,1394 1711,1395 1776,1396"/>
                <TextEquiv>
                    <Unicode>der unwahrscheinlich scheint. Der alte Weiring mit seiner schiefen</Unicode>
                </TextEquiv>
            </TextLine>
            <TextLine id="r1l52" custom="readingOrder {index:51;}">
                <Coords points="1797,1394 2959,1425 3108,1411 3109,1369 1798,1351"/>
                <Baseline points="1815,1390 1878,1390 1942,1391 2006,1391 2070,1392 2134,1393 2198,1394 2262,1395 2326,1396 2390,1397 2454,1398 2517,1399 2581,1400 2645,1401 2709,1402 2773,1403 2837,1403 2901,1404 2965,1404 3029,1404 3093,1404"/>
                <TextEquiv>
                    <Unicode>zeichnete eine Schlager Mizzi frisch von der Ringstraße weg. Da</Unicode>
                </TextEquiv>
            </TextLine>
            <TextLine id="r1l53" custom="readingOrder {index:52;}">
                <Coords points="470,1446 1798,1456 1798,1401 471,1384"/>
                <Baseline points="486,1430 550,1430 615,1430 680,1429 745,1430 810,1430 874,1430 939,1431 1004,1431 1069,1432 1134,1433 1198,1433 1263,1434 1328,1435 1393,1436 1458,1437 1522,1438 1587,1439 1652,1440 1717,1441 1782,1442"/>
                <TextEquiv>
                    <Unicode>Moral ist ein unnatürlicher Komödienvater, der abstößt, weil er</Unicode>
                </TextEquiv>
            </TextLine>
            <TextLine id="r1l54" custom="readingOrder {index:53;}">
                <Coords points="1784,1435 3109,1452 3109,1410 2995,1402 1785,1403"/>
                <Baseline points="1802,1434 1866,1436 1931,1437 1995,1439 2060,1440 2124,1441 2189,1442 2253,1443 2318,1444 2382,1445 2447,1445 2512,1446 2576,1447 2641,1448 2705,1448 2770,1449 2834,1449 2899,1450 2963,1451 3028,1451 3093,1452"/>
                <TextEquiv>
                    <Unicode>war jeder Zug ebenso echt und wahr wie an ihrem Partner, Herrn</Unicode>
                </TextEquiv>
            </TextLine>
            <TextLine id="r1l55" custom="readingOrder {index:54;}">
                <Coords points="475,1482 1790,1494 1790,1458 1621,1436 476,1440"/>
                <Baseline points="493,1480 560,1478 627,1478 694,1477 762,1477 829,1477 896,1478 964,1479 1031,1480 1098,1481 1166,1482 1233,1483 1300,1484 1368,1485 1435,1486 1502,1487 1570,1488 1637,1488 1704,1489 1772,1489"/>
                <TextEquiv>
                    <Unicode>nichts sonst als der Träger einer These ist, die gegen alle Wahr¬</Unicode>
                </TextEquiv>
            </TextLine>
            <TextLine id="r1l56" custom="readingOrder {index:55;}">
                <Coords points="1795,1492 2956,1518 3119,1504 3120,1455 1796,1440"/>
                <Baseline points="1811,1480 1875,1482 1940,1484 2004,1485 2069,1487 2134,1488 2198,1490 2263,1491 2327,1492 2392,1494 2457,1495 2521,1496 2586,1496 2650,1497 2715,1498 2779,1498 2844,1498 2909,1498 2973,1498 3038,1497 3103,1497"/>
                <TextEquiv>
                    <Unicode>Zeska, der den Theodor Kaiser gab. Fräulein Sandrock</Unicode>
                </TextEquiv>
            </TextLine>
            <TextLine id="r1l57" custom="readingOrder {index:56;}">
                <Coords points="481,1537 1789,1539 1770,1493 481,1488"/>
                <Baseline points="497,1528 560,1527 624,1526 688,1526 752,1526 815,1526 879,1526 943,1527 1007,1527 1070,1528 1134,1528 1198,1529 1262,1530 1325,1531 1389,1532 1453,1533 1517,1534 1580,1535 1644,1535 1708,1536 1772,1537"/>
                <TextEquiv>
                    <Unicode>scheinlichkeit sich auflehnt und seiner Gestalt jede männliche Würde</Unicode>
                </TextEquiv>
            </TextLine>
            <TextLine id="r1l58" custom="readingOrder {index:57;}">
                <Coords points="1797,1528 3118,1557 3119,1505 3044,1498 1798,1492"/>
                <Baseline points="1813,1527 1877,1530 1941,1533 2006,1535 2070,1537 2135,1539 2199,1541 2263,1542 2328,1543 2392,1544 2457,1544 2521,1545 2585,1545 2650,1545 2714,1545 2779,1545 2843,1545 2907,1545 2972,1546 3036,1546 3101,1546"/>
                <TextEquiv>
                    <Unicode>traf als Christine den Ton des Wienerthums nicht; sie wußte</Unicode>
                </TextEquiv>
            </TextLine>
            <TextLine id="r1l59" custom="readingOrder {index:58;}">
                <Coords points="467,1603 1727,1600 1782,1594 1783,1545 468,1547"/>
                <Baseline points="484,1575 548,1575 612,1575 676,1575 740,1575 804,1576 868,1576 932,1577 996,1578 1060,1579 1125,1580 1189,1581 1253,1582 1317,1582 1381,1583 1445,1584 1509,1585 1573,1585 1637,1586 1701,1586 1766,1586"/>
                <TextEquiv>
                    <Unicode>raubt. Er müßte wenigstens blind sein, wie der alte Nowak in</Unicode>
                </TextEquiv>
            </TextLine>
            <TextLine id="r1l60" custom="readingOrder {index:59;}">
                <Coords points="1793,1587 3091,1611 3111,1552 1793,1529"/>
                <Baseline points="1809,1580 1873,1581 1937,1582 2001,1583 2066,1584 2130,1585 2194,1586 2259,1587 2323,1588 2387,1589 2452,1590 2516,1591 2580,1592 2644,1592 2709,1593 2773,1593 2837,1593 2902,1593 2966,1592 3030,1592 3095,1591"/>
                <TextEquiv>
                    <Unicode>jedoch später durch innige Schlichtheit zu gewinnen. Herr Mitter¬</Unicode>
                </TextEquiv>
            </TextLine>
            <TextLine id="r1l61" custom="readingOrder {index:60;}">
                <Coords points="480,1631 1792,1639 1792,1591 1720,1583 481,1579"/>
                <Baseline points="498,1625 561,1624 625,1623 689,1622 753,1622 817,1622 880,1622 944,1622 1008,1622 1072,1623 1136,1623 1199,1624 1263,1625 1327,1626 1391,1627 1455,1628 1518,1629 1582,1631 1646,1632 1710,1633 1774,1634"/>
                <TextEquiv>
                    <Unicode>„Gefallene Engel“, der den noblen Herrn in seiner wahren Gestalt</Unicode>
                </TextEquiv>
            </TextLine>
            <TextLine id="r1l62" custom="readingOrder {index:61;}">
                <Coords points="1795,1643 3100,1659 3100,1607 2951,1592 1796,1578"/>
                <Baseline points="1812,1625 1875,1627 1939,1629 2002,1630 2066,1632 2130,1633 2193,1635 2257,1637 2320,1638 2384,1639 2448,1640 2511,1641 2575,1642 2638,1642 2702,1643 2766,1643 2829,1642 2893,1642 2956,1641 3020,1640 3084,1639"/>
                <TextEquiv>
                    <Unicode>wurzer, der nur einige Sätze zu sagen hat, war eben Mitter¬</Unicode>
                </TextEquiv>
            </TextLine>
            <TextLine id="r1l63" custom="readingOrder {index:62;}">
                <Coords points="476,1682 590,1699 636,1670 720,1687 815,1675 815,1639 782,1645 769,1632 711,1622 529,1637 477,1630"/>
                <Baseline points="494,1667 519,1669 544,1669 570,1670 595,1670 620,1670 646,1669 671,1669 696,1669 722,1669 747,1670 772,1671 798,1673"/>
                <TextEquiv>
                    <Unicode>nicht erkennt.</Unicode>
                </TextEquiv>
            </TextLine>
            <TextLine id="r1l64" custom="readingOrder {index:63;}">
                <Coords points="1786,1684 3110,1710 3111,1628 1787,1632"/>
                <Baseline points="1802,1675 1866,1676 1931,1677 1995,1678 2060,1679 2125,1680 2189,1681 2254,1682 2318,1683 2383,1684 2448,1685 2512,1685 2577,1686 2641,1686 2706,1687 2770,1687 2835,1687 2900,1687 2964,1687 3029,1687 3094,1687"/>
                <TextEquiv>
                    <Unicode>wurzer. Das genügte, um der Gestalt, welche als „ein Herr“ auf dem</Unicode>
                </TextEquiv>
            </TextLine>
            <TextLine id="r1l65" custom="readingOrder {index:64;}">
                <Coords points="588,1710 1782,1742 1783,1687 1689,1663 589,1680"/>
                <Baseline points="605,1718 663,1719 721,1719 779,1720 837,1720 895,1720 953,1720 1011,1720 1069,1720 1127,1721 1186,1721 1244,1721 1302,1721 1360,1722 1418,1722 1476,1723 1534,1724 1592,1725 1650,1727 1708,1729 1767,1731"/>
                <TextEquiv>
                    <Unicode>Man muß ihn sittlich weit tiefer noch stellen, als Vater</Unicode>
                </TextEquiv>
            </TextLine>
            <TextLine id="r1l66" custom="readingOrder {index:65;}">
                <Coords points="1791,1724 3072,1748 3122,1684 1791,1682"/>
                <Baseline points="1806,1723 1870,1724 1935,1725 2000,1726 2065,1727 2130,1728 2195,1729 2260,1729 2325,1730 2390,1731 2455,1732 2519,1732 2584,1733 2649,1734 2714,1734 2779,1735 2844,1735 2909,1736 2974,1736 3039,1737 3104,1737"/>
                <TextEquiv>
                    <Unicode>Zettel bezeichner ist, frisches Leben einzujagen. Er spielte mit seinen</Unicode>
                </TextEquiv>
            </TextLine>
            <TextLine id="r1l67" custom="readingOrder {index:66;}">
                <Coords points="484,1768 1782,1784 1782,1742 1656,1728 484,1726"/>
                <Baseline points="500,1767 563,1767 626,1767 689,1767 753,1767 816,1767 879,1768 943,1768 1006,1768 1069,1769 1133,1770 1196,1770 1259,1771 1322,1772 1386,1773 1449,1773 1512,1775 1576,1775 1639,1777 1702,1778 1766,1779"/>
                <TextEquiv>
                    <Unicode>Heinike in Sudermann's „Ehre“, der wenigstens für keinen Ehren¬</Unicode>
                </TextEquiv>
            </TextLine>
            <TextLine id="r1l68" custom="readingOrder {index:67;}">
                <Coords points="1790,1789 3026,1802 3111,1786 3112,1734 1791,1708"/>
                <Baseline points="1806,1768 1870,1769 1935,1771 1999,1772 2064,1773 2128,1775 2193,1776 2257,1777 2322,1778 2386,1779 2451,1780 2515,1780 2580,1781 2644,1782 2709,1782 2773,1783 2838,1783 2902,1783 2967,1784 3031,1784 3096,1784"/>
                <TextEquiv>
                    <Unicode>paar Worten den Fritz Lobheimer des Herrn Kutschera nieder,</Unicode>
                </TextEquiv>
            </TextLine>
            <TextLine id="r1l69" custom="readingOrder {index:68;}">
                <Coords points="477,1826 1785,1836 1762,1781 477,1764"/>
                <Baseline points="494,1815 557,1815 621,1815 685,1816 748,1816 812,1816 876,1817 939,1817 1003,1818 1067,1818 1131,1819 1194,1819 1258,1820 1322,1820 1385,1821 1449,1822 1513,1822 1576,1823 1640,1823 1704,1824 1768,1825"/>
                <TextEquiv>
                    <Unicode>mann gelten will und freimüthig herausbekennt: er freue sich der</Unicode>
                </TextEquiv>
            </TextLine>
            <TextLine id="r1l70" custom="readingOrder {index:69;}">
                <Coords points="1787,1831 3115,1843 3112,1787 1788,1763"/>
                <Baseline points="1805,1816 1869,1818 1934,1820 1999,1822 2063,1823 2128,1825 2193,1826 2257,1827 2322,1828 2387,1829 2452,1830 2516,1830 2581,1831 2646,1832 2710,1832 2775,1833 2840,1833 2904,1834 2969,1835 3034,1835 3099,1836"/>
                <TextEquiv>
                    <Unicode>der in dieser Scene hilfloser war, als ihn der Dichter gebacht</Unicode>
                </TextEquiv>
            </TextLine>
            <TextLine id="r1l71" custom="readingOrder {index:70;}">
                <Coords points="476,1871 1797,1876 1797,1834 1706,1827 476,1819"/>
                <Baseline points="493,1861 557,1862 621,1863 686,1864 750,1864 814,1865 879,1865 943,1865 1007,1865 1072,1866 1136,1866 1200,1866 1265,1866 1329,1867 1393,1867 1458,1867 1522,1868 1586,1869 1651,1870 1715,1871 1780,1872"/>
                <TextEquiv>
                    <Unicode>Liebschaft seiner Tochter, welche dadurch in eine materiell bessere</Unicode>
                </TextEquiv>
            </TextLine>
            <TextLine id="r1l72" custom="readingOrder {index:71;}">
                <Coords points="1791,1878 3112,1898 3113,1837 1792,1816"/>
                <Baseline points="1808,1864 1872,1867 1936,1868 2001,1870 2065,1871 2129,1872 2194,1873 2258,1874 2322,1875 2387,1876 2451,1876 2515,1877 2580,1877 2644,1878 2708,1878 2773,1879 2837,1880 2901,1881 2966,1882 3030,1883 3095,1884"/>
                <TextEquiv>
                    <Unicode>haben mochte. Herr Kutschera beherrscht das Wort noch lange</Unicode>
                </TextEquiv>
            </TextLine>
            <TextLine id="r1l73" custom="readingOrder {index:72;}">
                <Coords points="476,1924 1781,1931 1781,1882 1635,1874 476,1868"/>
                <Baseline points="494,1909 557,1910 621,1910 684,1911 748,1911 812,1911 875,1911 939,1912 1002,1912 1066,1912 1130,1913 1193,1913 1257,1914 1320,1914 1384,1915 1448,1916 1511,1916 1575,1917 1638,1918 1702,1920 1766,1921"/>
                <TextEquiv>
                    <Unicode>Situation kommt, damit er daraus dann selber Nutzen ziehe! Der</Unicode>
                </TextEquiv>
            </TextLine>
            <TextLine id="r1l74" custom="readingOrder {index:73;}">
                <Coords points="1782,1913 3103,1934 3104,1879 1783,1877"/>
                <Baseline points="1800,1913 1864,1914 1928,1915 1993,1916 2057,1917 2121,1918 2186,1919 2250,1920 2314,1921 2379,1922 2443,1923 2507,1924 2572,1925 2636,1926 2700,1927 2765,1928 2829,1928 2893,1929 2958,1929 3022,1930 3087,1930"/>
                <TextEquiv>
                    <Unicode>nicht; seine Sprache ist unklar und schwerfällig. Er wird erst nach</Unicode>
                </TextEquiv>
            </TextLine>
            <TextLine id="r1l75" custom="readingOrder {index:74;}">
                <Coords points="474,1969 1789,2000 1789,1932 1679,1918 475,1921"/>
                <Baseline points="492,1959 556,1960 620,1960 684,1960 748,1961 812,1961 876,1961 940,1961 1004,1962 1068,1962 1133,1962 1197,1963 1261,1963 1325,1964 1389,1965 1453,1965 1517,1966 1581,1968 1645,1969 1709,1971 1774,1972"/>
                <TextEquiv>
                    <Unicode>alte Weiring hingegen treibt die sentimentale Moral: werde schlecht,</Unicode>
                </TextEquiv>
            </TextLine>
            <TextLine id="r1l76" custom="readingOrder {index:75;}">
                <Coords points="1795,1971 3119,1998 3097,1923 1795,1923"/>
                <Baseline points="1810,1960 1874,1962 1939,1963 2004,1964 2068,1965 2133,1966 2198,1968 2262,1969 2327,1970 2392,1971 2457,1972 2521,1973 2586,1974 2651,1974 2715,1975 2780,1975 2845,1975 2909,1976 2974,1976 3039,1975 3104,1975"/>
                <TextEquiv>
                    <Unicode>fleißigem Studium sich in den Rahmen des Burgtheaters fügen</Unicode>
                </TextEquiv>
            </TextLine>
            <TextLine id="r1l77" custom="readingOrder {index:76;}">
                <Coords points="486,2008 1644,2023 1618,1971 486,1963"/>
                <Baseline points="501,2005 557,2004 613,2004 670,2004 726,2004 782,2004 839,2004 895,2005 951,2006 1008,2007 1064,2007 1120,2008 1177,2009 1233,2009 1289,2010 1346,2010 1402,2011 1458,2011 1515,2010 1571,2010 1628,2009"/>
                <TextEquiv>
                    <Unicode>damit Du wenigstens eine Erinnerung für's Leben habest.</Unicode>
                </TextEquiv>
            </TextLine>
            <TextLine id="r1l78" custom="readingOrder {index:77;}">
                <Coords points="1796,2009 3087,2043 3108,1972 1796,1970"/>
                <Baseline points="1811,2012 1875,2013 1939,2013 2003,2014 2067,2015 2131,2016 2195,2017 2259,2018 2323,2018 2387,2019 2451,2020 2515,2021 2579,2022 2643,2023 2707,2023 2771,2024 2835,2024 2899,2025 2963,2025 3027,2025 3092,2025"/>
                <TextEquiv>
                    <Unicode>lernen. Frl. Walbeck in der Rolle der Frau des Strumpfwirkers</Unicode>
                </TextEquiv>
            </TextLine>
            <TextLine id="r1l79" custom="readingOrder {index:78;}">
                <Coords points="588,2067 1714,2078 1779,2069 1779,2010 588,2025"/>
                <Baseline points="605,2056 666,2056 727,2055 788,2055 849,2055 910,2055 971,2055 1032,2054 1093,2054 1154,2054 1215,2055 1276,2055 1337,2055 1398,2056 1459,2057 1520,2058 1581,2060 1642,2062 1703,2064 1764,2067"/>
                <TextEquiv>
                    <Unicode>Heinike muß erst von seinem Weibe dazu bekehrt werden.</Unicode>
                </TextEquiv>
            </TextLine>
            <TextLine id="r1l80" custom="readingOrder {index:79;}">
                <Coords points="1795,2073 3117,2064 3114,2028 1796,2008"/>
                <Baseline points="1812,2057 1876,2058 1940,2059 2005,2059 2069,2060 2133,2061 2198,2062 2262,2063 2326,2064 2391,2064 2455,2065 2519,2066 2584,2067 2648,2067 2712,2068 2777,2069 2841,2070 2905,2071 2970,2072 3034,2073 3099,2075"/>
                <TextEquiv>
                    <Unicode>brachte alle Farbe des Wienerthums auf die Bühne. Herr Sonnen¬</Unicode>
                </TextEquiv>
            </TextLine>
            <TextLine id="r1l81" custom="readingOrder {index:80;}">
                <Coords points="475,2104 1786,2125 1764,2069 748,2071 475,2029"/>
                <Baseline points="491,2098 554,2098 618,2098 682,2098 746,2099 810,2099 874,2099 937,2100 1001,2100 1065,2101 1129,2102 1193,2102 1257,2103 1321,2104 1384,2105 1448,2106 1512,2107 1576,2108 1640,2109 1704,2111 1768,2112"/>
                <TextEquiv>
                    <Unicode>Er hat noch ein Fünkchen von Ehre, das ihm der krasse Egoismus</Unicode>
                </TextEquiv>
            </TextLine>
            <TextLine id="r1l82" custom="readingOrder {index:81;}">
                <Coords points="1782,2103 3119,2119 3080,2069 1782,2067"/>
                <Baseline points="1799,2104 1864,2105 1929,2106 1994,2107 2060,2108 2125,2109 2190,2110 2255,2111 2321,2112 2386,2112 2451,2113 2516,2114 2582,2114 2647,2115 2712,2115 2777,2116 2843,2117 2908,2118 2973,2118 3038,2119 3104,2120"/>
                <TextEquiv>
                    <Unicode>#thal, der alte Weiring, rührte — nicht mehr! Es war gut, daß</Unicode>
                </TextEquiv>
            </TextLine>
            <TextLine id="r1l83" custom="readingOrder {index:82;}">
                <Coords points="482,2155 1790,2163 1790,2115 482,2103"/>
                <Baseline points="498,2145 561,2146 625,2147 689,2148 753,2148 817,2149 880,2149 944,2149 1008,2149 1072,2149 1136,2150 1199,2150 1263,2150 1327,2151 1391,2151 1455,2152 1518,2153 1582,2155 1646,2156 1710,2159 1774,2161"/>
                <TextEquiv>
                    <Unicode>der Mutter aus dem Hinterhause einlullt und schwinden macht.</Unicode>
                </TextEquiv>
            </TextLine>
            <TextLine id="r1l84" custom="readingOrder {index:83;}">
                <Coords points="1791,2159 3115,2181 3106,2119 1792,2103"/>
                <Baseline points="1806,2156 1870,2156 1935,2156 2000,2156 2064,2157 2129,2158 2194,2158 2258,2159 2323,2160 2388,2161 2453,2161 2517,2162 2582,2163 2647,2164 2711,2164 2776,2165 2841,2166 2905,2166 2970,2166 3035,2166 3100,2166"/>
                <TextEquiv>
                    <Unicode>im Burgtheater die Jugend der Wiener Dichter die Probe hat</Unicode>
                </TextEquiv>
            </TextLine>
            <TextLine id="r1l85" custom="readingOrder {index:84;}">
                <Coords points="597,2205 1778,2214 1778,2168 1726,2164 597,2163"/>
                <Baseline points="612,2192 669,2194 726,2195 784,2197 841,2198 899,2198 956,2199 1014,2199 1071,2199 1129,2199 1186,2199 1243,2199 1301,2200 1358,2200 1416,2200 1473,2201 1531,2202 1588,2203 1646,2205 1703,2207 1761,2210"/>
                <TextEquiv>
                    <Unicode>Dem alten Weiring jedoch fehlt auch diese Regung der</Unicode>
                </TextEquiv>
            </TextLine>
            <TextLine id="r1l86" custom="readingOrder {index:85;}">
                <Coords points="1785,2218 3089,2240 3129,2166 1785,2160"/>
                <Baseline points="1800,2198 1865,2200 1931,2201 1996,2203 2062,2205 2128,2206 2193,2207 2259,2208 2325,2209 2390,2210 2456,2211 2522,2211 2587,2212 2653,2213 2719,2213 2784,2214 2850,2215 2916,2216 2981,2217 3047,2217 3113,2218"/>
                <TextEquiv>
                    <Unicode>bestehen dürfen. Man konnte sehen, wie weit, in guter Darstellung</Unicode>
                </TextEquiv>
            </TextLine>
            <TextLine id="r1l87" custom="readingOrder {index:86;}">
                <Coords points="476,2239 1787,2269 1788,2211 477,2200"/>
                <Baseline points="493,2244 556,2244 620,2244 684,2244 748,2245 812,2245 876,2245 939,2246 1003,2246 1067,2247 1131,2248 1195,2248 1259,2249 1323,2249 1386,2250 1450,2251 1514,2251 1578,2252 1642,2252 1706,2253 1770,2253"/>
                <TextEquiv>
                    <Unicode>Männlichkeit. Man kann den Schwachkopf nicht ernst nehmen; er</Unicode>
                </TextEquiv>
            </TextLine>
            <TextLine id="r1l88" custom="readingOrder {index:87;}">
                <Coords points="1785,2248 1892,2276 2663,2264 2664,2215 1786,2206"/>
                <Baseline points="1800,2245 1842,2246 1884,2247 1927,2248 1969,2249 2012,2250 2054,2252 2096,2253 2139,2254 2181,2255 2224,2256 2266,2257 2308,2258 2351,2259 2393,2259 2436,2260 2478,2260 2520,2259 2563,2259 2605,2258 2648,2257"/>
                <TextEquiv>
                    <Unicode>und vorzüglicher Regie, ihre Wirkung geht.</Unicode>
                </TextEquiv>
            </TextLine>
            <TextLine id="r1l89" custom="readingOrder {index:88;}">
                <Coords points="482,2299 1744,2318 1771,2263 482,2240"/>
                <Baseline points="497,2291 559,2291 622,2290 685,2290 748,2291 811,2291 873,2292 936,2292 999,2293 1062,2294 1125,2295 1187,2296 1250,2297 1313,2297 1376,2298 1439,2299 1501,2299 1564,2300 1627,2300 1690,2300 1753,2300"/>
                <TextEquiv>
                    <Unicode>ist wider die Natur, ob er nun der künstlich hereingezerrten Strumpf¬</Unicode>
                </TextEquiv>
            </TextLine>
            <TextLine id="r1l90" custom="readingOrder {index:89;}">
                <Coords points="1904,2314 3043,2330 3111,2324 3112,2259 1905,2256"/>
                <Baseline points="1922,2291 1980,2294 2039,2297 2097,2300 2156,2302 2215,2303 2273,2305 2332,2306 2391,2307 2449,2308 2508,2309 2567,2309 2625,2309 2684,2310 2743,2310 2801,2310 2860,2310 2919,2310 2977,2310 3036,2311 3095,2311"/>
                <TextEquiv>
                    <Unicode>Vor dem Wiener Autor kam der Italiener Giacosa zu</Unicode>
                </TextEquiv>
            </TextLine>
            <TextLine id="r1l91" custom="readingOrder {index:90;}">
                <Coords points="482,2348 1783,2369 1784,2310 482,2299"/>
                <Baseline points="497,2341 560,2340 623,2340 687,2340 750,2339 814,2340 877,2340 941,2340 1004,2341 1068,2341 1131,2342 1194,2343 1258,2344 1321,2345 1385,2346 1448,2347 1512,2349 1575,2350 1639,2351 1702,2352 1766,2353"/>
                <TextEquiv>
                    <Unicode>wirkersgattin Binder umständlich das Warum seiner Moral erklärt,</Unicode>
                </TextEquiv>
            </TextLine>
            <TextLine id="r1l92" custom="readingOrder {index:91;}">
                <Coords points="1784,2362 3027,2376 3101,2370 3102,2311 1784,2294"/>
                <Baseline points="1799,2343 1863,2345 1927,2346 1991,2348 2056,2349 2120,2350 2184,2351 2249,2352 2313,2353 2377,2354 2442,2354 2506,2355 2570,2355 2634,2356 2699,2356 2763,2356 2827,2357 2892,2357 2956,2358 3020,2358 3085,2358"/>
                <TextEquiv>
                    <Unicode>Wort. „Recht der Seele“ nennt sich der Einacter, welcher</Unicode>
                </TextEquiv>
            </TextLine>
            <TextLine id="r1l93" custom="readingOrder {index:92;}">
                <Coords points="475,2394 1790,2417 1790,2356 1624,2347 476,2358"/>
                <Baseline points="491,2387 555,2388 619,2388 683,2388 747,2388 811,2388 875,2388 939,2388 1003,2389 1067,2389 1132,2389 1196,2389 1260,2390 1324,2391 1388,2392 1452,2393 1516,2395 1580,2397 1644,2399 1708,2402 1773,2405"/>
                <TextEquiv>
                    <Unicode>oder ob er den Schatten seiner verewigten Schwester anruft, um</Unicode>
                </TextEquiv>
            </TextLine>
            <TextLine id="r1l94" custom="readingOrder {index:93;}">
                <Coords points="1791,2405 3096,2409 3096,2370 2927,2358 1792,2356"/>
                <Baseline points="1807,2393 1870,2393 1934,2393 1997,2393 2061,2394 2125,2395 2188,2396 2252,2397 2315,2398 2379,2399 2443,2400 2506,2401 2570,2402 2633,2403 2697,2404 2761,2405 2824,2405 2888,2406 2951,2406 3015,2406 3079,2406"/>
                <TextEquiv>
                    <Unicode>im Sinne des Henry Becque und Porte=Riche Seelenzustände ver¬</Unicode>
                </TextEquiv>
            </TextLine>
            <TextLine id="r1l95" custom="readingOrder {index:94;}">
                <Coords points="484,2462 601,2440 920,2461 959,2441 1200,2439 1200,2397 1116,2387 484,2397"/>
                <Baseline points="501,2437 535,2436 569,2435 603,2434 637,2434 671,2434 705,2434 739,2435 773,2435 807,2436 842,2436 876,2437 910,2437 944,2437 978,2438 1012,2438 1046,2438 1080,2437 1114,2437 1148,2436 1183,2435"/>
                <TextEquiv>
                    <Unicode>seine Empfindlichkeit zu motiviren.</Unicode>
                </TextEquiv>
            </TextLine>
            <TextLine id="r1l96" custom="readingOrder {index:95;}">
                <Coords points="1795,2449 3106,2455 3106,2406 1795,2403"/>
                <Baseline points="1812,2443 1879,2443 1946,2444 2013,2445 2081,2446 2148,2446 2215,2447 2283,2448 2350,2449 2417,2450 2485,2450 2552,2451 2619,2452 2687,2452 2754,2453 2821,2453 2889,2454 2956,2454 3023,2454 3091,2455"/>
                <TextEquiv>
                    <Unicode>tiefen will. Anna liebt einen Freund ihres Mannes. Sie kämpft</Unicode>
                </TextEquiv>
            </TextLine>
            <TextLine id="r1l97" custom="readingOrder {index:96;}">
                <Coords points="589,2485 1692,2518 1783,2499 1784,2460 590,2443"/>
                <Baseline points="606,2482 664,2483 722,2484 780,2484 838,2485 896,2486 954,2486 1012,2487 1070,2487 1128,2488 1186,2488 1244,2488 1302,2489 1360,2489 1418,2490 1476,2490 1534,2491 1592,2492 1650,2492 1708,2493 1766,2494"/>
                <TextEquiv>
                    <Unicode>Es fehlt diesem zweiten Akte die Steigerung, das Interesse</Unicode>
                </TextEquiv>
            </TextLine>
            <TextLine id="r1l98" custom="readingOrder {index:97;}">
                <Coords points="1790,2499 3075,2516 3112,2464 1791,2444"/>
                <Baseline points="1806,2488 1870,2489 1934,2489 1999,2490 2063,2491 2128,2492 2192,2493 2257,2494 2321,2495 2386,2496 2450,2497 2514,2498 2579,2499 2643,2499 2708,2500 2772,2501 2837,2502 2901,2502 2966,2502 3030,2503 3095,2503"/>
                <TextEquiv>
                    <Unicode>mit ihren Gefühlen und bleibt die treue Gattin. Der Freund tödtet</Unicode>
                </TextEquiv>
            </TextLine>
            <TextLine id="r1l99" custom="readingOrder {index:98;}">
                <Coords points="471,2533 1792,2558 1793,2496 1604,2478 472,2494"/>
                <Baseline points="488,2533 552,2533 616,2533 681,2532 745,2532 809,2533 874,2533 938,2533 1002,2533 1067,2534 1131,2534 1195,2535 1260,2536 1324,2537 1388,2537 1453,2538 1517,2540 1581,2541 1646,2542 1710,2543 1775,2545"/>
                <TextEquiv>
                    <Unicode>neuer Ueberraschungen, die zwingende Wahrhaftigkeit und der</Unicode>
                </TextEquiv>
            </TextLine>
            <TextLine id="r1l100" custom="readingOrder {index:99;}">
                <Coords points="1794,2542 3021,2567 3112,2552 3113,2503 1795,2497"/>
                <Baseline points="1810,2538 1874,2538 1938,2539 2002,2540 2067,2541 2131,2542 2195,2543 2259,2543 2324,2544 2388,2545 2452,2545 2516,2546 2581,2546 2645,2547 2709,2547 2773,2548 2838,2548 2902,2549 2966,2549 3030,2550 3095,2550"/>
                <TextEquiv>
                    <Unicode>sich aus unerwiderter Liebe zu ihr. In den nachgelassenen Briefen</Unicode>
                </TextEquiv>
            </TextLine>
            <TextLine id="r1l101" custom="readingOrder {index:100;}">
                <Coords points="476,2591 1784,2589 1784,2547 1674,2539 476,2539"/>
                <Baseline points="493,2584 556,2583 620,2582 683,2582 747,2581 811,2581 874,2582 938,2582 1002,2582 1065,2583 1129,2584 1193,2584 1256,2585 1320,2586 1384,2587 1447,2588 1511,2589 1575,2590 1638,2591 1702,2591 1766,2592"/>
                <TextEquiv>
                    <Unicode>Hintergrund eines gewinnenden Gedankens. Er könnte ruhig ge¬</Unicode>
                </TextEquiv>
            </TextLine>
            <TextLine id="r1l102" custom="readingOrder {index:101;}">
                <Coords points="1787,2600 3059,2617 3114,2612 3115,2569 1788,2545"/>
                <Baseline points="1803,2586 1867,2587 1932,2587 1997,2588 2062,2589 2127,2590 2191,2591 2256,2592 2321,2593 2386,2594 2451,2594 2515,2595 2580,2596 2645,2597 2710,2597 2775,2598 2839,2598 2904,2598 2969,2599 3034,2599 3099,2599"/>
                <TextEquiv>
                    <Unicode>findet sich der Beweis hiefür. Der Gatte klügelt, zweifelt und hetzt</Unicode>
                </TextEquiv>
            </TextLine>
            <TextLine id="r1l103" custom="readingOrder {index:102;}">
                <Coords points="480,2649 1785,2650 1785,2588 481,2587"/>
                <Baseline points="498,2630 561,2629 625,2629 688,2628 752,2628 815,2628 879,2629 942,2629 1006,2630 1069,2630 1133,2631 1196,2632 1260,2633 1323,2634 1387,2635 1450,2635 1514,2636 1577,2636 1641,2636 1704,2636 1768,2636"/>
                <TextEquiv>
                    <Unicode>strichen werden und es würde das Verhältniß zum letzten Akte nicht</Unicode>
                </TextEquiv>
            </TextLine>
            <TextLine id="r1l104" custom="readingOrder {index:103;}">
                <Coords points="1796,2640 2922,2668 3062,2656 3095,2601 1797,2595"/>
                <Baseline points="1811,2635 1874,2635 1937,2635 2001,2636 2064,2636 2127,2636 2191,2637 2254,2637 2317,2638 2381,2639 2444,2639 2507,2640 2571,2641 2634,2641 2697,2642 2761,2643 2824,2644 2887,2644 2951,2645 3014,2646 3078,2647"/>
                <TextEquiv>
                    <Unicode>sie, ganz wider die Abrede, und kommt endlich mit offener An¬</Unicode>
                </TextEquiv>
            </TextLine>
            <TextLine id="r1l105" custom="readingOrder {index:104;}">
                <Coords points="473,2686 1752,2701 1792,2636 474,2627"/>
                <Baseline points="489,2676 553,2676 617,2676 682,2676 746,2676 810,2676 875,2677 939,2677 1003,2678 1068,2678 1132,2679 1196,2680 1261,2680 1325,2681 1389,2682 1454,2683 1518,2684 1582,2684 1647,2685 1711,2686 1776,2687"/>
                <TextEquiv>
                    <Unicode>anders sich gestalten. Denn hier erst ist, was im ersten Akte in</Unicode>
                </TextEquiv>
            </TextLine>
            <TextLine id="r1l106" custom="readingOrder {index:105;}">
                <Coords points="1786,2698 3110,2706 3111,2634 1787,2639"/>
                <Baseline points="1804,2681 1868,2682 1932,2683 1997,2684 2061,2685 2126,2686 2190,2687 2255,2688 2319,2689 2384,2690 2448,2691 2512,2691 2577,2692 2641,2693 2706,2694 2770,2694 2835,2694 2899,2694 2964,2694 3028,2694 3093,2694"/>
                <TextEquiv>
                    <Unicode>klage. Sie empört sich gegen den Zweifler und Kläger und sie</Unicode>
                </TextEquiv>
            </TextLine>
            <TextLine id="r1l107" custom="readingOrder {index:106;}">
                <Coords points="478,2731 1666,2751 1789,2739 1790,2690 478,2688"/>
                <Baseline points="496,2723 559,2724 623,2725 687,2725 751,2726 815,2726 879,2726 942,2726 1006,2726 1070,2727 1134,2727 1198,2727 1262,2727 1326,2728 1389,2728 1453,2729 1517,2730 1581,2732 1645,2734 1709,2736 1773,2738"/>
                <TextEquiv>
                    <Unicode>der Scene mit dem „Herrn“ vorbereitet war, herausgewachsen.</Unicode>
                </TextEquiv>
            </TextLine>
            <TextLine id="r1l108" custom="readingOrder {index:107;}">
                <Coords points="1784,2755 3118,2761 3083,2695 1785,2680"/>
                <Baseline points="1800,2735 1865,2734 1930,2733 1995,2733 2060,2733 2125,2733 2190,2734 2255,2734 2320,2735 2385,2735 2451,2736 2516,2737 2581,2737 2646,2738 2711,2739 2776,2739 2841,2740 2906,2740 2971,2740 3036,2740 3102,2740"/>
                <TextEquiv>
                    <Unicode>gesteht: sie empfindet die Reue ihrer Treue. Denn er, der Gatte, habe</Unicode>
                </TextEquiv>
            </TextLine>
            <TextLine id="r1l109" custom="readingOrder {index:108;}">
                <Coords points="480,2769 1778,2796 1778,2744 1700,2737 480,2730"/>
                <Baseline points="497,2773 560,2773 623,2773 686,2773 749,2773 813,2773 876,2774 939,2774 1002,2774 1065,2774 1129,2775 1192,2775 1255,2776 1318,2776 1381,2777 1445,2778 1508,2779 1571,2780 1634,2781 1697,2782 1761,2783"/>
                <TextEquiv>
                    <Unicode>Die künstlich aufgehaltene Consequenz wird hier gezogen. Der</Unicode>
                </TextEquiv>
            </TextLine>
            <TextLine id="r1l110" custom="readingOrder {index:109;}">
                <Coords points="1794,2779 3109,2803 3109,2761 2976,2743 1794,2749"/>
                <Baseline points="1810,2778 1874,2779 1938,2780 2002,2781 2066,2782 2131,2782 2195,2783 2259,2784 2323,2785 2387,2785 2452,2786 2516,2787 2580,2787 2644,2788 2708,2788 2773,2788 2837,2789 2901,2789 2965,2789 3029,2789 3094,2789"/>
                <TextEquiv>
                    <Unicode>ihr Leben vergiftet mit seinen Rechten der Gatten, denen sie die</Unicode>
                </TextEquiv>
            </TextLine>
            <TextLine id="r1l111" custom="readingOrder {index:110;}">
                <Coords points="480,2824 1726,2846 1794,2843 1795,2782 480,2788"/>
                <Baseline points="495,2825 559,2824 623,2823 687,2822 751,2822 815,2821 879,2821 944,2821 1008,2821 1072,2822 1136,2822 1200,2823 1264,2823 1328,2824 1393,2825 1457,2826 1521,2826 1585,2827 1649,2828 1713,2829 1778,2830"/>
                <TextEquiv>
                    <Unicode>Bube Fritz fiel im Duelle. Der alte Weiring, Theodor Kaiser</Unicode>
                </TextEquiv>
            </TextLine>
            <TextLine id="r1l112" custom="readingOrder {index:111;}">
                <Coords points="1786,2830 3110,2867 3111,2805 3059,2794 1787,2784"/>
                <Baseline points="1804,2824 1868,2825 1933,2826 1997,2827 2062,2828 2126,2829 2191,2829 2255,2830 2320,2831 2384,2831 2449,2832 2513,2832 2578,2833 2642,2833 2707,2834 2771,2835 2836,2835 2900,2836 2965,2837 3029,2838 3094,2839"/>
                <TextEquiv>
                    <Unicode>Rechte der Seele, die einem anderen gehörte, geopfert. Nun will</Unicode>
                </TextEquiv>
            </TextLine>
            <TextLine id="r1l113" custom="readingOrder {index:112;}">
                <Coords points="483,2870 1791,2885 1791,2842 1437,2804 483,2831"/>
                <Baseline points="498,2871 561,2871 625,2870 689,2870 753,2869 817,2869 881,2869 944,2869 1008,2869 1072,2869 1136,2870 1200,2870 1264,2871 1328,2871 1391,2872 1455,2873 1519,2874 1583,2875 1647,2877 1711,2878 1775,2880"/>
                <TextEquiv>
                    <Unicode>und Mizzi Schlager theilen dies schonend Christinen mit. Man</Unicode>
                </TextEquiv>
            </TextLine>
            <TextLine id="r1l114" custom="readingOrder {index:113;}">
                <Coords points="1788,2879 2887,2904 3103,2861 1789,2824"/>
                <Baseline points="1804,2871 1868,2873 1932,2874 1996,2876 2060,2877 2124,2878 2188,2879 2253,2880 2317,2880 2381,2881 2445,2881 2509,2881 2573,2882 2637,2882 2702,2883 2766,2883 2830,2884 2894,2885 2958,2886 3022,2887 3087,2888"/>
                <TextEquiv>
                    <Unicode>sie frei sein und fort, wie dies bei Ibsen öfter geschieht. Und er</Unicode>
                </TextEquiv>
            </TextLine>
            <TextLine id="r1l115" custom="readingOrder {index:114;}">
                <Coords points="475,2924 1760,2940 1780,2885 475,2872"/>
                <Baseline points="491,2922 554,2921 618,2920 681,2919 745,2918 809,2918 872,2918 936,2918 1000,2918 1063,2918 1127,2919 1191,2919 1254,2920 1318,2920 1382,2921 1445,2922 1509,2923 1573,2924 1636,2924 1700,2925 1764,2926"/>
                <TextEquiv>
                    <Unicode>kann sich hier menschlich warmer Regungen in der Gestalt des</Unicode>
                </TextEquiv>
            </TextLine>
            <TextLine id="r1l116" custom="readingOrder {index:115;}">
                <Coords points="1792,2924 3012,2960 3097,2896 1792,2879"/>
                <Baseline points="1808,2920 1871,2921 1935,2922 1998,2923 2062,2924 2126,2925 2189,2926 2253,2927 2317,2928 2380,2928 2444,2929 2508,2929 2571,2930 2635,2931 2699,2931 2762,2931 2826,2932 2890,2932 2953,2933 3017,2933 3081,2934"/>
                <TextEquiv>
                    <Unicode>will sie trotzdem wieder lieben, wie es bei Porte Riche der Fall</Unicode>
                </TextEquiv>
            </TextLine>
            <TextLine id="r1l117" custom="readingOrder {index:116;}">
                <Coords points="483,2973 1788,2978 1788,2932 1388,2914 483,2924"/>
                <Baseline points="498,2967 561,2967 625,2967 688,2966 752,2966 816,2966 879,2966 943,2966 1006,2966 1070,2966 1134,2966 1197,2966 1261,2967 1324,2967 1388,2968 1452,2968 1515,2969 1579,2970 1642,2970 1706,2972 1770,2973"/>
                <TextEquiv>
                    <Unicode>alten Weirig erfreuen. Dagegen ist wiederum der Theodor Kaiser</Unicode>
                </TextEquiv>
            </TextLine>
            <TextLine id="r1l118" custom="readingOrder {index:117;}">
                <Coords points="1779,2973 3071,2995 3104,2936 1780,2927"/>
                <Baseline points="1795,2971 1859,2972 1924,2972 1988,2973 2053,2974 2118,2974 2182,2974 2247,2975 2311,2975 2376,2975 2441,2976 2505,2976 2570,2976 2634,2977 2699,2977 2763,2978 2828,2978 2893,2979 2957,2980 3022,2980 3087,2981"/>
                <TextEquiv>
                    <Unicode>ist. Es kommt dieses Werk nicht aus einem inneren Triebe; es</Unicode>
                </TextEquiv>
            </TextLine>
            <TextLine id="r1l119" custom="readingOrder {index:118;}">
                <Coords points="471,3027 1785,3037 1785,2978 471,2975"/>
                <Baseline points="488,3017 552,3016 616,3016 680,3015 744,3015 808,3014 872,3013 936,3013 1000,3013 1064,3012 1128,3012 1192,3012 1256,3013 1320,3013 1384,3014 1448,3014 1512,3015 1576,3017 1640,3019 1704,3020 1769,3023"/>
                <TextEquiv>
                    <Unicode>unbegreiflich, der, um einer unbequemen Situation ein Ende zu</Unicode>
                </TextEquiv>
            </TextLine>
            <TextLine id="r1l120" custom="readingOrder {index:119;}">
                <Coords points="1792,3027 3107,3031 3107,2985 3023,2978 1793,2965"/>
                <Baseline points="1809,3020 1873,3020 1937,3020 2001,3021 2065,3021 2129,3022 2193,3022 2257,3023 2321,3023 2385,3024 2449,3024 2513,3025 2577,3025 2641,3026 2705,3027 2769,3027 2833,3028 2897,3028 2961,3028 3025,3028 3089,3029"/>
                <TextEquiv>
                    <Unicode>kann uns nur als ein Versuch nachzufühlen erscheinen. In „Rechte</Unicode>
                </TextEquiv>
            </TextLine>
            <TextLine id="r1l121" custom="readingOrder {index:120;}">
                <Coords points="484,3074 897,3092 1112,3044 1171,3087 1213,3057 1789,3096 1789,3027 1721,3014 484,3028"/>
                <Baseline points="501,3067 564,3065 628,3064 691,3063 755,3062 819,3061 882,3061 946,3060 1009,3060 1073,3060 1137,3061 1200,3061 1264,3062 1327,3062 1391,3063 1455,3064 1518,3066 1582,3067 1645,3068 1709,3070 1773,3072"/>
                <TextEquiv>
                    <Unicode>bereiten, nicht wenigstens die Lüge findet, „der Todte hat ein</Unicode>
                </TextEquiv>
            </TextLine>
            <TextLine id="r1l122" custom="readingOrder {index:121;}">
                <Coords points="1779,3073 3106,3080 3080,3027 1779,3004"/>
                <Baseline points="1796,3061 1860,3064 1925,3066 1990,3067 2054,3069 2119,3070 2184,3071 2248,3072 2313,3072 2378,3072 2443,3073 2507,3073 2572,3073 2637,3073 2701,3073 2766,3073 2831,3073 2895,3074 2960,3074 3025,3075 3090,3076"/>
                <TextEquiv>
                    <Unicode>der Seele“ wird für das Recht des Unrechts plaidirt, mit Argumenten,</Unicode>
                </TextEquiv>
            </TextLine>
            <TextLine id="r1l123" custom="readingOrder {index:122;}">
                <Coords points="481,3115 1789,3126 1730,3074 1161,3082 1112,3043 481,3076"/>
                <Baseline points="497,3111 560,3111 624,3111 688,3111 752,3111 816,3111 880,3110 943,3110 1007,3110 1071,3110 1135,3109 1199,3109 1263,3110 1327,3110 1390,3110 1454,3111 1518,3112 1582,3113 1646,3115 1710,3117 1774,3119"/>
                <TextEquiv>
                    <Unicode>letztes Mal an Dich gedacht!" Er quält sie dafür mit Reden, die,</Unicode>
                </TextEquiv>
            </TextLine>
            <TextLine id="r1l124" custom="readingOrder {index:123;}">
                <Coords points="1782,3103 3107,3124 3081,3075 1783,3067"/>
                <Baseline points="1798,3111 1862,3113 1927,3114 1991,3115 2056,3116 2121,3117 2185,3118 2250,3119 2315,3119 2379,3120 2444,3120 2509,3120 2573,3120 2638,3121 2703,3121 2767,3121 2832,3122 2897,3123 2961,3123 3026,3124 3091,3125"/>
                <TextEquiv>
                    <Unicode>die plausibel scheinen wollen und nicht gewinnen können. Das ist</Unicode>
                </TextEquiv>
            </TextLine>
            <TextLine id="r1l125" custom="readingOrder {index:124;}">
                <Coords points="471,3168 1782,3177 1782,3122 1688,3115 471,3106"/>
                <Baseline points="487,3161 554,3160 621,3159 688,3158 756,3158 823,3158 890,3158 958,3158 1025,3158 1092,3159 1160,3159 1227,3160 1294,3160 1362,3161 1429,3162 1496,3162 1564,3163 1631,3163 1698,3164 1766,3164"/>
                <TextEquiv>
                    <Unicode>einmal unvorsichtig hingeworfen, ihm beweisen, wie sehr sie ver¬</Unicode>
                </TextEquiv>
            </TextLine>
            <TextLine id="r1l126" custom="readingOrder {index:125;}">
                <Coords points="1791,3159 3041,3186 3099,3167 3100,3122 1792,3123"/>
                <Baseline points="1807,3162 1870,3162 1934,3162 1998,3163 2062,3163 2126,3164 2190,3164 2253,3165 2317,3166 2381,3166 2445,3167 2509,3168 2573,3168 2637,3169 2700,3170 2764,3170 2828,3171 2892,3171 2956,3171 3020,3171 3084,3171"/>
                <TextEquiv>
                    <Unicode>die Schwäche des Stückes; im Stücke aber sind immerhin interessante</Unicode>
                </TextEquiv>
            </TextLine>
            <TextLine id="r1l127" custom="readingOrder {index:126;}">
                <Coords points="485,3222 1784,3221 1784,3179 1605,3162 485,3164"/>
                <Baseline points="501,3205 564,3206 627,3207 691,3208 754,3208 817,3208 881,3208 944,3208 1007,3208 1071,3208 1134,3208 1197,3208 1261,3207 1324,3207 1387,3207 1451,3208 1514,3208 1577,3208 1641,3209 1704,3210 1768,3212"/>
                <TextEquiv>
                    <Unicode>wundeten. Statt sie zu meiden, bringt er sie immer wiederum vor.</Unicode>
                </TextEquiv>
            </TextLine>
            <TextLine id="r1l128" custom="readingOrder {index:127;}">
                <Coords points="1780,3204 3105,3217 3082,3167 1781,3162"/>
                <Baseline points="1796,3208 1860,3208 1925,3208 1989,3209 2054,3210 2119,3210 2183,3211 2248,3212 2312,3213 2377,3214 2442,3215 2506,3216 2571,3217 2635,3217 2700,3218 2764,3219 2829,3220 2894,3220 2958,3221 3023,3221 3088,3221"/>
                <TextEquiv>
                    <Unicode>Wendungen und der Vortheil für den Schauspieler, gute Rollen</Unicode>
                </TextEquiv>
            </TextLine>
            <TextLine id="r1l129" custom="readingOrder {index:128;}">
                <Coords points="483,3254 1788,3266 1788,3220 1733,3216 483,3211"/>
                <Baseline points="499,3252 562,3252 626,3252 689,3252 753,3252 817,3253 880,3253 944,3253 1008,3254 1071,3254 1135,3254 1199,3255 1262,3255 1326,3256 1390,3256 1453,3257 1517,3258 1581,3258 1644,3259 1708,3259 1772,3260"/>
                <TextEquiv>
                    <Unicode>Was unbewußt einmal kam, kann ein zweites Mal nur bewußte</Unicode>
                </TextEquiv>
            </TextLine>
            <TextLine id="r1l130" custom="readingOrder {index:129;}">
                <Coords points="1793,3265 3108,3285 3108,3216 1794,3213"/>
                <Baseline points="1808,3257 1872,3257 1936,3257 2000,3258 2064,3258 2128,3259 2192,3260 2256,3261 2320,3262 2384,3263 2449,3263 2513,3264 2577,3265 2641,3266 2705,3266 2769,3267 2833,3267 2897,3267 2961,3267 3025,3267 3090,3267"/>
                <TextEquiv>
                    <Unicode>und Gelegenheit geschaffen zu haben, sich zeigen zu können. Davon</Unicode>
                </TextEquiv>
            </TextLine>
            <TextLine id="r1l131" custom="readingOrder {index:130;}">
                <Coords points="474,3302 1782,3317 1782,3265 474,3257"/>
                <Baseline points="489,3301 552,3301 616,3301 680,3302 744,3302 808,3302 871,3302 935,3303 999,3303 1063,3303 1127,3303 1190,3304 1254,3304 1318,3304 1382,3305 1446,3306 1509,3306 1573,3307 1637,3308 1701,3309 1765,3310"/>
                <TextEquiv>
                    <Unicode>Absicht bringen. Die könnte jedoch nur ein Unmensch hegen, der</Unicode>
                </TextEquiv>
            </TextLine>
            <TextLine id="r1l132" custom="readingOrder {index:131;}">
                <Coords points="1786,3312 3100,3324 3091,3275 1786,3264"/>
                <Baseline points="1802,3306 1866,3306 1930,3306 1994,3306 2058,3306 2122,3307 2186,3307 2250,3308 2314,3309 2378,3310 2443,3310 2507,3311 2571,3312 2635,3313 2699,3313 2763,3314 2827,3314 2891,3315 2955,3315 3019,3315 3084,3315"/>
                <TextEquiv>
                    <Unicode>machte Frau Hohenfels ausgiebig Gebrauch. Sie bot in einem</Unicode>
                </TextEquiv>
            </TextLine>
            <TextLine id="r1l133" custom="readingOrder {index:132;}">
                <Coords points="474,3357 1782,3370 1782,3318 1697,3305 474,3302"/>
                <Baseline points="491,3347 554,3348 618,3349 682,3349 746,3349 810,3350 873,3350 937,3350 1001,3350 1065,3351 1129,3351 1192,3351 1256,3351 1320,3351 1384,3352 1448,3352 1511,3353 1575,3353 1639,3354 1703,3355 1767,3356"/>
                <TextEquiv>
                    <Unicode>dieser Leheknabe, trotz aller Schwächen, nicht ist. Man fühlte also,</Unicode>
                </TextEquiv>
            </TextLine>
            <TextLine id="r1l134" custom="readingOrder {index:133;}">
                <Coords points="1778,3353 3096,3376 3097,3321 1779,3304"/>
                <Baseline points="1795,3352 1859,3353 1923,3354 1987,3355 2052,3355 2116,3356 2180,3357 2245,3357 2309,3358 2373,3359 2438,3359 2502,3360 2566,3360 2630,3361 2695,3362 2759,3362 2823,3363 2888,3364 2952,3364 3016,3365 3081,3366"/>
                <TextEquiv>
                    <Unicode>neuen Fache eine Meisterleistung. Wüßte sie noch gewisse Kehlentöne</Unicode>
                </TextEquiv>
            </TextLine>
            <TextLine id="r1l135" custom="readingOrder {index:134;}">
                <Coords points="474,3406 1782,3418 1782,3366 1672,3355 474,3354"/>
                <Baseline points="489,3398 552,3398 616,3397 680,3397 744,3397 808,3397 871,3397 935,3397 999,3398 1063,3398 1127,3399 1190,3399 1254,3400 1318,3400 1382,3401 1446,3402 1509,3402 1573,3403 1637,3403 1701,3404 1765,3404"/>
                <TextEquiv>
                    <Unicode>was früher schon anklang, die Absicht des Dichters, im Sinne</Unicode>
                </TextEquiv>
            </TextLine>
            <TextLine id="r1l136" custom="readingOrder {index:135;}">
                <Coords points="1790,3412 3102,3410 3047,3370 1791,3354"/>
                <Baseline points="1806,3396 1870,3398 1934,3401 1998,3402 2062,3404 2126,3404 2190,3405 2254,3406 2318,3406 2382,3406 2446,3407 2510,3407 2574,3407 2638,3407 2702,3408 2766,3408 2830,3409 2894,3410 2958,3412 3022,3413 3086,3415"/>
                <TextEquiv>
                    <Unicode>und Kopfbewegungen aus dem Register der Naiven zu meiden,</Unicode>
                </TextEquiv>
            </TextLine>
            <TextLine id="r1l137" custom="readingOrder {index:136;}">
                <Coords points="472,3471 1793,3452 1793,3417 1644,3406 472,3406"/>
                <Baseline points="489,3446 553,3446 617,3446 682,3446 746,3446 811,3446 875,3446 939,3446 1004,3447 1068,3447 1133,3447 1197,3447 1261,3447 1326,3448 1390,3448 1455,3449 1519,3450 1583,3451 1648,3452 1712,3453 1777,3454"/>
                <TextEquiv>
                    <Unicode>der Maeterlink'schen Technik die Spannung zu steigern, von einem</Unicode>
                </TextEquiv>
            </TextLine>
            <TextLine id="r1l138" custom="readingOrder {index:137;}">
                <Coords points="1790,3463 3104,3485 3105,3420 1790,3398"/>
                <Baseline points="1806,3446 1870,3447 1934,3448 1998,3449 2062,3450 2126,3451 2190,3452 2254,3453 2318,3453 2382,3454 2446,3455 2510,3455 2574,3456 2638,3456 2702,3457 2766,3457 2830,3457 2894,3457 2958,3458 3022,3458 3087,3458"/>
                <TextEquiv>
                    <Unicode>man könnte sie vollendet nennen. Den seelisch betrogenen Gatten</Unicode>
                </TextEquiv>
            </TextLine>
            <TextLine id="r1l139" custom="readingOrder {index:138;}">
                <Coords points="481,3513 1766,3513 1789,3454 481,3461"/>
                <Baseline points="496,3494 559,3494 623,3494 687,3494 751,3494 815,3494 879,3493 942,3493 1006,3493 1070,3493 1134,3494 1198,3494 1262,3494 1326,3495 1389,3495 1453,3496 1517,3497 1581,3498 1645,3499 1709,3500 1773,3502"/>
                <TextEquiv>
                    <Unicode>zum anderen, immerzu. Und was in des belgischen Dichters „Les</Unicode>
                </TextEquiv>
            </TextLine>
            <TextLine id="r1l140" custom="readingOrder {index:139;}">
                <Coords points="1795,3493 3093,3521 3093,3463 1795,3450"/>
                <Baseline points="1810,3497 1873,3497 1936,3497 2000,3497 2063,3497 2127,3498 2190,3498 2253,3498 2317,3499 2380,3499 2444,3500 2507,3501 2570,3501 2634,3502 2697,3503 2761,3504 2824,3505 2887,3505 2951,3507 3014,3508 3078,3509"/>
                <TextEquiv>
                    <Unicode>Paul gab Herr Hartmann, anfänglich mit schöner Selbstzucht,</Unicode>
                </TextEquiv>
            </TextLine>
            <TextLine id="r1l141" custom="readingOrder {index:140;}">
                <Coords points="483,3539 1788,3543 1788,3510 1661,3500 484,3500"/>
                <Baseline points="499,3540 562,3540 626,3540 690,3540 753,3540 817,3540 881,3539 944,3539 1008,3539 1072,3539 1136,3539 1199,3539 1263,3539 1327,3540 1390,3540 1454,3541 1518,3542 1581,3544 1645,3546 1709,3547 1773,3550"/>
                <TextEquiv>
                    <Unicode>Aveugles“ oder im „Interieur“ aus dem Organismus der Scene</Unicode>
                </TextEquiv>
            </TextLine>
            <TextLine id="r1l142" custom="readingOrder {index:141;}">
                <Coords points="1787,3556 3102,3555 3047,3516 1788,3488"/>
                <Baseline points="1804,3545 1868,3545 1932,3546 1996,3546 2060,3546 2124,3546 2188,3546 2252,3546 2316,3546 2380,3547 2444,3547 2508,3547 2572,3548 2636,3549 2700,3549 2764,3551 2828,3552 2892,3553 2956,3555 3020,3557 3084,3559"/>
                <TextEquiv>
                    <Unicode>dann plötzlich, wie unter einem krampfartigen Anfall, stöhnend,</Unicode>
                </TextEquiv>
            </TextLine>
            <TextLine id="r1l143" custom="readingOrder {index:142;}">
                <Coords points="480,3598 1779,3602 1759,3553 481,3540"/>
                <Baseline points="497,3588 560,3589 623,3590 686,3590 750,3590 813,3591 876,3591 940,3591 1003,3592 1066,3592 1130,3592 1193,3593 1256,3593 1319,3593 1383,3594 1446,3594 1509,3594 1573,3595 1636,3595 1699,3596 1763,3597"/>
                <TextEquiv>
                    <Unicode>heraus sich entwickelt, erscheint hier äußerlich und ebenso ausgeklebt</Unicode>
                </TextEquiv>
            </TextLine>
            <TextLine id="r1l144" custom="readingOrder {index:143;}">
                <Coords points="1783,3617 3100,3624 3101,3562 1783,3558"/>
                <Baseline points="1798,3593 1862,3594 1926,3594 1990,3595 2055,3596 2119,3597 2183,3598 2247,3599 2312,3599 2376,3600 2440,3601 2504,3601 2569,3602 2633,3602 2697,3603 2761,3603 2826,3603 2890,3603 2954,3603 3018,3602 3083,3602"/>
                <TextEquiv>
                    <Unicode>gestikulirend, kreischend, daß alle tragische Wirkung floh. Es spielt</Unicode>
                </TextEquiv>
            </TextLine>
            <TextLine id="r1l145" custom="readingOrder {index:144;}">
                <Coords points="482,3650 3114,3654 482,3595"/>
                <Baseline points="497,3635 627,3636 757,3637 887,3637 1017,3638 1147,3639 1277,3640 1407,3640 1537,3641 1667,3642 1798,3643 1928,3644 2058,3644 2188,3645 2318,3646 2448,3646 2578,3647 2708,3647 2838,3648 2968,3648 3099,3648"/>
                <TextEquiv>
                    <Unicode>wie der Abschluß, der wiederum an den blinden Großvaier in im „Recht der Seele“ gegen Giacosa wie er in „Einsame Menschen“.</Unicode>
                </TextEquiv>
            </TextLine>
            <TextEquiv>
                <Unicode>Nr. +1.
Wiener Salonblatt.
menschlich logisches Mitleid mit dieser Christine suggerirt werden,
„1 Intruse“ erinnert, da dieser am Schlusse des Stückes im Finstern
daß wir das Weibthum in ihr erkennen, das unsere Gefühle für
steht und klagt: sie haben mich ganz allein gelassen!
sie zum warmen Mitgefühl steigert, ähnlich wie uns Dumas zu
Schnitzler hat uns Unbedeutendes durch unbedeutende Menschen
diesem für Marguerite Gautier zwingt. Indeß erfahren wir nur
sagen lassen, er stellt Vorgänge auf die Bühne, welche uns gleich¬
noch einmal, was wir von dem „kleinen Mädel“ ohnehin schon
giltig lassen, haben wir sie selbst erlebt, die uns fremd bleiben,
wissen, daß sie aus gar keinem Grunde plötzlich anderes als nur
wenn wir sie früher nicht kannten. Denn es fehlt ihnen die Gewalt
eine Laune sein will im Leben des passiven Helden, obwohl man
uns zu überzeugen und zu bannen. Er hätte die Welt von einer
sie warnt, obwohl sie selbst einbekennt, zu solchen Ansprüchen auch
anderen Seite zeigen müssen, wahr und echt, daß wir in ihr zu
keinem Worte nach berechtigt zu sein. Sie will aber doch! Ueber
fühlen vermögen. Dies gelang ihm nicht. Und so hat die flüchtige
solchen Widersinn sucht Schnitzler mit kleinen Sentimentalitäten
Lacerte, welche des Abends durch die Straßen huscht, bei ihrem
mit Aeußerlichkeiten wie Mondenschein 2c. in diesem zweiten Akte
zweiten Versuche, in die dramatische Literatur zu gelangen, nicht
zu täuschen. Es mußte eine Parallelscene zu jener des ersten
siegen können, trotz des Aufwandes von feiner Beobachtungsgabe
Aktes gefunden werden. Statt dieser, mit ernst gezogener Moral
in vielen Dingen, trotz mancher ernster dichterischer Züge, über welche
oder brausenden Gefühlen, welche die Herzen erregen, stellte der
Schnitzler verfügt.
Dichter zwei flache Menschen, das girrende Mädchen und den
Das „süße Mädel“ bleibt, nach wie vor, ein „dummes Mädel“,
seufzenden Studenten, flach, unsinnig grüblerisch und noch klein¬
das überflüßige Sentimentalität mit großen Geberden verabreicht,
licher zu einander, als man sie bisher erkannt hat. Sie entwickeln
der „fesche Kerl“ welcher statt zu studiren mit Liebeleien die Zeit
sich nicht, sie wachsen nicht. Und Stillstand ist nirgends sonstwo
sich vertreibt, bleibt, trotzdem er dafür mit dem Tode büßt, nach
eher Rückstand als auf der Bühne. Es erscheinen diese schon in
wie vor, ein „dummer Junge". Man hat kein Mitleid mit den
der Exposition angedeuteten Auseinandersetzungen knapp vor dem
Beiden und keine überzeugende Lehre von dem Ganzen, das ein
Duelle weitschweifig vorgetragen, wie der Ausfluß hysterischer
enger Horizont einschränkt, gewinnen können. Der Dichter ver¬
Empfindungen, die lyrisch sein wollen.
mochte es nicht uns dramatisch aufzuregen und zu überzeugen.
Man kann sich zudem des Ueberdrußes nicht erwehren,
Die Darstellung im Burgtheuter bot eine Ueberraschung
in dem Wiener Grisettenheim einen alten Vater zu finden,
durch Fräulein Kalling. Die sonst so unbehilfliche Schauspielerin
der unwahrscheinlich scheint. Der alte Weiring mit seiner schiefen
zeichnete eine Schlager Mizzi frisch von der Ringstraße weg. Da
Moral ist ein unnatürlicher Komödienvater, der abstößt, weil er
war jeder Zug ebenso echt und wahr wie an ihrem Partner, Herrn
nichts sonst als der Träger einer These ist, die gegen alle Wahr¬
Zeska, der den Theodor Kaiser gab. Fräulein Sandrock
scheinlichkeit sich auflehnt und seiner Gestalt jede männliche Würde
traf als Christine den Ton des Wienerthums nicht; sie wußte
raubt. Er müßte wenigstens blind sein, wie der alte Nowak in
jedoch später durch innige Schlichtheit zu gewinnen. Herr Mitter¬
„Gefallene Engel“, der den noblen Herrn in seiner wahren Gestalt
wurzer, der nur einige Sätze zu sagen hat, war eben Mitter¬
nicht erkennt.
wurzer. Das genügte, um der Gestalt, welche als „ein Herr“ auf dem
Man muß ihn sittlich weit tiefer noch stellen, als Vater
Zettel bezeichner ist, frisches Leben einzujagen. Er spielte mit seinen
Heinike in Sudermann's „Ehre“, der wenigstens für keinen Ehren¬
paar Worten den Fritz Lobheimer des Herrn Kutschera nieder,
mann gelten will und freimüthig herausbekennt: er freue sich der
der in dieser Scene hilfloser war, als ihn der Dichter gebacht
Liebschaft seiner Tochter, welche dadurch in eine materiell bessere
haben mochte. Herr Kutschera beherrscht das Wort noch lange
Situation kommt, damit er daraus dann selber Nutzen ziehe! Der
nicht; seine Sprache ist unklar und schwerfällig. Er wird erst nach
alte Weiring hingegen treibt die sentimentale Moral: werde schlecht,
fleißigem Studium sich in den Rahmen des Burgtheaters fügen
damit Du wenigstens eine Erinnerung für's Leben habest.
lernen. Frl. Walbeck in der Rolle der Frau des Strumpfwirkers
Heinike muß erst von seinem Weibe dazu bekehrt werden.
brachte alle Farbe des Wienerthums auf die Bühne. Herr Sonnen¬
Er hat noch ein Fünkchen von Ehre, das ihm der krasse Egoismus
#thal, der alte Weiring, rührte — nicht mehr! Es war gut, daß
der Mutter aus dem Hinterhause einlullt und schwinden macht.
im Burgtheater die Jugend der Wiener Dichter die Probe hat
Dem alten Weiring jedoch fehlt auch diese Regung der
bestehen dürfen. Man konnte sehen, wie weit, in guter Darstellung
Männlichkeit. Man kann den Schwachkopf nicht ernst nehmen; er
und vorzüglicher Regie, ihre Wirkung geht.
ist wider die Natur, ob er nun der künstlich hereingezerrten Strumpf¬
Vor dem Wiener Autor kam der Italiener Giacosa zu
wirkersgattin Binder umständlich das Warum seiner Moral erklärt,
Wort. „Recht der Seele“ nennt sich der Einacter, welcher
oder ob er den Schatten seiner verewigten Schwester anruft, um
im Sinne des Henry Becque und Porte=Riche Seelenzustände ver¬
seine Empfindlichkeit zu motiviren.
tiefen will. Anna liebt einen Freund ihres Mannes. Sie kämpft
Es fehlt diesem zweiten Akte die Steigerung, das Interesse
mit ihren Gefühlen und bleibt die treue Gattin. Der Freund tödtet
neuer Ueberraschungen, die zwingende Wahrhaftigkeit und der
sich aus unerwiderter Liebe zu ihr. In den nachgelassenen Briefen
Hintergrund eines gewinnenden Gedankens. Er könnte ruhig ge¬
findet sich der Beweis hiefür. Der Gatte klügelt, zweifelt und hetzt
strichen werden und es würde das Verhältniß zum letzten Akte nicht
sie, ganz wider die Abrede, und kommt endlich mit offener An¬
anders sich gestalten. Denn hier erst ist, was im ersten Akte in
klage. Sie empört sich gegen den Zweifler und Kläger und sie
der Scene mit dem „Herrn“ vorbereitet war, herausgewachsen.
gesteht: sie empfindet die Reue ihrer Treue. Denn er, der Gatte, habe
Die künstlich aufgehaltene Consequenz wird hier gezogen. Der
ihr Leben vergiftet mit seinen Rechten der Gatten, denen sie die
Bube Fritz fiel im Duelle. Der alte Weiring, Theodor Kaiser
Rechte der Seele, die einem anderen gehörte, geopfert. Nun will
und Mizzi Schlager theilen dies schonend Christinen mit. Man
sie frei sein und fort, wie dies bei Ibsen öfter geschieht. Und er
kann sich hier menschlich warmer Regungen in der Gestalt des
will sie trotzdem wieder lieben, wie es bei Porte Riche der Fall
alten Weirig erfreuen. Dagegen ist wiederum der Theodor Kaiser
ist. Es kommt dieses Werk nicht aus einem inneren Triebe; es
unbegreiflich, der, um einer unbequemen Situation ein Ende zu
kann uns nur als ein Versuch nachzufühlen erscheinen. In „Rechte
bereiten, nicht wenigstens die Lüge findet, „der Todte hat ein
der Seele“ wird für das Recht des Unrechts plaidirt, mit Argumenten,
letztes Mal an Dich gedacht!" Er quält sie dafür mit Reden, die,
die plausibel scheinen wollen und nicht gewinnen können. Das ist
einmal unvorsichtig hingeworfen, ihm beweisen, wie sehr sie ver¬
die Schwäche des Stückes; im Stücke aber sind immerhin interessante
wundeten. Statt sie zu meiden, bringt er sie immer wiederum vor.
Wendungen und der Vortheil für den Schauspieler, gute Rollen
Was unbewußt einmal kam, kann ein zweites Mal nur bewußte
und Gelegenheit geschaffen zu haben, sich zeigen zu können. Davon
Absicht bringen. Die könnte jedoch nur ein Unmensch hegen, der
machte Frau Hohenfels ausgiebig Gebrauch. Sie bot in einem
dieser Leheknabe, trotz aller Schwächen, nicht ist. Man fühlte also,
neuen Fache eine Meisterleistung. Wüßte sie noch gewisse Kehlentöne
was früher schon anklang, die Absicht des Dichters, im Sinne
und Kopfbewegungen aus dem Register der Naiven zu meiden,
der Maeterlink'schen Technik die Spannung zu steigern, von einem
man könnte sie vollendet nennen. Den seelisch betrogenen Gatten
zum anderen, immerzu. Und was in des belgischen Dichters „Les
Paul gab Herr Hartmann, anfänglich mit schöner Selbstzucht,
Aveugles“ oder im „Interieur“ aus dem Organismus der Scene
dann plötzlich, wie unter einem krampfartigen Anfall, stöhnend,
heraus sich entwickelt, erscheint hier äußerlich und ebenso ausgeklebt
gestikulirend, kreischend, daß alle tragische Wirkung floh. Es spielt
wie der Abschluß, der wiederum an den blinden Großvaier in im „Recht der Seele“ gegen Giacosa wie er in „Einsame Menschen“.</Unicode>
            </TextEquiv>
        </TextRegion>
        <TextRegion orientation="0.0" id="r2" custom="readingOrder {index:1;}">
            <Coords points="3194,0 3194,74 3237,74 3237,0"/>
            <TextLine id="r2l1" custom="readingOrder {index:0;}">
                <Coords points="3178,50 3195,48 3201,51 3207,44 3218,50 3233,36 3256,34 3251,-28 3235,-26 3204,-47 3189,-29 3173,-28"/>
                <Baseline points="3194,24 3237,21"/>
                <TextEquiv>
                    <Unicode>9</Unicode>
                </TextEquiv>
            </TextLine>
            <TextEquiv>
                <Unicode>9</Unicode>
            </TextEquiv>
        </TextRegion>
    </Page>
</PcGts>
