3484 4192
309 138 676 212 Liebelej
305 170 813 260 A en e  ene en
831 138 1292 228 box 12/8
1563 3170 1606 3225 ir
2407 407 2519 492 0
1573 620 2821 713 ich-Zellung Za RETE
1711 857 2795 973 Schnitzler=Abend im Schiller-Theater.
1863 971 2623 1051 „Liebesei“ und „Weihnachtseinkäufe“.
1693 1035 2850 1095 Mit der ersten Granate explodierte vor elf Jahren auch die
1639 1088 2848 1151 Welt Arthur Schnitzlers die das Publikum anerkannt
1654 1136 2866 1191 hatte. Nicht die Welt des Dichters, die viel tiefere und weitere
1652 1178 2853 1222 Hintergründe hat, als alle jene annehmen, die gerne aus der um
1651 1216 2862 1282 ihrer schöpferischen Aktivität wegen liebenswürdigen, aber nichts¬
1649 1265 2859 1315 destoweniger unsinnigen Sucht heute immer dus Gestern zur absolut
1654 1307 2862 1365 toten Vergangenheit stempeln. Man muß ein wenig unterscheiden
1653 1353 2852 1406 zwischen dem formalen Apparat des äußeren Gestus und dem
1647 1405 2848 1460 inneren Klang. Gewiß ist das süße Mädel, die Duellfatzkerade und
1652 1440 2852 1490 die Dachstube des alten Musikanten an sich genommen etwas Ge¬
1648 1478 2864 1540 wesenes. Aber es ist ja für das kleine Drama auch nicht das
1642 1526 1886 1591 Wesentliche.
2137 1552 2861 1631 der das Stück inszeniert hat, hat
1704 1558 2140 1635 Jürgen Fehling.
2173 1619 2850 1668 Gegenwartsstolzen gefürchtet, als
1650 1621 2176 1676 wohl die Einwände der
2184 1655 2550 1713 eine Anmerkung
2670 1652 2858 1715 Recht¬
1746 1655 2167 1716 im Programmheft
2729 1698 2855 1752 nicht
2025 1698 2717 1752 Er drückt sich dabei gar
1654 1701 2028 1758 fertigung schrieb.
1650 1743 2847 1805 um die Erkenntnis, daß die frühere Zugkraft des Stückes, soweit
1654 1784 2850 1838 sie aus Zeitumständen wirksam wurde, heute erloschen ist. Aber
1644 1826 2848 1887 seine Betonung, hier schlummere unter dekorativer Herzigkeit eine
1653 1875 2858 1927 volksliedhafte Melodie, ist durchaus begründet. Gewiß ist Senti¬
1643 1917 2848 1967 mentalität für das Schaffen und den schaffenden Menschen ein
1652 1961 2858 2016 ewig retardierendes Moment. Aber das Theater, wo käme es hin
1647 2013 2854 2060 ohne Sentimentalität? Wichtig bleibt nur, daß sie nicht überwiegt,
1643 2048 2853 2097 und daß sie nicht schmalziges Mittel zu schmalzigem Zweck wird.
1651 2095 2851 2147 (Uebrigens was die Antisentimentalitätsseinde betrifft: die Grund¬
1655 2129 2854 2186 sentimentalität ist zweifellos der Eigentumsbegriff in allen Formen.
1647 2178 2848 2225 Auf dieser Basis lediglich wäre aufzubauen. Wieviel programma¬
1652 2225 2848 2275 tische Sentimentalitätsseinde sehe ich noch aufrecht?) Das Schiller¬
1648 2263 2858 2319 Theater ist Volkstheater. Die Kette der Volksstücke, die über seine
1649 2318 2850 2366 Bühne gehen, ist in der letzten Zeit ohne inneren Bruch gewesen,
1651 2360 2860 2406 nimmt man die „Jungfrau von Orleaus“ aus. Und als Volksstück,
1647 2394 2851 2449 das nicht mehr durch lokale Nuance und Zeitkolorit bedingt ist.
1649 2432 2860 2496 wurde Schnitzlers „Liebelei“ hier gegeben und mit einem einen
1640 2480 2854 2551 gewöhnlichen Theatererfolg weit übersteigenden rauschenden Beifall
1649 2527 1817 2588 begrüßt.
1702 2565 2842 2618 Fehling hat zwar nicht auf das Kostümliche verzichtet. Aber es
1656 2618 2858 2667 war doch durchaus nebensächlich. Wichtig war, daß er die Stim¬
1651 2663 2850 2706 mungslichter leise einstrahlen ließ und sie auf der Höhe der Wirkung
1650 2693 2848 2744 aufblendete. Die ganz große Ueberraschung des Abends war die
1656 2736 2851 2795 Christine Lucie Mannheims. Was sie bei Halbe, bei Tschechow
1652 2790 2840 2838 in Umrissen schon an seelischer Leuchtkraft gewonnen hatte, brach
1645 2829 2852 2880 hier hinreißend durch. Die schlichte Innigkeit, die nicht neckisches
1648 2872 2852 2927 Theater war, der halbe Ton unter dem vollen Ton, das schüchtern
1646 2909 2847 2961 zuckende Herz. das schließlich in einem Schrei der Qual blutend birst,
1648 2946 2846 3015 daß es durch den klagenden Mund aufzuschäumen scheint, all dies
1648 2992 2855 3046 gewann den Zuhörer vom ersten Augenblick an. Es war nicht
1651 3038 2845 3085 das Wiener Musikantentöchterchen, das an der zerbrochenen Legende
1644 3085 2853 3135 seines wienerischen Schicksals zugrundegeht, sondern es war einsach
1646 3125 2848 3179 ein Weib, dem sein Glück in Stücke geschlagen wird und das vor
1651 3178 2856 3242 Entsetzen einmal schreit und dann vor dem zerschlagenen Bild ins
1653 3210 1964 3274 Leere abspringt.
1702 3241 2846 3310 Jakob Tiedtke kommt endlich an den Staatstheatern wieder
1648 3293 2852 3368 zu dem, wäs ihm so lange gefehlt hat: an Rollen. Er braucht nicht
1652 3357 2853 3403 mehr, wie er es bisher tat, für ein paar Schwankfritzen aus dem
1649 3387 2843 3449 Handgelenk seine künstlerische Kraft zu verschleudern, sondern er
1641 3441 2853 3488 kann auch wieder ganz bei der Sache sein. Gewiß mag es ein
1650 3473 2860 3524 Wagnis gewesen sein, ihm den stillen Violinspieler Weiring anzu¬
1652 3512 2838 3560 vertrauen. Sein Vater ist schon von Statur aus robuster als der
1655 3559 2854 3617 übliche Schauspieler in dieser Rolle. Aber die Augen und die
1653 3609 2848 3658 Lippen waren weich, und gerade weil Tiedtke nicht der himmel¬
1652 3655 2843 3700 blaue Donaugreis, sondern einfach ein wirklicher guter alter Mann
2398 3685 2845 3740 Maria Paudlers
1658 3705 2398 3745 war, paßte er in diese Aufführung.
1653 3729 2848 3793 Modistin balancierte gut auf der Grenze zwischen Naivität und Ver¬
1647 3782 2843 3826 derbtheit. Sie vermied die Gefahr. die das Kostüm unterstrich,
1651 3817 2852 3878 Aeußerliches platt zu benutzen. Nicht frei davon kam in seiner Rolle
1654 3867 2851 3920 Richard Duschinsky als Fritz, der noch viel Handbewegungen
1646 3909 2848 3962 und ostentative Mimik brauchte, um das Wort zu ersetzen, daß
1652 3944 2854 3997 Schnitzler in dieser Rolle gerade banal und deutlich genug schon ver¬
1658 3997 2851 4046 wandt hat. Heinrich Schnitzler mußte den unsympathischen
1652 4025 2854 4094 Theodor geben. In kleinen Rollen von alter Sicherheit Mathilde
1858 4076 2288 4123 und Albert Patry
3102 3004 3149 3082 45
