3436 4256
447 239 849 313 Liebelei
272 234 1417 354 5. 1 box 11/5
1211 1720 1940 1884 „OBSERVEI.
1039 1852 1985 1926 I. eterr. behördl. konz. UInternehmen für Zeitungs-A.
1224 1908 1964 1992 Wien, I., Concordiaplatz 4.
1438 1972 1774 2038 Vertretungen
1036 1995 2153 2082 in Berlin, Basel, Bsdapest, Chicago, Cleveland, Christlank,
1102 2051 2140 2123 ent, Kopenhagen, London, Madrid, Mailand, Minneapoltz.
1042 2100 2147 2173 New-Vork, Paris, Rom, San Francisco, Stockholm, St. Petere¬
1443 2140 1750 2199 burg, Toronto.
1371 2167 1826 2246 —
1039 2252 2249 2336 Ausschnitt ausiigemeine Rundschau, München
1053 2331 1496 2414 vom: 8-OKI.191
1496 2380 1572 2456 —
929 2530 2226 2621 erwies er sich stets als vorhehmer Mustler und dermied es, un¬
924 2584 1488 2648 saubere Texte zu vertonen.
1526 2605 2244 2670 In Frankfurt a. M. wurde eine7
934 2641 2438 2733 Oper „Liebelei“ von Frz. Neumann erfolgreich gegeben. Schnitzlers#####
926 2680 2217 2745 gleichnamiges Schausviel liegt dem Werke Neumanns zugrunde,
931 2716 2222 2792 der von Puccini und Massenet am meisten gelernt, nach Berichten
922 2753 2207 2818 besonders den Konversationston glücklich getroffen und den ein¬
929 2800 2207 2866 zelnen Personen eine musikalisch sehr lebendige Charakteristik ver¬
931 2829 1169 2881 liehen hat.
1164 2833 2192 2906 — eijermanns neues Schauspiel „Die neue Sonne“
924 2864 2218 2948 blieb in Berlinöhne tieferen Eindruck. Es mutet dem Publikum
924 2905 2229 3000 zu, eine gedankenlose, unsympathische Leichtfertigkeit für humoristische
924 2947 1455 3020 Ueberlegenheit zu nehmen.
