3392 4256
441 165 844 237 Liebelei
284 157 1428 251 3. LEEE box 11/6
186 940 2284 1001 usehen, kehrskonirolleur Pavel ist die Wahrnehmung der! den zwei Kammermusikwerke, von Johaunes
2385 929 2739 1038 G
200 986 2327 1043 leidet] Geschäfte des Vorstandes der Betriebsinspektion] Brahms das Streichquartett C=moll, Werk 511
1315 1074 3261 1133 mungsträger zu sein. Im Cyarakter der Szene] wendet sich in dieser Musik mehr zum Orchester
398 1084 1318 1139 Franz Neumann hat das Drama nahezu
2278 1118 3249 1161 als an den Gesang. Es kommt wiederholt vor,
1315 1119 2274 1185 liegen die kurzen Wendungen und raschen harmo¬
355 1112 1309 1166 wörtlich als Textvorlage für seine Oper verwen¬
2282 1158 3255 1207 daß der Komponist den Sänger zum Sprechen
1320 1159 2277 1209 nischen Schwankungen. Bis dann plötzlich die
355 1166 1312 1214 det. Der Komponist hat in Richard Strauß dafür
2280 1195 3263 1248 veranlaßt und ihn dadurch zum Melodramatiker
1328 1204 2266 1245 Duell=Affäre in jähem Wechsel die Tonsprache ver¬
355 1196 1320 1261 einen Vorgänger. Aber die „Salome“=Dichtung
2280 1232 3266 1284 macht, dessen Stütze wiederum das Orchester ist.
1322 1236 2279 1280 ändert und die düstren, schweren Akzente des kom¬
365 1241 1311 1294 Oskar Wildes bewegt sich in poetisch hochgestimm¬
2277 1267 3255 1333 Hier liegt recht eigentlich das, was der Komponist
1325 1271 2284 1332 menden Unheils eintreten. Wie sich hier Schnitz¬
355 1277 1305 1335 ter Sprache, die von einem im Silbenfall der
2281 1309 2883 1372 dem Dichter hinzugegeben hat.
1314 1314 2277 1364 lers und Neumanns Kunst zu vollkommener Ge¬
346 1311 1316 1363 Worte zwar versteckten, aber deutlich erkennbaren
2333 1329 3250 1400 Herr Dr. Schreiber leitete die musikalische
1329 1341 2283 1417 schlossenheit vereinigen, ergibt den Höhepunkt
357 1358 1322 1414 und musikalisch auslösbaren Roythmus beherrscht
191 1368 353 1447 Kaiser¬
2559 1385 3251 1453 Das Orchester spielte in leichter
2284 1382 2552 1443 Ausführung.
1320 1395 1596 1456 dieses Aktes.
355 1397 1317 1449 wird. Artur Schnitzlers Menschen sprechen die
197 1434 356 1483 pill mir
2286 1428 3253 1478 Deklamation, flüssig, mit präziser Rhythmik und
1368 1410 2275 1481 Im 2. und 3. Akte kommt die Lyrik zu ihrem
365 1429 1311 1481 Sprache des Alltags. Solche Reden und Wen¬
2285 1468 3257 1518 poetisch. Die großen Steigerungen waren ausge¬
205 1469 357 1523 überall
359 1472 1318 1529 dungen denken gar nicht an Musik. Es war ein
1320 1477 2280 1519 Recht. Hier gibt der Komponist mauch schönen
2284 1507 3259 1560 feilt, das piano=Spiel rund und blühend im
203 1510 1315 1550 Sehn=I merkwürdiger Einfall des Komponisten, den poc¬
1325 1522 2285 1562 Beweis von dem Reichtum und der Schönheit!
2289 1541 3259 1598 Klang. Herr Rittersberg hatte für eine stim¬
1329 1548 2281 1613 seiner Melodik. Er umkleidet die Erscheinung
220 1548 1318 1611 Kraft tisch prunklosen Text des Dramas als Unterlage
2293 1586 3255 1636 mungsvolle Inszenierung Sorge getragen, die den
213 1592 355 1637 Stun¬
1313 1586 2285 1636 der Christine mit schwärmerischen Klängen und
348 1594 1316 1638 für eine Oper zu verwenden. Das macht sich be¬
2292 1624 3252 1669 Vorgängen den richtigen Rahmen gab. Herr
201 1622 366 1678 ist ein
1323 1621 2277 1679 bleibt ihr musikalisch treu bis zur Schlußszeue hin,
353 1627 1316 1685 sonders im 1. Akt mit größter Deutlichkeit geltend.
2283 1662 3261 1706 Stuhlfeld verkörperte den alten Weiring mit
199 1664 365 1721 ach der
1328 1669 2275 1712 in der der Heroismus der Liebesqual erschüttern¬
364 1670 1308 1718 Die vier jungen Leute vereinigen sich in Bohe¬
2285 1702 3258 1752 voller Hingabe und fand auch den rechten warmen
1319 1704 2278 1754 den Ausdruck findet. Die Instrumentierungskunst
204 1704 362 1767 inden
353 1706 1315 1759 mien=Stimmung zu einem lustigen Abendessen.
2281 1748 3261 1800 Ausdruck im Gesange für die stille gütige Mensch¬
202 1743 357 1797 bekkreib.
1324 1745 2278 1797 Neumanns ist verblüffend, ist großartig n ihrer
359 1750 1326 1801 Ein lebhafter Dialog beginnt, meist in kurz abge¬
2290 1776 3255 1826 lichkeit des Weißhaarigen. Frl. v. Encke sang
1331 1778 2275 1830 Vielfarbigkeit, in ihrem Glanz, ihrem Woylklang,
218 1786 1319 1832 ßnichtrissenen Sätzen. Dabei ist von der Zigarrenkiste
2283 1813 3251 1871 die Christine, die der Komponist förmlich in Musik
1323 1829 2280 1883 in ihrer ganzen Tonschönheit, dabei nirgends der
225 1819 1316 1880 spielt die Rede, vom Reservelentnant, vom Schematis¬
2289 1854 3254 1905 getaucht hat. Die Künstlerin wußte dies Musika¬
237 1861 358 1919 nicht
1319 1863 2279 1908 Eindruck des Gezierten, Gewollten, Gequälten.
365 1865 1315 1918 mus, vom Stoppenzieher und Lampenanzünder —
2290 1897 3258 1944 lische gar fein auszulösen, ihren Gesang durch alle
214 1895 371 1951 s aus¬
1322 1909 2282 1957 Alles klingt wie schönste Notwendigkeit. Kunstvoll
356 1900 1324 1963 und alles wird gesungen. Das ist zunächst sehr
2291 1920 3261 1992 Phasen des Ausdrucks zu führen, vom leichten
204 1942 2279 1994 g Toch= ullig und rust das Bild des Klavierhumoristen] versteht sich Neumann auf Figuration, wovon
2289 1971 3259 2028 Parlando der Alltäglichkeit zum Heroismus des
1318 1979 2278 2029 besonders das Vorspiel zum 2. Akt Kunde gibt.
206 1984 1326 2045 Leben Lamborg wach, dessen Spezialität es war, eine
2284 2005 3262 2068 Schmerzes. Weniger glücklich war Frl. Ambras
199 2015 356 2069 nd rei¬
1318 2022 2283 2067 Dem 3. Akt schickt er ein Vorspiel von großzügiger
362 2021 1314 2075 Petroleum=Annonce oder Speisenkarte improvisie¬
2288 2057 3264 2107 als Mizi, die „dem lieben kleinen Kerl“ nicht in
1321 2055 2281 2106 Konzeption vorauf. Wie die klagende Cellokan¬
198 2060 1315 2110 nderenrend in Musik zu setzen. Aber bei Franz Neumann
2288 2087 3261 2151 vollem Maße das warme, mollige Wesen nieo.
198 2099 361 2146 ist, zu
1315 2099 2283 2149 tilene begleitet wird von düsteren Rhythmen, wie
363 2103 1315 2150 ist es nur zunächst verblüssend. Man findet sich
2291 2132 3251 2182 Die kindlich gefärbte Fröhlichkeit fand noch zu
1329 2130 2283 2194 sich voll strömender Empfindung die Musik in
185 2133 1315 2203 Schlager schnell hinein in dieses tönende Rezitieren der
2283 2162 3258 2215 schwere Akzente. Am Erfolge aber ist sie nach Kräften
1313 2175 2276 2234 mächtiger Steigerung über Chromatismen und
203 2173 1315 2237 Sie ist! Texte. Denn bald erkennt man, mit welch außer¬
2284 2205 3262 2266 ehrenvoll beteiligt. Frl. Schmitz als Frau Bin¬
196 2199 356 2270 lustigen
1332 2214 2276 2261 scharf dissonante Klänge hinweg zur Katastrophe
351 2213 1310 2279 ordentlich mustkalischer Kraft der Komponist auch
2285 2240 3266 2301 der gab die hämische Art des Klatschweibes, die
191 2255 358 2312 d. Das
1318 2255 2270 2306 in Tönen erhebt, das ergibt eine smphonische Dich¬
348 2260 1316 2307 diese, nach landläufiger Auffassung außerhalb
2282 2294 3271 2339 mit halben Sätzen zuviel sagt und mehr als wahr
1317 2284 2285 2348 tung von packender Wirkung. Und dabei immer
206 2287 1315 2355 #e von aller mustränschen Darstellung liegenden Begriffe
2290 2327 3263 2378 ist, gut wieder. Herrn Dr. Landrys Lobheimer¬
201 2320 291 2382 kom
1321 2325 2284 2387 ein rassiniertes Verwenden aller Orchestermittel,
349 2332 1170 2387 und Worte unter Töne zu zwingen weiß.
2293 2368 3263 2421 war darstellerisch etwas farblos und hätte krästi¬
1329 2373 2291 2420 auch der seltensten, ohne je den Eindruck des Ge¬
190 2370 298 2422 er, un
395 2365 1313 2419 Entschieden ist das neu, solchen absolut unpoe¬
2286 2398 3262 2454 gere Zeichnung vertragen. Gesanglich hielt er sich
199 2409 353 2466 slieb¬
1320 2407 2285 2458 künstelten zu machen. Das ist ein meisterlich Stück!
354 2407 1319 2467 tischen und nicht einmal poctisierend angehauchten
2291 2442 3248 2492 auf erfreulicher Höhe gleich Herrn Kaposi (Kai¬
188 2446 344 2498 nWei¬
1317 2451 2279 2503 Diese Musik ist in ihrer ganzen Art nach Anlage,
353 2453 1310 2506 Text musikalisch zu verwerten, ohne in die Bi¬
2281 2472 3257 2533 ser), der besonders im ersten Akt eine musikalisch
192 2490 351 2540 bristine
1325 2485 2279 2538 Erfindung, Klang und Satztechnik vollkom¬
360 2476 1307 2545 zarrerie zu verfallen. Die Dialog=Musik des 1. Aktes
2280 2523 3260 2581 vollgültige Leistung bot. Dazu war er amüsant
1327 2526 2284 2575 men modern. Sie ist nirgends Nachtreier.
195 2525 362 2586 espenst
361 2531 1313 2582 kom# an einigen Härten der Deklamation denn
2278 2554 3258 2606 im Spiel. Im Schlußakt war die Leichenbitter¬
212 2567 350 2625 segen
1329 2560 2284 2613 Sie ist stets selbständig, weder Wagnerisch beein¬
355 2568 1315 2631 auch nicht vorüber. Aber was Problem schien,
2279 2597 3264 2647 miene zu sehr gemacht, um tragisch zu wirken.
1320 2603 2274 2653 flußt, noch nach anderen Vorbildern sich richtend.
352 2604 1318 2660 scheint gelöst: Menschen unterhalten sich singend,
2283 2628 3258 2689 Herr Grifft als „Herr“ gab seine kleine aber
1327 2645 2276 2693 Will man für etliche dieser Neumannschen Klänge
202 2623 294 2694 bund
353 2642 1318 2700 ohne daß die Musik als retardierendes Element
2285 2678 3263 2742 sehr eindrucksvolle Partie mit dramatischer Wucht
1323 2685 2277 2739 sich nach Verwandtem umsehen, so muß man sich
193 2686 296 2734 Fritz
350 2680 1315 2755 allzu störend auftritt. Ganz aber — und zwar
2277 2718 3021 2776 und sicherem musikalischen Empfinden.
1326 2723 2275 2775 etwa an Tschaikowsky wenden. Aber um Remi¬
183 2717 349 2783 us das
355 2713 1318 2778 glücklicherweise — kann die Musik ihr Wesen noch
2328 2731 3253 2799 Die Vorstellung als Ganzes gereicht unserer
1324 2763 2284 2810 niszenzen kann es sich dabei keineswegs handeln.
200 2764 352 2825 t, weiß
354 2767 1314 2813 nicht verleugnen. Sie hascht nach jedem noch so
2277 2788 3257 2851 Oper zu Ehre. Das Publikum war über die völlig
1318 2800 2278 2866 Diese Musik ist Franz Neumanns unbestreitbares
356 2807 1313 2872 kargen Augenblick, wo sie sich in Stimmung er¬
2288 2835 3256 2885 neue Art des 1. Aktes augenscheinlich sehr verwun¬
1323 2843 2062 2899 Eigentum und verblüffend originell.
360 2839 1307 2896 gehen kann. Dazu gibt ihr nur das Orchester
192 2828 357 2907 nd das
2280 2862 3263 2923 dert und konnte sich nicht schnell mit dieser neuen
1362 2863 2285 2927 Die Aufführung hatte eine sehr sorgfältige
360 2880 1312 2936 die Möglichkeit. An das Orchester wendet sie sich
192 2885 361 2948 Is, das
2291 2909 3250 2959 „Tonart“ abfinden, um Beifall zu geben. In der
1320 2918 2280 2968 Vorbereitung erfahren und hinterließ einen tiefen
359 2923 1308 2980 darum und findet in ihm ein sensibles Insiru¬
190 2930 351 2989 folgten
1318 2950 2285 3016 und nachhaltigen Eindruck. Das Werk stellt an die
363 2946 1302 3017 ment, das der Komponist Franz Neumann mit
251 2961 356 3022 das
2281 2987 3270 3042 Akt erstritt sich einen großen, warmen und echten
1312 2991 2277 3046 Ausführenden erhebliche Ansprüche. Nicht nur,
357 2998 1312 3057 Meisterschaft zum Klingen bringt. Auf der Bühne
239 3010 363 3070 gilt.
2279 3026 3246 3071 Erfolg. Das Werk hatte gesiegt. Lang anhalten¬
1318 3034 2277 3076 daß jeder bei diesem schuell die Personen wechseln¬
363 3048 1305 3091 bewegt sich in diesem Akte alles im Sprechgesang.
196 3042 359 3098 fachall¬
2274 3068 3246 3118 der Beifall zeichnete die Antoren und ihr Werl
1319 3072 2278 3122 den musikalischen Dialog seinen Part bis ins
360 3074 1312 3132 Man kommt im besten Falle über einige melo¬
203 3088 351 3138 psycho¬
2289 3102 3249 3157 aus und belohnte die Ausführenden. Der Vor¬
1313 3111 2275 3164 Kleinste beherrschen muß, jeder muß auch ein guter
358 3117 1312 3165 dische Schnörkel nicht hinaus. Aber wie sollie der
211 3126 349 3177 seinen
2285 3143 3261 3201 hang mußte sich viele Male heben und Sängers¬
1317 3151 2269 3194 Darsteller sein. Es handelt sich in diesem Schau¬
358 3152 1305 3217 Komponist des Dramatikers Worte anders fassen.
193 3165 346 3215 de Vor¬
2274 3178 3254 3236 leute, Kapellmeister und Regisseur konnten den
1325 3187 2267 3238 spiel um einen Ausschnitt aus der Wirklichkeit des
365 3193 1317 3249 Im Orchester spiegelt sich nicht nur die Handlung
198 3204 356 3258 is mit
2284 3225 3257 3285 vielgeliebten Beifall in Masse einheimsen. Und
1312 3221 2279 3283 Lebens. Mit theatralischen Gespreiztheiten ist da
361 3230 1313 3285 wieder, die Musik illustriert nicht nur jedes Wort,
203 3234 374 3293 ist, zu
2270 3265 3098 3320 was das Beste daran ist: er war verdient.
1324 3264 2273 3321 nichts zu machen. Die Sprechtechnik verlangt
201 3269 1317 3331 fiernden sie behält vor allem noch Zeit und zeigt von Neu¬
2691 3302 2867 3352 Sas
3101 3293 3203 3363 ir 9.
364 3295 2310 3372 manns Gnaden die Kraft, ein eminenter Stime ebenfalls besondere Sorgfalt. Denn das Wort!
2653 3376 2848 3463 2—
1875 3393 1933 3467 Wn
1908 3353 2953 3567 Neietrschten
656 3349 1910 3570 Keelen chiesfe
