3484 4224
348 194 744 269 Liebelei
209 194 1318 285 box 13/8
1221 874 1689 955 Telephon 12801.
846 950 2020 1041 Alex. Welgl's Unternehmen für Zeitungs-Ausschnitte
783 1001 848 1058 W
1002 1038 1785 1159 „OBSERVER“
868 1147 2032 1250 I. österr. behördl. cond. Bureau für Zeitungsberichte u. Personalnachrichten
1048 1238 1871 1307 Wien, I., Concordiaplatz 4.
1263 1296 1648 1365 Vertnetungen
868 1335 2011 1418 in Berlin, Budapest, Chicago, Genf, London, Newyork, Paris,
932 1398 1966 1445 Rom, Mailand, Stockholm, Kristiania, St. Petersburg.
1153 1433 1753 1519 (Quellenangabe ohne Gewähr.)
867 1580 2092 1657 Ausschnitt aus ener Bersoncourfer
863 1708 1449 1797 vom: -6. 3. 1904
989 1820 1976 1891 Im besonderen Falle „Rose Bernd“ wurden
926 1870 1974 1930 Gerhart Hauptmann alle Aufführungsrechte vom
929 1915 1973 1973 Wiener Burgtheater wieder eingeräumt, im Uebrigen
923 1954 1977 2010 aber ist es um diese Rechte der Dramatiker auf ihre
931 1997 1970 2051 eigenen Dichtungen am Burgtheater recht übel be¬
929 2051 1972 2112 stellt. Ueber die Schutzlosigkeit der Burgtheater¬
925 2087 1972 2148 Dichter wird der „Tgl. Rdsch.“ aus Wien ge¬
927 2135 1973 2177 schrieben: Während in allen Theatern der Welt
939 2149 1980 2224 Verträge abgeschlossen werden zwischen Leitung
1440 2207 1477 2266 d
1578 2205 1988 2255 die beiderseitigen
923 2210 1252 2266 und Dichter,
926 2256 1964 2305 Wünsche zu Worte kommen können, hat der Dichter,
933 2287 1965 2340 der das Glück hat, im Burgtheater aufgeführt
1398 2321 1970 2386 den sogenannten „Tan¬
1019 2329 1398 2394 werden: einfach
920 2331 1021 2396 zu
934 2368 1944 2421 tieme=Revers zu unterschreiben, ein ge¬
1364 2404 1971 2466 in dem nur der Titel
924 2413 1364 2469 drucktes Formular
939 2456 1966 2501 des Stückes, der Name des Verfassers und das
938 2486 1973 2535 Datum auszufüllen sind. Während bei einem!
935 2532 1971 2593 Vertrag der Dichter sich Verschiedenes über Auf¬
1643 2571 1977 2632 w. ausbedingen
942 2582 1562 2630 führungstermin, Besetzung u.
1089 2611 1969 2659 ist er dem Burgtheater mit Haut und
943 2617 1079 2672 kann,
943 2659 1976 2707 Haar überliefert, er giebt alle Rechte über sein
933 2698 1971 2745 Werk dabin, ohne daß ihm auch nur die kleinste
930 2734 1967 2816 Forderung — außer den 10 v. H. der Einnahme
916 2803 1658 2883 bei einem abendfüllenden Stück,
1780 2813 1950 2883 H. bei
923 2860 1968 2928 einem Einacter — zugestanden wird. Verschwindet ein
926 2913 1960 2966 bereits gegebenes Stück vom Spielplan, so ist dem
939 2945 1952 3008 Dichter das „Recht“ eingeräumt, die Direction, falls
931 2986 1950 3050 das Stück zwei Jahre lang nicht gegeben wurde,
933 3031 1948 3079 daran zu „erinnern“. Wird es in den darauffolgenden
935 3070 1948 3130 sechs Monaten trotzdem nicht aufgeführt, so darf
921 3109 1948 3182 der Autor es in den weiteren sechs Monaten zur
921 3137 1955 3213 Freigebung für den „Polizejrayon“ Wien verlangen.
926 3184 1142 3240 So rief z
1169 3188 1939 3258 B. Schuitzlenseine „Liebelei“ der
917 3219 1313 3281 Direction wieder
1313 3229 1926 3293 ins Gedächtniß, worauf sie
922 3269 1946 3334 im Verlauf von sechs Monaten für einen
910 3316 1947 3379 Abend wieder auf dem Spielplan erschien.
910 3340 1947 3413 Noch ein weiteres Recht hat sich die Burgtheater¬
915 3384 1946 3454 Direction vorbehalten. Während das allgemein giltige
914 3418 1935 3480 Gesetz dem Autor nach seinem Tode eine dreißigjahrige
912 3464 1949 3515 Schutzfrist gewährt, bedingt sich das Burgtheater eine
921 3509 1951 3568 bloß fünfzehnjährige aus. Der Vertreter
915 3554 1937 3614 Gerhart Hauptmann's. Justizrarh Paul Jonas,
914 3583 1942 3642 ferner Justizrath Paul Michaelis in Berlin, sowie
902 3631 1950 3694 viele deutsche Dramatiker haben bereits mehrmals
913 3667 1956 3755 Feldzüge gegen diese eigenmächtigen Regeln des Burg¬
903 3718 1665 3787 theaters eingeleitet, bis jetzt vergeblich.
