3484 4224
831 147 1278 235 box 12/8
279 156 677 225 Liebelei
268 202 708 268 den den enee enen
1142 944 1388 1036 8. Berlis,
1004 1067 1408 1172 1 5. Okt. 1925
649 1145 1444 1264 Komödie der Liebe.
462 1247 1641 1351 Schnitzlerabend im Staatl. Schillertheater.
523 1308 1646 1397 Fritz hätte nicht mit der Christine liebeln sollen. So etwas
458 1376 1637 1445 jehört sich nicht. Einem Menschen bricht man kein Herz wie
459 1422 1641 1488 eine Feldblume, die dem Vergnügen der Sonntagsausflügler
448 1464 1636 1525 gewidmet ist. Als Christine ihn kennen lernte, dalberte Fritz
459 1504 1640 1574 noch mit einer verheirateten Frau umher. Das ist auch nicht
449 1541 1634 1616 einwandfrei, vor allen Dingen gefährlich, mitunter tödlich, wie
449 1587 1630 1654 hier. Der eingesetzte Ehemann verlangte Recht und Nache von
453 1631 1645 1707 dem Draufgänger=Studiosus. Fritz klappte die Hacken zusammen
446 1671 1634 1747 und wollte dem Recht genügen, indem er sich dem beuntreuten
441 1720 1640 1794 Ehemann zur Verfügung stellte. Der Nache unterlag der gute
442 1775 1636 1819 Junge im Duell. Natürlich löste sich daraufhin Christine in
446 1807 1634 1874 Schmerz und Trauer auf, weil ihr die Sache mit Fritz kein
438 1853 1630 1920 Spaß, kein Zeitvertreib, keine Liebelei gewesen war, sondern erste
438 1906 1630 1966 Liebe. Was macht Christine? Sie wird ihm vom Diesseits zum
448 1936 1630 2025 Jenseits folgen, da ihr sein Tod sehr, vielleicht ein bißchen zu
436 1973 676 2040 nahe geht.
518 2023 1621 2104 Jürgen Fehling, der große Stimmungsakustiker, insze¬
435 2081 1628 2148 nierte Schnitzlers süßliche Empfindlichkeit des Wienertums
445 2134 1625 2195 „Liebelei“ mit leichten Späßen auf die damalige Zeit und
453 2160 1622 2233 ihr Kostüm. Das Spiel zeigte jene durchgearbeitete Pflege und
442 2206 1626 2291 Kultiviertheit, die wir bei Fehling als die Grundlage der Be¬
444 2250 1046 2319 gabung zu erkennen vermögen.
509 2297 1630 2378 Lucie Mannheim: Christine. Erwecktes Mädchentum
442 2345 1616 2413 mit kleinbürgerlichen Träumereien, dabei rein und tief in offe¬
439 2393 1616 2460 ner Liebe zu dem Mann ihrer Sehnsucht. Aus stiller Zurück¬
441 2436 1628 2480 gezogenheit braust in der Qual bitterer Erkenntnis eine Leiden¬
444 2475 1620 2537 schaft, die ganz Besitz nimmt von dem jungen Leben. Lucie
433 2519 1625 2586 Mannheim stützte die Rolle mit der Stärke ihrer Begabung,
427 2570 1617 2631 Temperament und Lieblichkeit in der Harmonie des Ausdrucks
435 2614 1610 2663 zu vereinigen und die künstlerische Sammlung auf innere Ent¬
428 2654 1624 2706 ladungen zu halten. Der Schluß mit den unaufhörlichen Er¬
438 2693 1625 2760 güssen von aufgepeitschter Sinnlichkeit und der Ekstase des
438 2745 1620 2790 Augenblickes wurde (bei dem anstrengenden Charakter der
420 2789 1610 2851 Rolle hoch einzuschätzen) zu einem herzzerreißenden Anblick. Die
427 2838 1617 2881 Künstlerin sollte einmal in der Größe ihrer Begabung erprobt
422 2864 1620 2933 werden, etwa als Puck im Sommernachtstraum, den sie sicher mit
424 2911 1611 2979 der schelmischen Grazie und spukhaften Laune überaus treffend
422 2948 1610 3024 geben würde. Man darf solch eine ursprüngliche, künstlerisch
421 2999 1618 3074 vornehme und ausgeglichene Schauspielerin nicht immer nur mit
432 3034 1078 3090 den Zufällen des Tages belassen,
502 3088 949 3139 Maria Paudler:
977 3065 1606 3157 Cristines Freundin, ein fesches,
431 3119 1612 3190 süßes Wiener Mädel. Modell mit Besatz von Flirt und kindlich
421 3176 1612 3242 berechnender Sorglosigkeit. Ein Rhythmus, eine Stimmung,
432 3217 1609 3281 eine Grazie und Weichheit lag in der Person, daß einem das
417 3270 1610 3339 Herz vor Freude am schönen Menschen hüpfte. Maria Paudler,
1669 1159 2867 1248 hervorragend bekannt geworden als Natalie in der denkwür=
1671 1205 2839 1257 digen Prinz=von=Homburg=Inszenierung des Staatstheaters.
1671 1244 2851 1337 spielte mit jener gewandten Sicherheit, die nur dem Instiekt
1664 1290 2323 1350 einer Künstlerin entwachsen kann.=
1734 1332 2844 1404 Mathilde Sussin: eine Wiener Spießerin ohne Er¬
1661 1369 2842 1445 innerungen, nur mit Gegenwartsgefühlen für ihren jungen Ver¬
1664 1426 2843 1486 wandten, der schon fest angestellt ist und daher Berechtigung auf
1656 1468 2848 1521 Einheirat und Familienleben haben soll. Eine Episode voll
1661 1502 2084 1563 Komik und Wirkung.
1734 1550 2839 1608 Vier gediegene Mannsleute: Jakob Tiedtke, Christines
1664 1585 2838 1663 senkrechter Vater, Richard Duschinsky, Fritz, der Tölpel
1656 1637 2843 1724 der Liebe, Heinrich Schnitzler, Arthurs talentierter
1669 1676 2843 1740 Theatersohn, als Fritzens Freund und Albert Patry, der
1726 1723 2400 1786 #er der verlorenen Ehre seiner Ehe.
1725 1765 2831 1835 Als Vorkost bot man eine einaktige Skizze „Weihnachts¬
1652 1809 2826 1886 einkäufe“, auch aus der Zeit des jungen Arthur Schnitzler,
1652 1839 2829 1923 die besser nicht dramatisiert geblieben wäre. Soziale Fragen
1665 1894 2832 1967 schmückt Liebe. Die Zurückhaltung einer „mondänen“ Frau wird
1657 1943 2835 2024 bloßgestellt vor dem Mut eines kleinen Vorstadtmädchens, das
1643 1976 2532 2047 liebt, ohne zu wissen, welches Glück sie bewirtet.
1724 2027 2832 2103 Ein leichter Dialog am Weihnachtsabend in Wien. Schnee
1663 2063 1768 2120 fällt.
1771 2080 2832 2142 Lichter entzünden sich. Der Weihnachtsmarkt schließt.
1651 2112 2829 2178 Dos Fest stcht vor der Tür. Eine kurze Passage zwischen der
1657 2141 2837 2223 Frau und dem Mann, der „Mondänen“ und dem philosophischen
1654 2195 2829 2266 Weltmann der Liebe. Die Frau bekennt mangelnden Mut, der
1652 2246 2833 2326 ihr allerdings auch schwer fallen muß, da sie bereits verhei¬
1640 2277 1824 2340 ratet ist.
1721 2307 2822 2403 Jehling führte auch hier ein feines, stimmungsvolles Spiel.
1638 2369 2829 2447 Lina Lossen: Die Frau ohne den Wagemut eines Aben¬
1646 2414 2824 2485 teuers, viel weniger eines echten, unerlaubten Gefühls. Sehr
1650 2452 2827 2534 ansprechend, charakteristisch, bezwingend. Erwin Faber: der
1652 2496 2827 2566 Herr mit Erfahrungen in Liebe und Vorstadt. Ein Narr des
1632 2548 2824 2618 Lebens, da ihm das Nein einer Frau entgegentrat, wo er ein
1644 2587 2824 2660 Ja sich verstecken sah. Faber unterlegte Melancholie mit der
1643 2636 2813 2692 Hoffnung auf Besserung in den Armen seiner lieben kleinen
1650 2670 2161 2735 Freundin aus der Vorstadt.
1713 2714 2811 2796 Dem Publikum gefiel manche Stimmung und mißfiel man¬
1642 2769 2809 2837 ches reichliche Gefühlsgewäsch über Dinge, die uns ja ach! so
1638 2813 2814 2883 fern und nichtig erscheinen. Komödie der Liebe — Tragikomödie
1631 2852 2556 2921 der Zeit und des Schriftstellers Arthur Schnitzler.
2391 2897 2864 3003 Alfred Mil—
