3344 4256
499 155 855 227 Liebele1
335 168 945 266 5. Sennenn
1034 140 1459 237 box 10/7
1874 118 2766 215 Theater umd Mulik.
1898 188 2787 239 ss Münchner Schauspielhaus. Gestern Dienstag
1859 238 2789 303 spielte Adele Sandrock die „Ehristine“ in Schnitzlers
1856 284 2786 347 „Liebelei“ und die „Annie“ in der famosen Szene aus
1859 333 2784 393 dem Anatol=Cyklus desselben Autors, „Abschieds¬
1877 378 2782 437 souper“. — Christine und Annie — ein Gegensatz, wie
1862 422 2778 466 man ihn großer sich nicht denken kann. Nur eine große
1869 455 2784 505 Künstlerin oder eine große Virtuosin vermag in beiden
1858 495 2789 532 Rollen zu triumphiren. Und daß die Sandrock wahrhaft
1860 532 2789 572 die geniale Künstlerin ist, von der wir solches erwarten
1867 568 2777 609 durften, das bewies sie gestern. Zuerst in dem wehmüthig¬
1851 604 2790 645 heiteren Schauspiel „Liebelei". Eine einfache, maien¬
1858 647 2793 682 zarte duftige Liebesgeschichte, deren Mittelpunkt die
1866 683 2783 723 Christine, ein süßes, blondes Mädel, bildet. Eins von
1864 715 2795 770 jenen köstlich bescheidenen Blümchen auf dem weiten
1863 746 2789 801 Anger des Daseins, die, wenn einmal die Liebe über sie
1871 791 2788 840 ihre Sonnenstrahlen ausgießt, aufblühen, märchenschön,
1850 840 2794 883 über Nacht, blühen und duften und — vergehen beim
1867 867 2791 918 ersten rauhen Hauch, der über sie hinweht... Dieses
1852 905 2794 954 Musikertöchterlein nun, das eine große, erste Liebe tödtet,
1851 947 2802 987 weil es zu tiefgründig ist, um den großen ersten Schmerz
1851 994 2801 1038 zu verwinden — dies wunderbare Geschöpf mit den
1854 1026 2801 1072 Veilchenaugen und Kirschenlippen und der guten, goldenen
1852 1063 2789 1103 Seele wurde von Adele Sandrock verkörpert. Es war ein
1851 1107 2800 1157 Gebilde aus Meisterhand und Meisterherzen. Nicht das
1851 1133 2806 1182 kleine, stille Wiener Mädel, das man erwartete. Die
1850 1178 2804 1230 Sandrock enthielt sich des Dialekts und sie nahm
1855 1201 2806 1260 dadurch ihrer Christine wie dem Stück selbst einen
1847 1259 2798 1307 der wesentlichsten Grundtöne, der nicht so leicht
1841 1290 2792 1340 durch etwas Anderes zu ersetzen war. Sie aber er¬
1856 1331 2808 1376 setzte es doch und durch das Beste, was sie bieten
1858 1372 2797 1411 konnte: durch den Zauber ihrer eigenen Persönlichkeit.
1844 1408 2648 1453 Durch ein ergreifendes Spiel, durch eine Ein
1855 1446 2612 1495 die ich monumental nennen möchte, fürchtete ich
2085 1485 2479 1536 werden. Eine Einfachhei
1852 1526 2443 1584 suns erklingen und erzittern macht,
2172 1564 2468 1612 s Herzens fluthend
1978 1602 2033 1646 nK
2296 1603 2445 1653 macht.
2126 1601 2235 1654 naufth
2065 1603 2099 1646 e
2339 1645 2465 1691 ne verzie
2326 1681 2504 1729 redete etwe
2333 1717 2512 1767 Wammsi
2282 1754 2564 1810 t mit dem ungest
2253 1790 2525 1846 dem heißen Begeh
2271 1832 2580 1886 Thränen immer
2267 1872 2635 1926 Frage der armen ver
2227 1912 2691 1968 ich ihm denn?!“ wird auf
2195 1952 2684 2005 ock zu einer erschütternden,
2221 1989 2656 2038 gegen Jene, die mit ewige
2205 2032 2568 2072 erständnißlos über di
2300 2064 2531 2115 Genuß. W
2291 2106 2468 2155 ann muß mn
2293 2143 2388 2189 en. A
2288 2180 2448 2231 mit dem K
1878 2259 2124 2307 in Weib auf der
2228 2257 2492 2306 e, still, in sich v
2659 2261 2799 2313 Kaum,
1856 2298 2575 2342 daß es sich bewegt. Nur die Seele spricht, die
2623 2295 2798 2345 gen reden
1835 2335 2801 2406 — die Worte wandeln sich in eine erschütternde Symphonie
1852 2390 2797 2449 der Liebe und des Leids ... In diesem dritten Akt wuchs mit
1848 2430 2797 2490 der Sandrock auch unser vortrefflicher Wallner zu wahrhaft
1856 2472 2791 2507 erhabener Größe empor. Sein alter Musikus ist eine künst¬
1857 2511 2776 2559 lerische Leistung ersten Ranges. Fräul. Bré als die leicht¬
1852 2550 2792 2597 lebige, gedankenleichte Mizi Schlager traf den Cha¬
1843 2578 2801 2637 rakter und Ton dieser neben der Christine köstlichsten
1851 2619 2793 2677 Figur des Schauspiels meisterlich. Ausgezeichnet war
1854 2667 2791 2715 auch Herr Steck als Theodor, recht gut Herr Röhl
1841 2703 2785 2750 als Fritz und Fräulein Enzinger als Katharine. Ihr würde
1857 2749 2793 2794 nur noch ein wenig mehr Dialekt anzuempfehlen sein. Der
1853 2778 2786 2829 Unbekannte des Herrn Sturm würde bedeutend mehr ge¬
1856 2816 2797 2869 wirkt haben, wenn er ihn nicht zu theatralisch aufgefaßt
1855 2855 2788 2909 hätte. Waxum schrie er wie ein Othello? Es ist ebenso un¬
1852 2897 2802 2954 wahrscheinlich wie unwirksam. Gerade eine eisige Ruhe,
1845 2937 2798 2971 die wie der Hauch des Todes mit dem Unbekannten zur
1857 2971 2805 3015 Thüre hereinkommt, macht die Figur zu dem, was sie sein
1856 3015 2297 3065 soll: zur Nemesis. — —
2300 3011 2795 3068 Und nun das „Abschieds¬
1856 3045 2796 3106 sauper"! Man kennt ja die kleine Sache: Eine Ballerine,
1856 3101 2795 3142 die ihrem unbequem gewordenen Liebhaber den Abschied
1852 3127 2794 3180 gibt. Und diese Ballerine — die herbe, ernste Sandrock!?
1865 3169 2807 3222 Sie kam, aufgedonnert, eine echte Theaterprinzessin mit
1869 3218 2801 3255 50 Mark Gage, herein —: das war nicht mehr die
1867 3251 2797 3294 Sandrock, das war eine ganz, ganz andere Künstlerin,
1871 3288 2793 3333 eine Humoristin allerersten Ranges und ein kecker
1855 3318 2803 3375 Schalk dazu. Wie sie das gab: eine „von's Ballet“ mit all'
1853 3361 2806 3413 den Allüren der Coulissenratie, die auch zuweilen, wenn's
1863 3404 2803 3450 die „Kunst“ allein nicht mehr thut, auswandert, um jene
1853 3441 2802 3480 Cafés zu bevölkern, in denen die Jennesse Dorée — keinen
1853 3479 2797 3526 Cfaé trinkt; frech und gefräßig, eitel und lüstern; lüstern
1862 3519 2804 3563 nach Allem: nach Gold, Sekt, Austern . .. Eine Mischung
1866 3558 2823 3598 von Cynismus, Dummheit und goldenem Humor. Und
1865 3599 2822 3642 das verkörperte die Sandrock mit einer — ich muß das ab¬
1867 3633 2817 3686 genützte Schlagwort gebrauchen — Verve, einer Drastik in
1855 3672 2824 3724 Mimik und Spiel, die wahre Stürme von Heiterkeit ent¬
1861 3710 2805 3758 fesselten. So ist im Schauspielhaus noch nicht gelacht wor¬
1865 3751 2831 3793 den, wie gestern! Die Herren Stock und Sturm standen
1863 3794 2826 3840 ihrer Partnerin wacker zur Seite. Aber der jubelnde Bei¬
1867 3827 2814 3862 fall, der gar nicht mehr enden wollte, galt wohl ausschließ¬
1861 3862 2816 3915 lich Fräulein Sandrock, die Herrscherin und Meisterin in
1859 3914 2821 3962 den zwei Reichen der Kunst zugleich ist: in Tragik und
1849 3943 2035 3996 Humor!
