3344 4256
479 189 725 265 iebe
282 190 1426 307 5 ei box 11/2
1111 1051 1519 1156 Telephon 12801.
359 1234 1504 1372 P aieterkenrehung
377 1331 1520 1418 Ο l. österr. behördl. konz. Unternehmen für Zeitungs-Ausschnitte
553 1375 1432 1500 Wien, I., Concordiaplatz 4.
782 1467 1208 1539 Vertretungen
450 1503 1518 1593 in Berlin, Budapest, Chicago, Christiania, Genf, Kopen¬
415 1546 1535 1641 hagen, London, Madrid, Mailand, Minneapolis, New-Vork,
489 1584 1495 1679 Paris, Rom, San Francisco, Stockholm, St. Petersburg.
798 1639 1196 1696 (Quellenangabe ohne Gé7fhr.)
1141 1652 1364 1728 9. 1907
413 1716 1328 1794 & Ausschnitt aus: Freie Deutsche Presse
382 1791 446 1836 820
705 1766 1459 1859 Freisinnige Zeitung, Berlin
382 1819 631 1887 E vom:
574 1939 1486 2048 Kunst und Wissenschaft
509 2037 1645 2086 In den Kammerspielen des Deutschen Theaters ging am
437 2056 1655 2134 Donnerstag Arthur Schnitzlers dreiaktiges Schauspiel
445 2106 1642 2176 „Liebelei“ zum erstenmal in Szene. Diese schlichte, lebens¬
438 2136 1647 2212 wahre bürgerliche Tragödie verlangt — das bewies dieser Abend
456 2160 1656 2242 — keineswegs den intimen Rahmen, den die Kammerspiele bieten.
437 2221 1644 2284 Die Wirkung war freilich auch diesmal eine tiefe, aber nicht tiefer,
443 2262 1649 2325 als sie bei guter Darstellung sonst stets zu sein pflegt. Die Regie
435 2299 1653 2356 hatte keine Gelegenheit, die Eigenart des Raumes zur Geltung zu
445 2343 1652 2400 bringen, und so waren es die Schauspieler und ihre Leistungen
446 2382 1652 2442 allein, auf die sich die Aufmerksamkeit der Zuschauer konzentrierte.
452 2421 1657 2487 Die Christine wurde von Lucie Höflich sehr zutreffend
1556 2461 1658 2505 die
1181 2460 1554 2520 eine Figur auf
965 2471 1165 2524 sie es,
439 2477 965 2529 gegeben. Klug vermied
450 2496 1659 2568 Bühne zu stellen, auf der von Anfang an schon eine
447 2536 1652 2606 Ahnung des drohenden Unheils lastet. Im ersten Akt war
438 2579 1656 2652 sie ganz das herzige „süße Mädel“ ohne doch die Charakterzüge
449 2610 1655 2683 zu verleugnen, die sie von ihrer leichtfertigen Freundin Mizi fühl¬
445 2657 1668 2715 bar unterscheiden, und die den Ausbruch trostloser Verzweiflung am
447 2685 1674 2762 Schlusse erklärlich erscheinen lassen. Ergreifend wußte sie im zweiten!
454 2740 1655 2803 Akt zur Erscheinung zu bringen, wie sie gegen den von einer
450 2783 1659 2841 finsteren Zukunft vorausgeworfenen Schatten ankämpft und wie sie sich
459 2816 1668 2872 ihm zu entziehen sucht, und ganz auf der Höhe reifer Kunst befand
449 2871 1663 2924 sie sich im letzten Aufzuge, als es ihr zum Bewußtsein kam, daß
448 2909 1654 2952 sie für den immer noch geliebten Fritz nur ein Spielzeug unbe¬
456 2928 1657 2995 schäftigter Augenblicke gewesen war. Von den übrigen Darstellern
443 2973 1660 3034 kamen ihr nur noch Hans Pagay (Hans Weiring) und
452 3014 1664 3073 Sophie Pagay (Strumpfwirkersfrau) gleich. Grete
452 3070 1673 3105 Berger war als Mizi zwar ein frisches, munteres Mädchen,
444 3095 1667 3152 aber eine individuelle Ausgestaltung dieser Rolle vollbrachte sie
444 3136 1671 3190 nicht. Auch Eugen Dumont (Fritz) und Alexander Elert
454 3170 1674 3243 (Theodor) erhoben sich nicht sonderlich über das gewöhnliche Niveau;
453 3214 1672 3264 der Erstgenannte besonders versäumte es mehrfach, charakteristischen
453 3251 1670 3317 Feinheiten des Dialogs durch das Spiel zu ihrem Rechte zu ver¬
452 3296 1677 3351 helfen. Den Herrn, der das frohe Beisammensein der vier jungen
462 3334 1688 3398 Leute so jäh unterbricht, gab Albert Steinrück mit guter
451 3389 989 3457 Haltung und warmem Ton.
2782 987 2982 1072 Sersburg.
2460 1016 2678 1114 W Oteihr
1959 1101 2347 1179 eschnitt aus:
2331 1108 3048 1236 Die Welt am Kontag, Berim
2693 1191 2999 1287 23 9.4907
1846 1220 2075 1280 E vom:
1991 1334 2892 1458 Theater und Musik.
2123 1425 2732 1504 (Fortsetzung aus dem Hauptblatt.)
2196 1483 2656 1571 Kammerspiele.
2282 1546 2579 1606 (Liebelei.)
1917 1574 3015 1659 Die vornehmen Räume der Kammerspiele, diese Sehenswürdig¬
1834 1629 3022 1694 keit Berlins, nahmen zum ersten Mal in diesem Winter Premieren¬
1837 1681 3021 1731 gäste auf. Die Arbeit Schnitzlers hatte ein gutes Renommee und
1832 1717 3023 1784 so sah man den komgen mit Behagen entgegeut¬
1823 1764 3017 1820 Mancher freute sich wohl auch auf ein Wiedersehen — auf ein
1827 1810 3030 1860 Wiedersehen mit dem Stück, das bereits vor zwölf Jahren in Berlin
1831 1853 3024 1910 gegeben wurde und ihn damals stark in seinen Bannzu ziehen ver¬
1832 1902 3021 1953 mochte. Derartige Wiedersehen haben ihren Reiz — und ihre Ge¬
1835 1933 3029 1999 fahr. Man it selber älter geworden und auch die Stücke bleiben
1836 1983 3033 2039 nicht immer jung. Ich war vor zwölf Jahren anddiesem Abend
1831 2024 3034 2095 nicht rabei, aber ich glaube kaum, daß die „Liebelei“theute so stark
1836 2068 3032 2133 wirkte, wie sie es damals getan haben mag. Wir sind älter ge¬
1833 2106 3034 2154 worden und das Stück ist es auch. Man wird kaum Widerspruch
1832 2145 3019 2193 begegnen, wenn man heute im „grünen Kakadu“ die beste und
1827 2197 3030 2258 geistreichste Arbeit Schnitzlers sieht. Nichtsdestoweniger ist die
1834 2245 3026 2294 „Liebelei“ des vornehmen Raumes würdig, in dem sie gegeben
1828 2284 3017 2345 wurde. Sie ist eine Arbeit, in der sich feiner Kunstverstand und
1828 2317 3033 2388 menschenverständiger Sinn betätigen. Der letztere kommt vor allen
1824 2375 3020 2424 Dingen in dem alten Musikanten zu Wort, bei dem man an den
1827 2412 3024 2474 Musikanten Miller und seine Tochter freilich nicht denken darf.
1831 2457 3015 2505 Mir gefällt am besten der erste Akt, vor allem die Szenen zwischen
1832 2495 3025 2552 den beiden jungen Leuten, in denen man einen klugen und etwas
1830 2529 3021 2609 müden Weltmann reden hört. Der letzte Akt stellt besonders an die
1830 2580 3022 2648 Darstellerin der Christine sehr starke Ansprüche und da traf es
1824 2626 3025 2675 sich so günstig, daß Frl. Höflich diese Ansprüche in wahrhaft
1830 2676 3021 2740 überschwenglicher Weise zu erfüllen wußte. Die Christine ist dem
1829 2713 3016 2780 Dichter nicht ganz geraten. Es fehlt ihr eines Dosis Liebens¬
1824 2763 3026 2802 würdigkeit und auch eine Dosis von der unerschrockenen Sinnlichkeit,
1827 2801 3026 2863 die schließlich doch dazu gehört, wenn ein derartiges Mädel die
1826 2840 3030 2902 Maitresse eines reichen Jungen werden soll. Frl. Höflich gab zu¬
1833 2887 3025 2947 nächst dem Dichter allzu willig nach und bildete die Gestalt allzu
1828 2922 3018 2975 sehr nur aus Gefühl und Treue. In der Schlußszene aber warf
1832 2964 3016 3021 sie alle Bedenken über den Haufen und wuchs so stark empor, daß
1833 3011 3016 3066 jeder Einwand verstummen muß. Die beiden jungen Leute wurden
1829 3063 3003 3119 von Dumont und Ekert intelligent und fein gespielt. In
1821 3097 3021 3171 der Rolle einer leichtfertigen Modistin war Grete Berger lustig
1830 3153 3022 3217 und fesch. Pagay blieb etwas hinter dem Möglichen zurück,
1823 3187 3027 3264 während Sophic Pagay eine Charge zu guter Wirkung brachte.
1836 3233 3020 3299 Die Regie Bernauers gefiel mir vor allem im ersten Akt.
2822 3277 3006 3339 G. S.
2381 3298 2672 3384 — 1
