3436 4352
900 106 1363 225 box 10/1
373 140 743 217 Liebele
229 140 915 238 5. ME 1
146 873 855 937 nung, dag die Sache in weiteren. Kreisen!
845 872 3168 926 Milter und Wige sinden müssen, das Padlikum zu schützen. Die! rine Fabritanten gute Geschäfte machen und tausende und aber= ein
845 927 1946 984 Vorlage soll nicht blos ein kalmirendes Tranklein sein, sondern
143 932 846 976 lsredakteur der „Köln. Volksztg.“ hat nie¬
3041 924 3189 979 daßt
1942 928 3036 971 tausende von kleinen Bauernexistenzen geschädigt werden! Unsere
3041 955 3190 1028 behint
838 962 1956 1017 wir müssen durch eine gründliche Operation den kranken Körper
1946 967 3036 1017 steuerlich stark belastelen rheinischen Dauern insbesondere haben
152 963 847 1038 ngen mit anderem Maße genessen als die
845 1000 3197 1075 zur Gefundung führen. Der wirthschafteiche Korper keidel on einerf unter der konturrenz des hollandischen und nberfeeischen Schlacht=f hoffen.
841 1091 1946 1149 1 verstimmt und eifersüchtig, denn sie hat Fritz am Abend vorher im
1936 1090 3037 1144 Augen aufschlagen. wird die Welt jung und neu und der Moder
3020 1080 3239 1158 rischer Ei
3042 1123 3244 1181 Daten ü
857 1132 1943 1182 Theater an der Seite einer andern Frau gesehen. Von dieser Dame
1947 1129 3047 1197 begrünt sich, und süße Weisen von nie gehörtem Klang ertönen
147 1078 750 1204 s Feuilleton.
908 1171 1940 1221 schwarzen Sammtkleid ist viel die Rede. Fritz wehrt den Druck,
1942 1163 3043 1220 weithin und das Vergänglichste zeigt seine unsterbliche Dauer. In
3028 1075 3254 1268 125
937 1215 1948 1272 ihn mitunter beschwert, gewaltsam ab, aber während sie tafeln
1938 1208 3049 1269 diesem Stücke sind die tiefen Athemzüge der Wirklichkeit. Nichts
298 1211 803 1291 Frankfurt, 11. Januar.
3040 1238 3234 1299 her dort.
943 1255 1940 1306 schwatzen, steigt das Verhängniß bereits die Treppe hinan.
1948 1251 3038 1305 ist darin, das unschön, selbst in geltenden Sinne, oder unwahr oder
129 1273 850 1330 s.] Was ist Liebelei? Liebe ohne
3032 1281 3273 1342 Korrespond
834 1277 1953 1349 Draußen läutet es. Fritz erschrickt und geht nachsehen, wer zu so
1940 1280 3037 1349 unlebendig oder gar übertrieben wäre. Seine Menschen sprechen
148 1323 844 1377 rt auch. Aber hier halten beide krieg¬
847 1326 1941 1380 später Stunde störe. Es ist jener Gatte, der Mann der ge¬
3044 1325 3263 1380 sachen der
1954 1316 3036 1376 unsere Sprache, fühlen unsere Empfindungen, vollführen unsere
144 1355 850 1415 erzen und ihre Sinne behutsam fest. Die
842 1363 1947 1418 heimnißvollen Dame im schwarzen Sammtkleid; er hat alles
3042 1363 3232 1417 habe ich 1
1947 1369 3044 1415 Handlungen. Mit scheinbar äußerster Kunstlosigkeit, blos wie ein
155 1404 851 1451 Form der Liebe aus, in ihrer Hingebung
3033 1401 3264 1469 Aeußerung
853 1407 1946 1454 erfahren und kommt Genugthuung fordern. Uebermorgen werden
1949 1407 3054 1468 scharfer Beobachter, nichts Kleinstes aus dem Blick lassend, wirft
140 1419 850 1491 Pie Ewigteit ihrer Schwüte jedoch ist wie
844 1426 1945 1498 sich Beide schlagen, und Fritz weiß, daß sein Schicksal entschieden ist.
1937 1446 3042 1495 der Dichter diese simple Lebensskizze hin, allein man merkt gar bald,
3182 1446 3270 1495 Di
140 1480 840 1538 sie lebt im Tage, in der Stunde; sie fühlt
3040 1472 3245 1536 silberf
842 1470 1936 1531 Die beiden Mädchen und Theodor, die währenddeß im Nebenzimmer
1938 1474 3039 1540 welch starke Absicht das lose Gefüge beherrscht, welch heller und
140 1510 850 1568 hste Morgen sie bedroht, sie lockert und
3034 1515 3265 1577 torin des?
1943 1513 3036 1571 warmer Geist es durchdringt, welch goldenes Poeten=Mitleid sich zu
836 1522 1951 1573 gewartet. kommen wieder zum Vorschein, aber mit der fröhlichen
147 1561 850 1615 das Beste, daß beide Theile im Stande
3041 1554 3263 1619 kürzlich au
1949 1558 3046 1614 den Gestürzten niederbeugt und welch gesunder Manneszorn die
849 1560 1946 1613 Laune ist es vorbei. Man schwatzt noch ein wenig, dann begleitet
139 1594 856 1649 und gleichmüthig neuen Täuschungen zu¬
3032 1596 3234 1655 Geologie
1946 1593 3044 1654 grausamen Widersprüche der Weltorbnung geißelt. Und wie sich die
840 1602 1941 1661 Theodor die Mädchen nach Hause. Von unten, von der Straße er¬
143 1637 853 1687 l indessen ist das Lievelei=Verhältniß be¬
842 1628 1939 1685 tönen noch ihre Abschiedsgrüße, Mizzi singt, Theodor pfeift. Oben
1946 1643 3047 1683 Stimmung des Ganzen meisterhaft eniwickelt und vertieft, sind alle
3042 1631 3258 1696 unserer Ze
148 1667 847 1727 en derartig, daß die jungen Männer der
850 1667 1939 1735 bl ibt Fritz, von Neue und Grauen erfaßt, zurück. Der zweite Akt
3030 1676 3249 1733 Wolgamü
1941 1675 3045 1733 Figuren des Dramas so sicher und scharf umrissen, daß die Schau¬
146 1723 845 1766 nee, da die Töchter ihrer eigenen Kaste zu
3039 1716 3258 1773 sich in sei
1947 1720 3037 1767 spieler mit beiden Händen darnach greifen müssen. Wie die aus Oester¬
839 1721 1943 1767 spielt in Christinens Wohnung. Wir lernen das Milieu kennen,
142 1753 856 1803 rwahrt sind, bei den Mädchen des Volkes
852 1744 1945 1805 in dem das Mädchen lebt, den Vater, die Nachbarn. Fritz kommt
1953 1761 3050 1808 reich stammenden Künstler unseres Theaters das Wienerische Stück
3029 1747 3259 1815 land bis;
152 1792 855 1850 Sie „toben sich aus“ wie die Alten mit
838 1783 1942 1847 Abschied nehmen. Eine Reise, die er vorhat, wird ihn wohl einige Tage
1941 1798 3046 1860 im leichten Wienerischen Dialekt vortrugen, ist des höchsten Lobes
3030 1797 3242 1851 Handel n
139 1822 841 1893 u sagen pflegen. Erst vertreibt ihnen die
844 1831 1945 1885 von Wien fernhalten. Sein Herz ist schwer, und in diesem Zustand be¬
3031 1839 3233 1892 Waare, 6
1936 1836 3047 1877 würdig. Wir wissen Keinen über den Andern zu stellen. Die Herren!
161 1874 842 1919 vertreibt ihnen die Zeit die Liebe. Da
852 1862 1952 1928 ginnter zu spüren, welch großes Gefühl dieses arme kleine Mädchen
1941 1863 3038 1921 Bauer und Bolz in den Rollen der beiden leichtlebigen jungen
3024 1873 3230 1942 zugsweis
154 1910 846 1963 daß der Mann, der mit kühler Ueberleg¬
842 1911 1953 1965 an ihn verschwendet hat. Kaum kann er sich trennen von ihr, von
3036 1918 3226 1984 Beschafft
1946 1920 3044 1967 Leute, Herr Szika, der als Vater plötzlich ergreifende, tragische
145 1950 852 1997 blos Liebelei, das Mädchen dagegen
838 1948 1939 2001 dieser friedlichen Häuslichkeit, von der Aussicht aus diesen Fenstern,
1946 1953 3040 2007 Tone findet, die Damen Landori und Bock in den Parthien
3031 1951 3200 1999 Mittel,
138 1992 852 2054 Beziehung bringt. Dann ergeben sich, wenn
848 1995 1949 2039 die über die vielen Dächer bis hin zum Kahlenberg reicht. Am
1953 1998 3047 2045 der beiden Mädchen, die Erstere mit den großen Schmerzensaus¬
3033 1992 3216 2043 fremdlä:
841 2027 1946 2083 nächsten Morgen wird er im Duell erschossen und im dritten Akt ist
136 2030 849 2079 pfe. Konstikte, Katastrophen, deren Opfer
1949 2030 3046 2094 brüchen am Ausgang des Stückes die Letztere mit ihrer feinen
3038 2032 3221 2091 stand, zi
845 2062 1950 2120 er bereits begraben. Wie Christine davon erfährt, wie sie erräth,
138 2054 855 2125 da es mit thörichter Sehnsucht hoffte, wo
1940 2068 3040 2122 Zeichnung frivoler Kälte, dann Frl. König in einer illustrirenden
3041 2068 3197 2123 solchen
150 2104 849 2155 d da es, keiner Schuld sich bewußt, ein
840 2097 1944 2158 daß er um einer anderen Frau willen gefallen, wie sie alle
1943 2096 3051 2161 Nebenrolle, — sie boten ein geradezu vortreffliches Ensemble, das
3041 2106 3215 2163 ganz be
842 2145 1940 2206 Verachtungen fühlt, die die bürgerliche Gesellschaft einer Liebe,
138 2147 844 2201 n bloßen Traum eingesetzt und ver¬
1941 2137 3053 2209 nur noch in der Tonstärke seiner Rede nach einem nachhorchenden
3028 2140 3205 2203 Bedarf
850 2173 1950 2242 wie der ihrigen, zu Theil werden läßt, wie sie verzweifelt
1948 2173 3048 2241 Ohr verlangt hätte. Das Publikum, anfangs abwartend, überließ
3035 2183 3219 2241 vergrab
147 2188 854 2238 r Voraussetzung geht das neue drei¬
852 2210 1945 2282 aus dem Hause stürzt, während der Vater die Klage erhebt:
1950 2216 3036 2277 sich von Scene zu Scene immer mehr und immer williger der großen
3038 2228 3207 2278 Geld
144 2228 854 2287 ebelei“ von Arthur Schnitzler
3032 2266 3209 2322 sind Be
1379 2263 1953 2325 —, dieser Vorgang beschließt das
855 2265 1371 2315 „Sie kommt nicht wieder!“
140 2269 850 2313 uns zur ersten Aufführung gelangte.
1939 2255 3036 2309 Kunst, die sich hier offenbarte, und ihren mächtigen Eindrücken,
3033 2302 3203 2363 Innerr
846 2300 1950 2352 Stück. — Wie ist es nun zu erklären, daß eine Handlung,
1938 2307 3042 2350 Lebhafter Beifall folgte dem ersten Akte, nach dem zweiten und
148 2311 855 2370 ig bedeutend, daß Niemand, der von ihm
833 2336 896 2393 d
892 2334 1946 2395 ie so geringfügig, ja so einfach und alltöglich ist gleich
1943 2343 3040 2401 dritten wurde der anwesende Dichter wiederholt gerufen. So haben
3026 2341 3202 2403 nicht ge
191 2349 851 2392 Wirkung begreifen wird, die von
3042 2371 3205 2434 sein, ke
853 2381 1943 2434 dieser den Hörer vom ersten Worte an fesselt. anzieht, heunruhigt,
1940 2377 3041 2430 wir an dem schönen, tief nachwirkenden Abend gar nichts auszu¬
153 2380 848 2430 Zwei junge Leute, Studenten, die vor
3035 2414 3201 2475 von ihr
844 2409 1945 2478 aufregt, mit athemloser Spannung erfüllt und erschüttert? Wie?
1943 2417 3048 2468 setzen? Doch, eine nicht unwichtige technische Kleinigkeit: Der
144 2423 850 2474 itz Lobheimer un'. Theodor Kaiser, haben
1944 2459 3048 2519 Dichter muß den Schluß des Dramas zusammenziehen. Wir
839 2452 1951 2516 Ganz einfach: weil ein Dichter es ist, der sie ersonnen und ge¬
144 2466 854 2516 iener Mädchen: Theodor mit Mizzi, eine
3040 2460 3198 2514 die Fes.
1942 2501 3039 2544 verstehen, warum es ihn verlangte, das ganze Mar¬
847 2495 1945 2548 sehen, weil ein Künstler es ist, der sie gestaltet hat. Und an
3026 2495 3214 2552 Bemerk
144 2500 857 2553 gund lebenslustig, schon weiß, daß „die
838 2535 1946 2591 dieser Stelle, an der jahraus jahrein so viel Dürftigkeit und
1944 2545 3034 2586 tyrium seiner Heldin bis in die letzte Erniedrigung vorzu¬
139 2537 863 2602 en“. Fritz mit Christine, der Tochter des
3038 2538 3218 2595 Münze
851 2562 1948 2622 Schwäche, soviel Talentlosigkeit und Falschmünzerei verbucht, an
3040 2575 3220 2644 auch de
141 2577 851 2635 s Weiring. Bei diesem Paar liegt der
1949 2572 3031 2629 führen, aber er häuft dadurch Gleichartiges und fängt an, in dem
852 2611 1953 2667 dieser Stelle, wo so oft Klage geführt wird über die Armuth der
1947 2606 3044 2660 Augenblick zu ermüden, wo er den Sieg bereits sicher in den
3033 2617 3220 2665 kommen
139 2606 860 2674 bei enem. Fritz hat Beziehungen zu einer
854 2654 1948 2700 Zeit an Kraft, Talent und Gewissen, hier preisen wir den heutigen
1940 2654 3048 2705 Händen hält. Für die bevorstehende Aufführung in Berlin
143 2656 857 2710 ihm Sorgen bereiten, da der Gatte die
3038 2655 3222 2723 zu Ring
3042 2688 3210 2746 weist i
857 2685 1955 2743 Abend, weil er dargethan hat, daß der deutschen Kunst endlich
1944 2694 3044 2752 dürfte sich eine Befolgung dieses Rathschlags als nicht ganz nutzlos
125 2682 845 2757 und Christine, die ihm sein Freund zu¬
3037 2733 3203 2788 Holsteil
1948 2734 3031 2778 erweisen. — Das neu einstudirte Lustspiel „Die Versucherin“.
847 2730 1948 2783 wieder eine große Begabung erstanden ist. Ein Wort von Thackeray
148 2727 850 2785 nichts als ein anmathiger Vorwand, auf
1948 2763 3034 2839 von G. v. Moser beschloß die Vorstellung. Wir sind beim besten
852 2771 1960 2825 kommt uns in den Sinn; von John Hervey sagte er einmal: es
3036 2770 3220 2829 im Oste
137 2777 854 2829 men. Christine invessen, die bisher unter
1949 2813 2831 2878 Willen nicht in der Stimmung, darüber zu berichten.
2901 2812 3003 2866 m.
848 2812 1956 2875 war, als grübe seine Feder die Vergangenheit aus ihrem Schutte
3038 2815 3211 2863 liches 2
122 2803 850 2873 elebt, hat Fritz ihre ganze Liebe gegeben,
849 2848 1953 2906 aus. Von unserem Poeten darf man sagen, mit sanftem Hauche
2053 2841 3042 2902 [„Polnische Heine=Kritiker.“] Man schreibt uns aus
133 2850 858 2900 Sas man annimmt und doch behält, indem
858 2888 1948 2942 bläst er den Stauh von den Dingen des Alltags und ein großes
1941 2892 3038 2939 Budapest, 8. ds.: „Sie hatten jünst zu dem Namen Szar¬
3033 2812 3217 2944 110
135 2897 856 2950 Dieses ungleiche Spiel bleibt nicht lange
849 2923 1954 2971 feierliches Blühen wird allmählich sichtbar. Wir andern Alle sitzen
1938 2927 3039 2981 vady, der in ein Feuilleton über polnische Heine=Kritiker gerathen
3033 2922 3207 2982 die Zer
137 2929 854 2987 rste Akt führt uns in Fritzens elegante
850 2963 1954 3013 neben uns und sehen uns aufmerksam zu, und Reflexion ist das
1946 2957 3046 3016 war, die redaktionelle Anmerkung gemacht, daß Szavardy Ihres
3029 2956 3220 3030 greiflich
148 2958 862 3022 Theodor. Mizzi und Christine kommen zu
842 3003 1953 3058 große Loch, in das jedes Schaffen fällt. Die Sonntagskinder des
1940 2997 3040 3054 Wissens Un jar sei. In der That hat Sie Ihr Gedächtniß
3032 3012 3212 3073 Westen
152 3014 862 3066 nzeigen die beiden Paare in der Verschie¬
136 3051 3040 3122 s und ihrer Stimmungen. Christine ist! Lebens aber ziehen ruhig ihres Weges dahin, und wenn sie die nicht getäuscht. In Kertbenys „A phabetischer Namensliste unga¬
229 3285 402 3360 S
711 3186 1051 3378 22
