3436 4256
157 203 303 345 .
853 229 1303 346 box 13/6
298 244 656 330 Liebele
282 267 731 372 n en enenenene
628 903 2859 1036 tionsfehler nicht ganz verwischt verden. Die eingefügten Operetten
647 1025 2827 1153 Wiener Stimmung die gebracht wurde durch Valtertöne und Szenerien
641 1160 2795 1248 von Grinzinger Heurigengärten und ähnlichen wohlbekannten Effek¬
631 1235 2804 1383 ten, wirkten genau so aufgepickt vie die roten santstreifen, die
628 1345 2871 1486 man im Süden oft findet wo man es für gut häft dadurch alte schöne
632 1477 2898 1625 Marmor säulen Ffestlicht zu machen. Else Jarlbak hatte als Christine
638 1584 2748 1733 ihre erste grosse Rolle inne. Ob wir nicht an diesem Abend den
639 1679 2885 1843 ersten Schimmer einer neuen Operettendiva sahen, auf die wir gevar¬
642 1793 2818 1954 tet hatten? Sie sieht gut aus, hat Jugend und Stimne. Teils aus
643 1896 2800 2016 Nervosität, teils aus der Art der Rolle selbst wirkte sie diesen
637 2032 2772 2148 Abend etvas schlaff. Aber vor grössere und bessere Auf gaben ge¬
643 2145 2834 2298 stellt vird Else Jarlbak bestimmt, geurteilt nach dem vas sie ge¬
645 2240 2875 2341 stern abends zeigte — einen zukünftigen Platz in den ersten Reihen
649 2359 2835 2501 unserer jungen Schauspieler behaupten können. Es ist der richtige
654 2471 1138 2606 Stoff in ihr
1001 2524 2718 2695 Das grosse darstellerische Erlebnis des Abends var
638 2678 2851 2802 Holger Reenbergs alter Geiger. Das war durch und durch Schnitzler
658 2808 2756 2926 und keine Spur von Operette, fein ausgesprochene Kunst. Erling
654 2902 2904 3017 Schröder gab den Liebe spielenden Leutnant etwas zu steif für diese
647 3014 2826 3135 Art aber schön anzusehen in seiner funkelnden Uniforn. Stimme hat
662 3122 2796 3272 ja auch er. Der Abend gab Gelegenheit festzustellen, dass Klara
647 3248 2768 3392 Oestöls lebhafte Entgegnungen und gevinnende Naseveisheit bein
654 3343 2814 3478 Publikum Gefallen fanden und dass Toni Bau es versteht selbst in
660 3461 2923 3565 kleiner Rolle sich Geltung zu verschaffen. Ebenso darf Goma Harald¬
652 3569 2901 3696 sted gute Bühnenaussi chten haben in dem zweitschversten Rollenfach.
658 3667 2874 3788 Das Theater hat sein Bestens getan und viel in die Vor stellung ge¬
647 3791 922 3931 setzt
2052 3894 2321 4017 S. P.T.
