3484 4224
244 216 794 308 5. Liebelei
927 223 1362 323 box 12/1
419 273 788 330 aren n  dn
1181 883 1579 984 Telephon 12.801.
636 969 1395 1158 „OBSERVER
496 1118 1572 1216 I. österr. hek. konz. Unternehmen für Zeitungs¬
696 1187 1371 1255 Ausschnitte und Bibliographie.
668 1224 1423 1325 Wien, I., Concordiaplatz 4.
899 1301 1208 1366 Vertretungen
489 1333 1596 1414 in Berlin, Brüssel, Budapest, Chicago, Cleveland, Christiania,
502 1400 1587 1448 tienf, Kopenhagen, London, Madrid, Mailand, Minneapolis,
504 1422 1598 1507 New-Vork, Paris, Rom, San Francisce, Stockholm, St. Peters¬
907 1473 1204 1524 burg, Toronto.
843 1501 1255 1566 Osellenangabe ohne Gewähr.)
501 1582 887 1649 Ausschnitt aus:
863 1623 1646 1754 Dantsche legeszeiteg, Perin
507 1706 663 1758 vom:
691 1693 1042 1792 KT
1667 1893 1890 1955 die rechte
779 1891 1346 1978 Romische Oper.
1648 1934 1886 2018 Gegenspie
520 1979 1822 2043 Herr Gregor hat nun das letzte Stück Regiearbeit in dem ab, und
440 2011 1807 2093 von ihm geschaffenen Hause geleistet. Sie kam der neuen lichke
437 2065 1739 2140 Oper Liebelei zugute, die der Frankfurter Kapellmeister! B
431 2108 1729 2176 Franz Neumann getreulich nach Schnitzlers Dreiakterlo
435 2154 1684 2221 geschrieben hat. In der sorgfältigen Inszenierung hatte das
434 2190 1688 2272 Werk einen äußeren Erfolg, wie er auch von anderen Bühnen
438 2232 1699 2317 berichtet worden ist. Im übrigen hinterließ es einen recht
429 2291 1554 2346 zweifelhaften und künstlerisch unerfreulichen Eindruck.
515 2323 1681 2394 (Es ist eine arge Geschmacklosigkeit, den drei Schnitzler¬
437 2361 1684 2441 schen Akten ein breites Opernpathos aufzuzwingen, das ihnen
434 2404 1687 2483 durchaus zuwider ist. Die feinen Reize, die trotz der inneren
443 2447 1682 2525 Schwächen in dem Schauspiel liegen, werden gründlichst zer¬
436 2490 1684 2545 stört. Am erschreckendsten ist das im ersten Akte. Was wer¬
432 2539 1680 2604 den da für falsche Nuancen in den flüchtigen Dialog hinein¬
435 2587 1683 2656 getragen! Ueberall ein unerträgliches Auszerren und Breit¬
420 2629 1682 2702 treten des wortgetreu übernommenen Dialogs — ein stören¬
421 2662 1674 2746 des Unterstreichens der trivialsten Redewendungen. Knappe
422 2721 1678 2790 und starke Szenen, wie der Auftritt des fremden Herrn im
420 2748 1670 2815 ersten Akt wurden durch das schleppende Tempo notwendiger¬
420 2796 1664 2869 weise beinahe umgebracht. Erst in der zweiten Hälfte des
423 2845 1673 2917 Werkes gewinnt das Musikdramatische einigen sicheren Boden
420 2888 1676 2956 und die Szene zwischen Christine und Fritz mit ihren starken
414 2936 1680 3001 Gefühlstönen entschied den Erfolg des Abends. Der dritte
420 2968 1566 3044 Akt blieb trotz aller tragischer Akzente dahinter zurück.
514 3017 1673 3093 Im übrigen ist die Musik nicht ungeschickt gemacht. Die
417 3054 1667 3143 spielopermäzige Untermalung ist manchmal gut gelungen, und
414 3113 1671 3181 an den lyrischen Höhepunkten entwickelt sich ein ansprechender
413 3151 1673 3222 melodischer Fluß. Von höheren eigenen Werten ist freilich
417 3200 1682 3265 nichts zu spüren — man hört nicht mehr als die effektvolle, viel¬
422 3232 1663 3303 fach etwas grob gemachte Musik eines gewandten und um Ein¬
430 3277 1671 3337 fälle nicht verlegenen Opernpraktikers. Herr von Reznicek
425 3323 1662 3397 hatte sich mit der Partitur zu befassen und erledigte seine Diri¬
421 3371 1668 3440 zentenaufgabe mit dem Geschmacke und der Sicherheit, die man
417 3410 1674 3484 in ihm gewöhnt ist. Die Charakteristik der einzelnen Gestalten
424 3458 1664 3522 ist durch die Veroperung arg vergröbert. Den Fritz, der von
414 3495 1663 3565 Unfang an ein recht weinerlicher Liebhaber wird, gab Herr Na¬
416 3533 1678 3635 olovitch mit guter gesanglicher Wirkung, ohne darstellerisch
2918 149 3039 215 44
2249 182 3000 272 „OSCEAVEN
2078 239 3165 369 I. österr. beh. konz. Unternehmen für Zeitungs¬
2287 293 2966 386 Ausschnitte und Bibliographie.
2249 346 3009 461 Wien, I., Concordiaplets 4.
2465 434 2790 504 Vertretungen
2064 442 3165 564 in Berlin, Brüssel, Budapest, Chicago, Cleveland, Christiania,
2068 491 3155 598 Genf, Kopenhagen, London, Madrid, Mailand, Minneapolis,
2053 536 3157 657 New-Vork, Paris, Rom, San Francisco, Stockholm, St. Peters¬
2457 593 2772 655 burg, Toronto.
2400 628 2821 711 enellenaugebe ohne Gewähr.)
2055 667 3190 896 — binhe fanne hechsen
2047 776 2176 843 vol
2167 794 2514 902 BeA1
2491 814 2573 906 —
2213 940 2859 1059 Theater und Musik.
2288 1050 2787 1119 (Siehe auch 1. Beilage.)
2335 1091 2711 1172 Komische Oper.
2024 1131 3125 1224 „Liebelei“, Oper in drei Akten von Franz Neu¬
1938 1209 2877 1271 mann, Dichtung von Arthur Schnitzler
2022 1243 3131 1306 Schnitzlers „Liebelei“ ist gestern mit dem in der
1938 1297 3139 1346 Komischen Oper üblichen lauten Beisall als Oper in Szene ge¬
1940 1342 3131 1402 gangen. Eine Alltagsgeschichte, ein dramatisierter Novellen¬
1946 1384 3138 1447 stoff in musikalischer Einkleidung. Kleinliche Sorgen und Er¬
1944 1439 3135 1486 lebnisse von Dutzendmenschen hat bisher noch kein Komponist
1943 1472 3139 1534 in Musik gesetzt, erst Franz Neumann hat den Gedanken
1942 1524 3136 1586 gehabt, die Geschichte von dem armen Nähmädchen zu kom¬
1945 1561 3139 1626 ponieren, deren Geliebter in den Liebesne#en einer anderen
1942 1608 3156 1671 Frau gefangen ist, und der schließlich um dieser Frau willen
1936 1657 3135 1712 im Duell fallen muß. Dieses nicht gerade tragische, aber doch
1947 1695 3140 1754 recht wirkungsvoll aufgebaute Stück verliert durch die Musik
1933 1740 3144 1812 jede dramatische Kraft. Die Musik hält die Handlung auf, sie
1944 1785 3130 1840 verschlepht und verzögert. Schließlich ist man herzlich froh,
1947 1830 3145 1883 wenn überhaupt nur einige Worte gesprochen werden, die das
1944 1865 3141 1927 Stück vorwärts bringen. Das ewige Gesinge in einem Werk,
1955 1922 3139 1982 das am besten in schnellstem Tempo über die Bühne gehen soll,
1955 1968 3139 2022 woirkt beinahe peinlich. Ich kann mir auch gar nicht
1942 2019 3148 2066 vorstellen, wie ein Musiker den Text ohne jede Aenderung
1943 2050 3135 2103 durchkomponieren kann. Da gibt es nirgends größere Ruhe¬
1948 2092 3150 2154 punkte, die die Musik verinnerlichen könnte, nirgends poetische
1947 2139 3148 2194 Momenie, die eine musikalische Belebung verlangen. Alles
1954 2172 3140 2242 ist in dem gleichen unterhaltenden Plauderton geschrieben.
1944 2222 3136 2289 Und dabei ist auch die Sprache von jeder dichterischen Kraft
1939 2264 3148 2340 weit entfernt, so daß man eine Komposition des Buches fast
1949 2316 2418 2384 für ausgeschlossen halt.
2044 2331 3150 2409 Franz Neumann hat sich aber über diese Bedenken leicht
1949 2414 3148 2454 hinweggesetzt, er glaubte, daß ein gutes Drama auch ein brauch¬
1958 2443 3140 2497 bares Opernlibretto abgeben würde, und so hat er zu dem
1945 2483 3147 2546 Buch einfach eine begleitende Musik geschrieben. Denn mehr
1955 2533 3156 2597 als eine Illustration der Bühnenvorgange gibt er nicht. Der
1953 2581 3148 2627 Text bietet kaum irgend eine Partie, die zu ariosen oder über¬
1957 2608 3150 2679 haupt nur zu geschlossenen Formen eine Anregung geben
1953 2662 3150 2719 könnte. Neumann setzte deshalb den ganzen Dialog in ein
1946 2702 3147 2770 endloses, steis gleichlautendes Rezitativ um. Ein Parlandostil,
1949 2752 3150 2812 der auf die Dauer unerträglich wird. Ein verwässerter Perccmi.
1953 2802 3150 2850 Aber ohne dessen melodische und musikalische Kraft. Neumann
1951 2835 3155 2899 hat für die Opernkomposition kein Talent. Die wenigen
1946 2894 3153 2941 Motive, die sich durch das Ganze schlängeln, sollen wohl dem
1954 2921 3148 2993 Wiener Lokalton treffen, zeigen aber doch nur bekannte An¬
1957 2963 3149 3026 klänge. Sehr dürftig klingt auch das Orchester. Wie kläglich
1956 3019 3145 3068 mutet das Vorspiel zum dritten Akt an, das die vorangegan¬
1952 3055 3146 3106 genen Motive summiert! Und wie unbeholfen ist der musi¬
1958 3106 3150 3157 kalische Ausdruck und die Teiznik! Nirgends zeigen sich Lich¬
1956 3143 3154 3202 punkte, nirgends selbständige und wertvolle musikalische Ge¬
1948 3194 2133 3249 danken.
2041 3205 3146 3281 Was an dem Stück noch zu retten war, das hatte Direktor
2547 3278 2583 3314 7
2387 3269 3145 3328 der dies Oper übrigens als letzte in
1955 3271 2326 3338 Hans Grego¬
2543 3320 2579 3350 21
1960 3316 3149 3379 seiner hiesigen Stellung inszeniert hat — sehr vorteilhaft her¬
1955 3359 3155 3409 vorgehoben. Es gab wieder schöne und stimmungsvolle
1951 3412 3152 3463 Bühnenbilder. Auch die Rollen waren durchweg sehr geschickt
1956 3458 3157 3513 verteilt. Maria Labia als Christine, brachte die hin¬
1953 3482 3154 3559 gebungsvolle Liebe, das Sorgen und Bangen des armen
1951 3545 3148 3593 Mädchens ganz prächtig zur Darstellung. Sie ist wirklich eine
1947 3588 3148 3645 ausgezeichnete Schauspielerin, wenn auch ihr Gesang rauh und
1961 3631 3148 3679 unausgeglichen klingt. Die übrigen Darsteller standen an ge¬
1956 3663 3146 3715 sanglicher Kultur noch weiter zurück, sie waren
3005 3707 3151 3766 ihrer
1954 3718 2983 3777 aber trotzdem recht charakteristische Vertreter
1962 3742 3148 3797 Partien. Jean Nadolowitch (Fritz) und
1961 3793 3152 3855 Richard Wissiak (Theodor) spielten flott und
1948 3839 3146 3909 sicher. Zwei hübsche Typen schufen auch Susanne Buch¬
1949 3888 3151 3947 rich als fesche Weanerin und Desidor Zador in der
1955 3920 3144 3979 Rolle des biederen Musikers. Das Orchester führte seine un¬
1964 3968 3153 4028 dankbare Aufgabe unter der Leitung von E. N. Reznicek
1963 4016 3158 4070 recht gewandt aus. Der Oper wird aber trotz der aufgewandten
1953 4059 2868 4130 Mühe kaum ein längeres Leben beschieden sein.
2408 4102 3055 4167 Dr. Georg Schünemann
