3484 4256
296 142 523 224 Lieb
279 200 527 266 ainneneenenen
599 140 698 221 e1
546 193 719 264 Wun
843 130 1287 232 box 13/7
985 371 1239 466 Mu Al.z.
960 512 1908 568 heute noch sein berühmter blonder.
1916 517 2819 596 sterben“ in Gegenwart des Reichs¬
963 554 1905 631 Schopf existiert). Schreiber dieser
1906 571 2841 638 propagandaministers einen Sensa¬
971 614 1897 680 Zeilen war Fritz und die kleine Rolle
1909 622 2823 677 tionserfolg. Pvlades war Zeska, Ar¬
971 655 1890 720 des fremden Herrn spielte der Ober¬
1914 671 2842 736 kas: Richard Dornseiff (der im
978 710 1894 778 regisseur Willi Lochr. Loehr ist seit
1909 715 2839 795 Kriege ein Auge verloren hatte) und
973 749 1878 813 Jahren deutscher Theaterleiter, er war
1911 762 2816 827 heute Schauspieldirektor des Natio¬
964 808 1888 873 Intendant in Darmstadt, München
1904 826 2823 885 naltheaters in Mannheim ist. Iphige¬
966 862 1896 915 und Dessau und ist seit vier Jahren
1899 864 2825 927 nie: Gertrud Arnold, nach dem
962 911 1883 968 der Intendant des Meininger Landes¬
1911 911 2828 983 Kriege Heroine am Hamburger Schau¬
975 958 1887 1016 theaters. Uebrigens einer der wenigen
1900 942 2841 1031 spielhaus, vor einigen Jahren gestor¬
971 996 1892 1075 deutschen Theaterleiter, die ihren Po¬
1904 1009 2830 1078 ben, eine ihrer letzten bleibenden Lei¬
958 1048 1889 1110 sten auch heute nach der nationalen
1910 1053 2827 1128 stungen war die Mutter Ute in dem
971 1102 1892 1161 Revolution noch innehaben. Hier sei
1907 1116 2815 1175 grossen deutschen Film „Nibelungen.“
965 1144 1886 1223 eine kleine Episode eingefügt: Willi
1910 1165 2831 1231 Sic hatte sich damals in Bukarest mit
964 1198 1888 1261 Loehr war vor Jahren in Dessau In¬
1907 1223 2833 1281 unserem Spielleiter Dr. Brandt
956 1251 1891 1319 tendant, war unglückseliger Weise das
1902 1264 2833 1326 verheiratet (auch andere Ehepaare
961 1302 1878 1367 Opfer des falschen Kronprinzensoh
1901 1314 2818 1388 sind aus diesem rumänischen Theater¬
954 1351 1889 1416 nes, des Schwindlers Harry Domela,
1906 1367 2825 1431 jahr hervorgegangen). Dr. Brandt ist
962 1402 1881 1452 dem zu Ehren er in Dessau eine Fest¬
1907 1417 2830 1482 heute ein gesuchter und geschätzter
962 1451 1892 1506 vorstellung des „Alten Dessauer“ ver¬
1905 1461 2817 1524 Filmbuchautor in Hollvwood. In
961 1485 1886 1557 anstaltete und ihn feierlich in Frack
1905 1503 2831 1581 Hauptmanns „Versunkener Glocke“
968 1551 1890 1610 und Claque in die Hofloge geleitete.
1896 1571 2827 1631 gefiel ein sehr rassiges und interessan¬
966 1589 1880 1671 Nachher hatte er natürlich zum Scha¬
1903 1622 2824 1677 tes Rautendelein: Aenne Gebhardt.
962 1640 1349 1715 den den Spott.
1905 1657 2805 1714 Ihr Waldschrat war ein Heinz U11¬
1006 1681 1881 1768 In der damaligen Eröffnungsvor¬
1904 1705 2826 1776 mann, Pseudonym für Heinz Ull¬
955 1743 1883 1810 stellung „Iphigenie“ spielte den Thoas
1895 1750 2817 1826 stein, einen der Söhne des Berliner
954 1795 1873 1868 Eugen Klöpfer, heute eine der
1897 1811 2818 1869 Zeitungskönigs. Beide sind ein Ehe¬
966 1856 1873 1909 markantesten, kernigsten Figuren der
1889 1858 2820 1913 paar geworden, beide haben der Büh¬
955 1897 1872 1959 deutschen Bühne, der berühmte Flo¬
1884 1912 2823 1977 ne bald Valet gesagt. Heinz Ullstein
962 1953 1879 2022 rian Gever Gerhart Hauptmanns.
1893 1961 2815 2026 leitete die letzten Jahre den Zeitschrif¬
957 1995 1883 2061 Klöpfer hatte erst in den letzten Wo¬
1889 2003 2820 2082 tenverlag seines väterlichen Hauses,
959 2054 2820 2141 chen in Berlin in „Robinson soll nicht  Aenne Ullstein hat sich von ihrem
1886 2174 2819 2250 Mann getrennt und ist jetzt die Gat¬
1885 2225 2804 2306 tin des berühmten russischen Baritons
1886 2272 2799 2355 George Baklanoff. Nickelmann der
1897 2336 2806 2405 schönen „Versunkenen Glocke“-Auf¬
1884 2371 2748 2453 führung war der alte Odemar,e
1891 2422 2822 2487 ner der prachtvollsten deutschen
1888 2473 2820 2551 Schauspieler der Vorkriegszeit, im
1894 2519 2823 2601 Frankfurter Schauspielhaus tätig.
1886 2582 2807 2660 Spross einer uralten Theaterfamilie.
1900 2634 2806 2701 Sein Sohn spielt heute in vielen Ton¬
1902 2669 2823 2742 filmen in Berlin, und auch sein Enkel
1889 2733 2819 2811 beginnt bereits berühmt zu werden;
1898 2780 2822 2849 um mit Papa und Grosspapa nicht
1909 2824 2815 2890 verwechselt zu werden, nennt er sich
1893 2874 2822 2951 Erich Ode. Odemar war auch ein
1902 2917 2819 2991 wundervoller Just in Minna von Barn¬
1901 2972 2822 3036 helm und ein unvergesslicher Miller
1902 3033 2824 3091 in „Kabale und Liebe.“ Louisen hatten
1906 3080 2826 3137 wir zwei. Die eine: Gertrud Wolle
1901 3116 2829 3209 zählt heute (tempora mutantur!) zu
1909 3170 2826 3235 den geschätztesten Groteskkomikerin¬
1905 3221 2819 3295 nen des deutschen Tonfilms, die an¬
1910 3263 2822 3338 dere Marga Reuter, lernte hier
1913 3325 2813 3385 ihren zukünftigen Mann Lothar Mü¬
1913 3367 2823 3436 thel kennen. Sie hat der ernsten Mu¬
1916 3422 2831 3482 se den Abschied gegeben und ist heu¬
1903 3466 2827 3523 te eine sehr geschätzte Operettensän¬
1902 3512 2833 3590 gerin in Berlin. Viele werden sich
1904 3566 2828 3643 auch noch an den Komiker Max
1909 3610 2831 3685 Liebel erinnern, er ist seit Jahren
1899 3653 2832 3733 Oberregisseur am Deutschen Landes¬
1903 3717 2835 3780 theater in Prag und leistet Wertvolles
1921 3797 2850 3864 für die deutsche Kunst im Auslande.
1927 3849 2839 3919 Die „Salonschlange“ von damals war
1927 3889 2842 3961 Gräfin Claire Wallentin-Met¬
1929 3958 2846 4007 ternich. Viele Bukarester werden
1931 4004 2834 4063 sich noch an ihre „Zarin“, den „Blau¬
1931 4048 2850 4119 fuchs“, aber auch an ihre ergreifende
2729 4097 2833 4141 hat
