3484 4224
1006 155 1452 243 box 12/6
476 173 865 244 Liebelei
324 176 876 292 9. Jnn
308 940 566 1025 sschnittg
554 944 1425 1048 Misit eplitzer Zeitung
315 1029 410 1093 n:
420 1114 1332 1238 „Teplitzer Stadttheater.
782 1211 1005 1273 „Liebelei“.
398 1254 1393 1359 Gesamtgastspiel der Mitglieder des königlich deut¬
606 1321 1175 1397 schen Lanoestheaters—Prag.
489 1339 1407 1445 Ddas glänzend besuchte Haus war der Beweis
403 1416 1403 1490 dafüt, daß man von dem Gesamtgastspiel der Prager
410 1474 1406 1550 Künstler reicheren künstlerischen Gewinn erwartet
402 1507 1405 1589 hatte. Diese Hoffnungen haben sich gestern abends
400 1560 1402 1648 leider nicht erfüllt. Die Aufführung, die Schnitzlers
399 1633 1405 1716 dreiaktigen Schauspiel „Liebelei", zu Teil wurde,
411 1654 1407 1749 trug in mehr als einer Hinsicht den Stempel künstleri¬
404 1705 1398 1793 scher Unzulänglichkeit. Von der zarten weichen Stim¬
421 1760 1403 1837 mung mit der Schnitzler sonst immer gespielt wird,
419 1816 1408 1889 war nicht viel zu spüren. Sie scheiterte zum Teil
408 1857 1407 1936 an der Kälte, zum Teil an der vollständig verfehlten
422 1905 1421 1987 Auffassung einzelner Darsteller. Einen schweren
411 1957 1405 2036 Mißgriff beging Frl. Nelli Dahlmann, die ge¬
416 2002 1413 2091 wiß eine sehr tüchtige Darstellerin ist und deren auch
424 2053 1420 2131 innerlich vertiefte Kunst sicherlich zu fesseln und zu
427 2103 1421 2198 erschüttern versteht, dadurch, daß sie die Christine
429 2153 1418 2243 mit viel zu viel dramatischer Wucht und mir zu
420 2200 1429 2289 krassen Mitteln zur Darstellung brachte. Herrn Louis
431 2246 1433 2321 Böhm, der den Fritz Lobheimer spielte, fehlten die
438 2310 1422 2381 feelische Wärme und der herzliche Ton. Besser wa¬
440 2358 1425 2423 ren Frl. Hermine Medelsky, welche die Mizi
438 2408 1429 2464 Schlager zwar nur in Umrissen, doch vortrefflich
431 2457 1424 2523 charakterisierte und Herr Karl Fischer, der den
428 2507 1435 2568 alten Weiring mit viel Sorgfalt spielte. Herr Fred
436 2556 1432 2630 Hennig fand in der Darstellung des Theovor
442 2606 1433 2672 Kaiser keine besonders dankbare Aufgabe; auch be¬
445 2647 1428 2731 reitete ihm das „Wienerische“ mancherlei Schwierig¬
441 2696 1437 2778 keiten. Dasselbe gilt von Frl. Jelly. An die „Liebe¬
454 2757 1445 2830 lei“ schloß sich die Aufführung der kleinen Burleske
448 2804 1440 2880 „Schöne Seelen“ von Felix Salten, die obwohl
455 2845 1446 2927 vollkommen inhalts= und witzlos, eine recht flotte
465 2901 1436 2981 Darstellung fand. Herr Louis Böhm, der einen
454 2948 1445 3019 sehr komischen Lebejüngling spielte, hatte hier einen
456 2996 1452 3065 vollen Erfolg; ausgezeichnet waren Frl. Hermine
457 3051 1447 3127 Medelsky und Herr Carl Fischer. Herr Hen¬
454 3099 1447 3162 nig spielte einen „Ober“ in der von seinem Hier¬
455 3156 1457 3255 sein bekannten leichten und gewinnenden Art. S.
1921 965 2909 1096 Anschnitt aus Frankturter Zaitung
2106 1012 2390 1084 26 M41.19•5
1945 1047 2111 1110 vom:
2393 1037 2833 1148 Frankfurt a. M.
1914 1141 3015 1244 =Chronik der Künste.] Als alter Josephstädter Thea¬
1878 1186 3018 1288 Urmusikus in SchnitzlersLiebelei“ setzte Herr Max)
1899 1233 3013 1334 allenberg gestern sein—#e Frankfurter
1883 1266 2997 1362 euen Theater fort. Er bewies damit seine Vielseitig
1876 1305 2993 1402 kit aufs neue. Die etwas gefühlsüberhäufte Atmosphäre der
1850 1347 3052 1481 kleinen engen Musikerhäuslichkeit wurde durch sein innerlichett
1858 1382 2990 1481 Spiel mehr als erträglich. Man hatte den Alten lieb etwa wie
1840 1416 2990 1520 ein Bild von Spitzweg. Auch die andern Mitwirkenden ver¬
1842 1468 2999 1561 halfen dem Werke als Ganzem zu einer durchaus würdigen
1840 1493 2997 1598 Wiedergabe. Frl. Leiko als Christine hatte das Feuer einer
1844 1538 3000 1639 ersten und unbedingten Leidenschaft. Frl. Olly war das
1836 1588 2990 1681 Wiener Mädel Mizi, wie es im Buch steht und wohl auch in
1836 1617 2996 1719 Wirklichkeit vorkommt. Herr v. Möllendorf und Herr
1828 1653 2986 1746 Frauer waren junge Leute mit allem dazugehörigen Leicht¬
1821 1700 2986 1799 und Frohsinn, nur oar Herr Framer von des Lebens Tragik
1830 1747 2987 1823 etwas zu sehr angekränkelt.) Gut gezeichnet war Frau
1830 1781 2981 1875 Bronsgeest als Strumpfwickersgattin. Das Publikum
1821 1816 2352 1909 war zahlreich und gerührtl,
2230 2504 2705 2613 (Guebelangesee enas sgunn
2395 2568 3045 2674 Neue Freie P’resse, Wien
1919 2611 2363 2684 Ausschnitt aus:
2095 2678 2370 2748 27MAl19·5
1931 2695 2097 2764 vom:
2425 2734 2926 2816 n
1974 2791 3082 2846 — Im Neuen Theater zu Frankfurt am Main
1903 2842 3074 2914 wurde Artur Schnitzlers Schauspiel „Liebelei“ zum ersten¬
1907 2895 3081 2944 mal gegeben. Max Pallenberg bot als Weinring eine
1906 2932 3074 2993 wahre Kabinettsleistung, während Maria Leiko die Christine
1892 2989 3073 3031 zur Höhe reinster Kunst erhob und dadurch zu einer Dar¬
1893 3015 3075 3079 stellerin von besonderer Klasse aufrückte. Auch sonst waren Be¬
1910 3062 3074 3121 setzung und Regie, diese in den bewährten Händen des
1909 3103 3083 3172 Direktors Hellmer, durchaus erfreulich, so daß der Gesamt¬
1901 3165 2994 3207 eindruck aufs Publikum tiefgehend und nachwirlend war.
2044 3188 3109 3266 Telir v Weingantmer wird wit. Genehmigung der.
