3436 4224
463 155 815 226 Liebele
301 156 1428 259 51-1 box 12//7
561 750 1368 860 ellgamamer TircelAlG#ge
817 833 1125 920 Innsbruck
453 927 1282 1054 „Liebelei“. Schauspiel von Arthur=Schr
1377 990 1444 1034 r.
421 989 1455 1087 Nach Hermann Bahr folgte nun: Arkyar Schntr
414 1029 1444 1120 der auch von Bahr angeregt wurde wie genug an¬
418 1066 1447 1158 dere von Deutsch=Oesterreich, Schnitzler hat von Bahr
419 1108 1439 1195 den lyrischen und melancholischen Naturalismus, mit
420 1150 1446 1232 dem derselbe den scharfen und kantigen Berliner Na¬
413 1191 1449 1267 turaliomus für das sentimentale Wien und das gefühl¬
420 1228 1441 1314 vollere Oesterreich abgeschwächt hat. Bei Schnitzler
411 1255 1458 1354 kommt noch das Wienertum dazu, das ganz allge¬
419 1305 1456 1390 mein das Talent bestimmt, und eine Mischung von
407 1333 1437 1429 Nachdenklichkeit und Forschertrieb des Arztes. Schnitz¬
399 1362 1442 1465 lers Eigenstes nun ist wieder die „Liebelei“, die unsäg¬
409 1421 1426 1503 lich, traurige Liebesgeschichte des blassen Vorstadimä¬
401 1452 1433 1544 dels, die, wie der ganze „Schnitzler", „Böser Dinge
409 1485 1438 1582 hübsche Formel“ bedeutet, im übrigen aber mit Ehe¬
400 1537 1437 1625 bruch, Duell und endlich Selbstmord nicht mehr so ganz
405 1569 1426 1654 harmlos=sentimental ist. Ja, für die schöne Figur der
404 1609 1426 1696 unerfahrenen lieben Christine haben wir Teilnahme
406 1644 1424 1723 genug übrig, aber ihr „tragisches“ Ende läßt uns, weil
403 1686 1428 1771 Theater, so kalt, wie wir das ganze Schauspiel als
396 1726 1428 1812 Quintessenz Schnitzlers („Liebeln, Sterbeln, Komödie¬
395 1769 1424 1848 spielen“) empfinden. Die „Liebelei“ nennt als Ort der
402 1805 1425 1881 Handlung „Wien“ und man hat sie „das“ Wiener Stück
392 1845 1420 1909 genannt. Nun ja, die schönen Charaktere wurzeln eben¬
391 1878 1421 1968 so im guten alten Wien, wie die anderen dem Groß¬
385 1920 1414 2003 stadtboden entnommen sein mögen; es ist also immer¬
398 1960 1422 2045 hin ein spezisisch wienerisches Stück, das daher auch das
391 1994 1420 2088 richtige Kolorit verlangt. Daß das nun bei uns nicht ge¬
394 2037 1417 2123 trossen werden würde, war ja vorauszusehen. Es
388 2068 1422 2161 mußte daher nur Wunder nehmen, daß die Spielleitung
385 2105 1408 2188 dies Werk überhaupt auf den Spielplan setzte. Wir
377 2149 1413 2234 wollen doch nicht annehmen, daß Karl Felda wegen
370 2198 1417 2274 seiner gar nicht besonderen Rolle vier Darsteller in
379 2233 1405 2312 einen derartigen Abgrund treiben wollte wie für Mo¬
379 2274 1410 2351 nee und Welten, sowie für Ferstl und Braun deren
375 2297 1408 2394 Rollen bedeuteten. Ja, es muß gesagt werden, daß
378 2345 1402 2428 wir noch nie eine so völlig unzulängliche „Liebelei“¬
370 2386 1411 2468 Aufführung ohne Kolorit und Stimmung gesehen haben,
374 2409 1403 2512 ja: uns denken konnten, wie die gestrige, für die na¬
360 2465 1406 2548 mentlich Ferstl und Monee nie hätten bestimmt wer¬
367 2496 1403 2577 den sollen. Das war denn doch sicher bei Ferstl eher
358 2549 1404 2621 der „Siebzehnjährige“ als der lebemännische Herzens¬
360 2571 1403 2662 brecher und Anatol Nr. 2; das war bei Monee doch
354 2601 1395 2697 höchstens ein kindisches Ding oder ein ganz junger
354 2653 1396 2730 Backsisch als die leichtlebige und schon so lebenserfah¬
360 2682 1386 2776 rene Schlagermizzi mit ihren Anschauungen über „die
360 2727 1398 2813 Männer“, Auch Auguste Welten weist ihre bedeutsame
360 2763 1397 2855 Begabung auf andere Wege („Elektra“ wird man sich
356 2798 1392 2899 lange mit ihr merken); auch ihr Reich ist nicht von
357 2839 1388 2926 dieser innig und kraglos liebenden Welt des süßen Mä¬
347 2878 1392 2958 dels. (Ich hätte für die Christine heuer allein nur an
341 2923 1381 3009 Rhonegg denken können.) Die einzig entsprechende
345 2955 1378 3045 Leistung bot Frau Felda als echt anmutendes Wiener
345 3001 1381 3085 Vorstadtweib, auch Karl Felda wurde seiner Aufgabe
346 3044 1379 3124 noch hinlänglich gerecht, wenn auch der Mangel an Dia¬
345 3069 1379 3165 lekt hätte stören müssen. Aber wo es so ganz im Gro¬
352 3108 1374 3184 ßen fehlte, kam es ja auf Kleinigkeiten nicht mehr an.
351 3158 1375 3235 Und nun die Widersprüche: Sonst gab man dies Schau¬
342 3187 1373 3278 spiel immer mit noch einer „Zugabe“ und immer bei¬
338 3224 1373 3326 nahe vorzüglich, und das Haus war — bedrückend leer.)
1140 3304 1353 3377 —Ter.4
1833 1638 2755 1783 dub Hbue
2224 1745 2300 1830 —3
1719 1808 2983 1901 Saubur. — ubches gud 6 um gun( (24
1759 1876 2479 1946 „Liebelei", von Arthur Schnitzler. —
2479 1888 2996 1955 Die Werke des mit Recht
1739 1928 2998 1985 wegen seiner gesellschaftlichen Gewandtheit belizpten Autors ver¬
1748 1967 3006 2024 langen gebieterisch auch Eines: die Beherrschung des Wiene Dia¬
1746 1997 3020 2058 lektes. Wo der fehlt, geht ein gut Teil des Charakters dieser Stücke
1993 2051 3013 2110 d über diesen Mangel kann auch ein im großen und¬
1764 2043 1973 2100 verloren. UI
2121 2087 2994 2150 l, wie es bei der hiesigen Aufführung der Fall
1761 2090 1852 2139 ganz
1756 2127 1913 2175 war, nic
2142 2128 2989 2167 en. Die einzige, die dem Verlangen Schnigle¬
2250 2166 3008 2221 Bellau=Felda. Ihre Strumpfwirkersfra##
2225 2213 2978 2261 amkeit, wie sie derartigen Wiener Nase,
2265 2251 2992 2302 m nächsten im Spiel kam ihr Fräulein
2291 2289 2995 2334 erschütternd, von Hergen kommend, daß
2283 2329 3015 2397 g vergessen konnte, was dieser Rolte
2277 2395 3015 2471 Liebreiz, wie immer, war Frl. Monee.
2280 2456 3028 2524 mmenen Dialekt war sie das bestrickende,
2319 2498 3021 2549 ie's im Buche stehl. Herrn Ferstl muß
2286 2534 3015 2576 werden, daß er sich einer störend leisen
2297 2572 3020 2622 darf sich in dieser Art 391 seinen. Ge¬
2295 2614 3018 2661 en verleiten lassen. Herr Braun war
2250 2653 3022 2703 Der böse Föhn schien ihm das Einlernen
2257 2689 3014 2745 . Auch Herr Felda kämofte mit Dialekt¬
2219 2728 3015 2785 ne Rolle des Herrn Köck wurde ausdrucks¬
2183 2767 3020 2820 und Blumenspenden waren für die damit aus¬
1815 2806 1935 2858 ezeichn
2064 2807 2397 2867 irsteller erfreulich.
1837 2849 2408 2925 Musifnoroter umahans .. —
2501 2836 3050 2934 #hmn ManMan
