3484 4352
5 3155 101 3232 inde
4 3205 90 3264 nten
20 3252 83 3315 ko
906 217 1404 336 box 12/5
288 212 828 323 5. Liebelei
453 282 881 351 e dn. den den nen dun unen —
729 1224 1260 1307 Moderne Filmkunst.
210 1250 2126 1353 sind für die Entwicklung des früher so arg versemten Kinos von entscheidender Bedeutung gewesen, seit¬
196 1321 2117 1415 Bühnenkunst mehr und mehr vom Filitheater Besitz ergrisfen hat. Schon der äußere Rahmen hat sich
193 1368 2131 1471 ert. denn an der Stelle der biederen, unscheinbaren Kientöppe sind überall prunkvolle Lichtspielhäuser
205 1458 2128 1499 auch die Technik arbeitete unablässig an der Vervollkommnung der Filmmechanik, wie erst vor kurzem die
199 1464 2124 1561 Farbenkinematographie und des sprechenden Films gezeigt haben. Im Wettbewerb mit den eigentlichen,
202 1515 2128 1608 utine geschulten Kinoschauspielern setzen jetzt unsere gefeierten Bühnengrößen für die künstlerische Durch¬
198 1561 2135 1662 tbildes ihr ganzes Können ein. Männer wie Max Reinhardt wirken als Filmregisseure, und Schriftsteller
218 1618 2125 1711 z Ewers entwersen Dramen, die für die besonderen Zwecke der Kinovorführung berechnet sind. Und
1942 2412 2004 2508 622
1355 2981 1451 3071 —
1330 3044 1498 3150 2
215 3424 2301 3534 Schpitzlers Liebelei“ im Bilm: Das improvilierte Bestellen (Britz. Christine. Theodor, Mish.
3032 1041 3163 1126 1914
2615 1314 2701 1435 4
2465 2697 3255 2780 Hans Weiring tröstet seine um den verstorbenen
2562 2758 3155 2839 Fritz weinende Cochter Christine.
2461 2817 3248 2910 unsere bedeutendsten Schriftsteller halten
2472 2886 3256 2948 es nicht mehr für unter ihrer Würde, ihre
2470 2941 3252 3008 Werke in den Dienst des rollenden Film¬
2475 2991 3256 3052 bandes zu stellen. Auch der Wiener
2471 3030 3254 3106 Dichter Artur Schnitzler ist darin seinen
2472 3091 3256 3157 nunmehr schon recht zahlreichen Vor¬
2471 3132 3270 3193 gängern gefolgt, indem er eine Bear¬
2470 3177 3261 3240 beitung seines bekannten Dramas „Liebelei“
2482 3227 3261 3303 der Nordischen Filmkompagnie zur Aus¬
2478 3268 3267 3353 führung überließ. Die männliche Haupt¬
2481 3333 3265 3387 rolle (Fritz) wird von dem berühmten und
2474 3371 3269 3436 allen Kinobesuchern wohlbekannten Schau¬
2472 3423 3274 3513 spieler Waldemar Psylander verkörpert.
