3436 4224
446 164 711 229 Liebel
279 159 912 264 5. 11
984 153 1399 247 box 10/3
2085 260 3075 369 Larfunkel's Nachrichten-Bureau, Argus“
2074 349 3019 429 erlin C., Poststrasse 29. Telephon V, 1227.
2818 420 2998 483 Paris.
2414 424 2758 494 New-York.
2079 434 2285 504 London.
2047 484 3093 568 est alle Zeitungen der Welt und liefert ans denselben
2178 530 2882 610 Ausschnitte über jeden Gegenstand.)
2022 611 2834 755 Nom du Journal: (2447—
2027 741 2764 831 Date: 20 FEVRIER 1896
3022 845 3069 898 ∆
2028 847 3183 934 Adresse:  en en reneneennaneng
2019 905 3157 1011 Alleie Alplieu
2166 1011 2850 1072 THE DRAMA IN BERLIN.
2394 1088 2617 1132 N LIEBRLEI,“
2186 1105 2826 1159 Drama, in Three Acts, by Arthur Schnitzler,
2139 1142 2868 1197 Produced atthe Deutsenes Theatre, Feb. 4th, 1896.
2552 1178 2779 1215 Herr Rrichek
2124 1180 2552 1224 Hans Weiring
2556 1206 2749 1239 Frau SoRMA
2127 1208 2539 1252 Obristine
2547 1233 2787 1267 Frau ScHNEIDRR
2137 1239 2538 1281 Mizi
2551 1262 2790 1297 Fräulein MErzk
2128 1258 2549 1306 Katherina Binder
2549 1290 2762 1327 Herr RirrNER
2138 1294 2552 1333 Fritz Lobheimer
2125 1316 2738 1361 Theodor Kaiser Herr JAnyo
2129 1340 2744 1395 Ein Herr Herr NISsEN
2232 1371 2791 1412 (FROM OUR OWN CORRESPONDENT.)
2103 1410 2938 1446 BERLIN, TnuRsDay, Frn. 13.—The author of
2076 1442 2937 1478 Liebelet is an Austrian, and his present work has
2077 1471 2934 1516 already been produced successfully at Vienna, where
2079 1501 2930 1562 the scene is laid. Liebelet may be translated as“ love¬
2080 1530 2938 1581 making; each act is complete in itself, containing
2071 1566 2938 1610 some very admirable character sketches and finely
2081 1609 2935 1638 constructed scenes. There is but little plot, the prin¬
2072 1630 2937 1674 cipal attractions of the piece being the elegant simplicity
2076 1660 2938 1712 gof its language and the delicate shading of the cha¬
2077 1700 2593 1746 Tracters, which are very life-like.
2113 1716 2949 1772 The first act is laid in the dwelling of Fritz Lobhei¬
2080 1753 2957 1801 mer, a young man of fashion. In the opening scene he
2087 1786 2948 1839 is treated to a homily from his friend Theodor, who is
2078 1836 2952 1869 expounding his views upon the science of love-making.
2073 1866 2950 1896 Love should not be treated as a grand passion, he says,
2071 1890 2941 1927 for it is then exciting, injurious, even deadly; love for
2087 1918 2940 1964 a young man should be a recreation pure and simple;
2075 1951 2945 2000 above all, a liaison with a married woman should ber
2079 2002 2946 2029 avoided, a sensible man permitting himself only flirta¬
2092 2014 2959 2054 tions with young girls who demanded nothing moren
2085 2045 2952 2089 than he chose to give. Theodor selects his words witht#
2090 2083 2948 2128 direct intention, for his friend is deeply entangled in a
2090 2115 2944 2158 love affair with a married woman who loves him pas¬
2093 2149 2950 2191 sionately—too passionately, and he is beginning to
2093 2175 2946 2220 writhe under the chains with which he has bound him¬
2084 2211 2958 2251 self. Theodor has invited to an improvised aupper hist
2106 2237 2950 2276 ##friend' Mizi, a vivacious young person from a mil¬
2080 2274 2951 2315 linery establishment, and her friend Christine, a gentle,
2089 2316 2950 2349 rather sentimental girl of virtuous character, who has
2094 2338 2942 2389 expended the best she has to give upon Lobheimer.
2095 2372 2951 2409 Thetwo girls presently arrive in Fritz’s rooms—Mizi:
2083 2408 2951 2450 the personification of animal spirits and “cheeky ?
2095 2433 2961 2485 good-comradeship, in the gavest of costumes; Christine:
2092 2485 2955 2518 shy but loving, her beauty being set off by a simple
2097 2500 2955 2559 dress. The ladies arrange the supper-table thei
2097 2552 2966 2581 men providing the eatables and wines, and soon
2096 2567 2962 2615 all is joy and convivality. After supper al
2093 2598 2961 2645 little freedom in the matter of kisses is per¬
2104 2643 2962 2674 mitted, and Fritz sits down to play a waltz for.
2102 2661 2966 2704 Mizi and her friend, Christine bending over the piano¬
2106 2695 2968 2738 with no eyes butfor him. She tells him under cover off
2092 2733 2961 2784 the soft music what he is to her, how his love for her
2091 2766 2952 2809 has beautified her life; and Lobheimer almost feels as
2087 2803 2954 2845 if he loves her indeed, so soothing is her gentle, tender¬
2093 2831 2953 2869 nature after the wild passion of the riper woman.
2097 2864 2958 2906 Suddenly the gay company are interrupted by thei
2098 2893 2961 2939 ringing of the door beil; Lobheimer, looking from thei
2112 2930 2956 2964 window, recognises the husband he has wronged.
2106 2956 2959 3002 Hurriedly acquainting his friends with thefact he sends
2105 2990 2955 3043 them all into another room, and admits his late visitor.
2091 3022 2954 3071 Ashort scene pregnant with meaning follows; the men
2108 3049 2967 3099 exchange but few sentences; the husband has found
2105 3093 2965 3136 Lobheimer’s letters—which he brings him—in his wife's
2113 3117 2956 3170 possession and is aware of bis dishonour. He does not
2123 3143 2960 3192 wish the letters to be found“ afterwards, he says, and
2110 3175 2967 3226 Fritz understands, and places Fimself at the disposal of
2112 3221 2969 3258 the man he has betrayed. The ducl will take place in
2107 3251 2958 3295 two days; and the interview ends with the repression
2116 3281 2968 3324 of feeling with which it commenced. Lobheimer recalls
2122 3317 2974 3361 his friends and endeavours to act as if nothing had hap¬
2124 3342 2974 3399 pened, but his wonted spirits will not come at his
2818 3375 2850 3398 „
2118 3390 2962 3421 bidding, and the company soon disperse. Theodor,
2112 3415 2983 3463 being requested by his friend to return, does so, and
2123 3452 2790 3494 reluctantly undertakes the oflice of second.
2148 3448 2977 3518 The second act shows us Christine’s home, and intro¬
2123 3501 2968 3550 duces her father—first violin at one of thetheatres. Old
2117 3535 2973 3580 Weiring is a character in his way, and a philosopher;
2110 3567 2979 3618 he contends that the only things worth having in later
2120 3603 2970 3645 life are the“remembances,'and would rather his child
2120 3633 2974 3675 should love under any conditions than that she should
2121 3669 2974 3710 have no sweet memories in her old age. So he is later
2115 3701 2971 3744 on neither surprised nor grieved at Christinc’s love for
2115 3734 2970 3796 Lobheimer, and calmly receives all the insinuations of
2128 3764 2973 3810 a mischief-making neighbour, who tries to calumniate
2130 3797 2977 3849 his daughter. Christine herself watches all day forher
2124 3828 2968 3873 lover, who has promised to come; she is alternately
2125 3859 2961 3907 hopeful and despairing, for it is late in the evening
2118 3893 2961 3953 when he arrives. He tells her he will be absent for a
2129 3925 2962 3973 time—that he is going a journey, and in the moment of
2124 3954 2964 4005 farewell, with a prevision of his end upon him, he really
2118 3988 2972 4035 loves the girl who has given him her life. He promises
2128 4022 2914 4068 to write to her and then, with a heavy heart, goes.
2147 4046 2974 4101 The third act contains some painfully impressive
2123 4086 2969 4134 scenes: Christine waits and watches in vain for some
2800 4117 2914 4146 arning
