3484 4320
-17 2244 55 2306 te
5 3403 67 3482 60
-7 3469 71 3526 ne
13 3522 69 3564 des
678 171 762 251 1.
292 174 1305 278 Liebelen box 13/3
192 992 2964 1026 # hältnis dulde. Wo er doch ahnt, Fritz werde denn auch zeitlebens diese Einakter („Frage Erzherzogin, die dem Kaiser besonders nahe¬
1222 1015 2976 1066 in das Schicksal", „Weihnachtseinkaufe“, stand, mit derartiger Gewalt hinaus, daß man
302 1025 1029 1106 die einzige Liebe der Tochter bleiben!“
1607 1054 2971 1116 „Anatols Hochzeits=nicht einmal der klugen Meinung des
1176 1065 1574 1115 „Abschiedssouper“,
1188 1102 2980 1169 morgen“ usw.) für verunglückte Stückchen ge= Intendanzhofrates Dr. Wlassack folgen wollte,
375 1117 1188 1190 Zweifellos wollte auch ein andres
1196 1140 2982 1195 halten, wie denn auch Sonnenthal, dessen das Stück, das „ja eh“ nur einmal vor
1955 1180 2089 1239 Re¬
2081 1176 2986 1233 Saisonschluß angesetzt war, dieses eine Mal
296 1181 1191 1252 Moment der Aristokratin nicht gefallen. Was
1192 1180 1970 1248 Hausarzt der berühmte Laryngolog
2079 1227 2973 1275 noch zu geben und dann ganz im stillen für
1186 1214 2081 1279 gierungsrat Dr. Schnitzler gewesen, dem
303 1229 1191 1285 hat ein Vorstadtgeiger, was hat eine
1191 1258 2990 1339 Freunde gegenüber nach der Lektüre des immer verschwinden zu lassen. Wlassack wollte
303 1263 1198 1329 Strumpfwirkerin, und was haben solche
1191 1306 2976 1377 „Anatol“=Manuskript das Urteil abgab: „Dein den Skandal vermeiden, der nach dem Ver¬
311 1306 1189 1370 Mädel überhaupt auf der Bühne des Burg¬
208 1270 302 1400 de
2077 1348 2992 1412 bot in den Blättern losbrach. Vergeblich.
1195 1362 1863 1434 Sohn Artur ist absolut talentlos.“
305 1356 1193 1411 theaters zu tun? Sind solch niedrige Personen
2141 1398 2991 1447 Die schärfste Verfolgung hatte Schnitzler
1274 1390 2089 1457 Trotzdem wurden die Stücke da und dort
295 1401 1207 1462 dramatische Subjekte, deren Schicksal Furcht
2084 1414 2986 1485 als Dichter des Aerztestückes „Professor Bern¬
200 1425 311 1497 adt,
1199 1432 2087 1494 mit Erfolg aufgeführt. Das Volkstheater
317 1444 1195 1500 und Mitleid der höheren Gesellschaft erregen
201 1481 310 1524 mit
2080 1473 2984 1535 hardi“ von der Statthalterei zu ertragen. Das
1188 1470 2086 1538 sollte die erste zyklische Aufführung bringen.
309 1487 1203 1539 könnten? Damals spielte Adolf Sonnenthal
204 1509 302 1573 sely
2078 1519 2982 1574 Stück mußte jahrelang — bis zum Umsturz —
1205 1519 2073 1604 Da sagte Schnitzler nach langem Sträuben:
305 1530 1193 1586 den Geiger. Durch seine Milde die durchaus
213 1546 309 1613 hsten
2079 1558 2984 1611 warten, ehe man es im Volkstheater zum
1279 1555 2091 1623 „Gut, ich geb’ euch (Adolf Weisse war
306 1569 1214 1628 würdige Greisengestalt adelnd. Aber erst vier
208 1597 313 1658 dem
2078 1598 2983 1650 erstenmal spielen konnte. Das Problem war
1200 1604 2078 1682 damals Direktor) diese Dichtungen frei, ob¬
304 1619 1195 1685 Jahre später, als er mit schweren Röhren¬
2082 1639 2997 1687 rein dichterisch auf ein Erlebnis des damaligen
213 1648 307 1696 da¬
1503 1644 2083 1717 für verfehlte, novellistische
1472 1667 1537 1711 e
315 1655 1196 1713 stiefeln, die Peitsche in der Hand, im Namen
1189 1654 1438 1733 gleich ich
208 1685 311 1741 die
2083 1684 2992 1732 Assistenzarztes Dr. Artur Schnitzler aufgebaut.
1194 1688 2096 1758 Dialoge halte und euch nochmals zurufe:
303 1702 1205 1747 des großen Dichters Gerhart Hauptmann als
2088 1721 2996 1780 An der psychiatrischen Abteilung wirkte als
212 1730 319 1789 tags
1199 1736 2091 1804 „Lasset doch die Toten ruhen!' Aber ich sag'
308 1738 1203 1797 Fuhrmann Henschel auf der Bühne des
216 1758 314 1822 was
2093 1768 3005 1837 Dozent Dr. Alexander Holländer (nebenbei
1205 1776 2089 1842 euch's gleich: Ihr müßt mir das Recht geben,
312 1789 1206 1841 Burgtheaters erschien, konnte er die Herr¬
209 1816 319 1875 Mit
2083 1817 2995 1864 bemerkt, ein bekanntes Mitglied des Wiener
1203 1816 2091 1883 noch bei der Generalprobe die Stücke zurück¬
313 1826 1198 1893 schaften von den Logen und vom Parkett
2076 1845 2995 1914 Männergesangvereines). Er wollte eines Tages
1196 1858 2006 1936 zuziehen, sobald ich sie unmöglich findel“
311 1873 1196 1934 überzeugen, daß auch eine Persönlichkeit
2088 1888 3003 1951 einem Priester den Zutritt zu einer jungen
325 1921 1209 1974 niederen Ranges, wie ein Kutscher es ist, als
2088 1934 3006 2005 Patientin nicht gestatten weil sie (wie aus
206 1925 320 2000 rum
1276 1940 2085 2009 Nun, dazu kam's nicht. Im Gegenteil, der
320 1959 1215 2023 Fürst des Lebens und des Leidens die
2085 1967 2997 2043 ihren schwärmerischen Ausrufen hervorging)
204 1985 320 2037 Uline
312 2000 1211 2062 Huldigung des Mitleids würdig entgegen¬
1199 1994 2091 2068 Zyklus wurde immer besser und besser besucht.
2092 2021 3004 2086 gerade ihren letzten herrlichen Traum träumte,
203 2030 320 2087 por¬
689 2035 1199 2107 in einem Hause von
312 2040 652 2119 nehmen könne
1201 2037 2086 2109 Eigentlich wird die Gestalt des Anatol, des
2087 2060 3009 2128 wie die Engel sie begrüßen und die Orgel des
214 2073 318 2130 ktraa
313 2077 1201 2147 Marmor und Gold und vom nobelsten
1199 2091 2095 2156 gebildeten, jungen Wieners, des leidenden
2097 2106 2426 2168 Himmels ertönt.
206 2112 323 2176 ffeste.
1739 2118 2096 2183 Champagnerglas
1562 2125 1753 2190 dessen
313 2129 1205 2206 Publikum, einer kaiserlichen Haupt= und
1200 2133 1564 2190 Lebensgenießers,
2168 2124 2998 2212 Daraus zimmerte Schnitzler ein Pro¬
1196 2161 2101 2224 stets mit einer feinen Masche aus schwarzem
318 2179 617 2249 Residenzstadt.
2094 2179 3013 2240 blemstück. Aber obgleich der Dichter die
205 2162 324 2254 den
1198 2209 2076 2288 Flor umhüllt ist, die nur der Trinker sieht —
2099 2231 3007 2306 Kirche mit aller gebührenden Ehrerbietung
1201 2244 2100 2316 eigentlich wird dieser Don Juan des feinen
2353 2269 3004 2328 wollte der in seinen An¬
2097 2275 2364 2333 behandelte,
200 2277 332 2338 hren
757 2263 1217 2341 obgleich Schnitzlers
388 2270 698 2348 Merkwürdig
1213 2287 2088 2351 Wiener Dialektes, dessen Liebestragik in einer
2102 2312 3007 2367 schauungen sonst durchaus gemäßigte korrekte
205 2325 330 2388 nein
322 2313 1207 2389 „Liebelei“ durch fast fünfzehn Jahre zweiund¬
2097 2367 3009 2416 damalige Statthalter Baron B. das Stück un¬
329 2328 2101 2426 vierzigmal aufgeführt werden konnte (das koketten Stirnlocke sich materialisiert, dieser
1210 2377 2101 2443 Wiener Hausherrnsohn, der schon mit Dativ
2101 2404 3009 2464 bedingt verbieten. Hauptgrund (neben andern):
201 2397 315 2463 kster¬
327 2415 1215 2471 ist schon eine bevorzugte Zahl), waren die
1215 2421 2096 2487 und Akkusativ richtig umgeht, nicht nur das
2109 2435 3003 2491 er glaubte, der Dichter habe mit dem
207 2454 318 2505 üiber.
324 2450 1209 2515 Hofleute doch froh, es 1910 an das Deutsche
1210 2463 2101 2524 männliche Ideal einer Generation Frauen und
2107 2478 3005 2534 streberischen Minister Dr. Flint, der seinen
199 2490 318 2566 Stück
319 2496 1211 2551 Volkstheater abgeben zu können. Denn die
1211 2512 2100 2579 Mädchen, sondern er wird die Gestalt, die den
2103 2526 3008 2599 Duzfreund Bernhardi im Parlament plötzlich
327 2537 1222 2613 Metternich ließ nicht locker. Wie wenig das
1221 2565 1961 2632 Dichter so eigentlich populär machte.
2097 2576 3012 2631 fallen läßt, ihn gemeint, den Baron B.
206 2574 284 2638 S
326 2575 1214 2643 Vorstadtdrama im Burgtheater abgespielt
1281 2561 2111 2643 Wie sehr übrigens Schnitzler seinen
2106 2615 3014 2666 Obwohl der Minister in einer dem Statthalter
329 2622 1221 2686 war (man denke nur an die glänzende Erst¬
1221 2631 2110 2693 Anatol=Zyklus geringschätzte, dafür zeugen
2105 2652 3020 2714 völlig unähnlichen Maske gespielt wurde, ließ
950 2666 1211 2735 Sonnenthal;
610 2670 840 2730 Weiring
1210 2675 2111 2732 Briefe, die er mir 1909 schrieb (ich habe sie
318 2683 545 2738 besetzung:
216 2710 324 2766 will
318 2709 1223 2782 Christine — Adele Sandrock; Mizzi —
702 2704 3021 2809 Kutschera; Theodor —später in der „Volks=Zeitung“ veröffentlicht), sich der Statthalter von seiner Meinung nicht
208 2749 326 2811 igene
1212 2747 2340 2839 Als ich „Hochzeitsmorgen“ in einer lite= abbringen.
324 2760 644 2827 Kallina; Fritz
2190 2755 3012 2840 Schnitzler hatte in der Tat einen ganz
219 2792 322 2864 keine
339 2789 1230 2871 Zeska, und Mitterwurzer in der winzigen
1215 2797 2109 2873 rarischen Veranstaltung aufführen wollte,
2099 2817 3018 2885 andern Staatsfunktionär gemeint, einen wirk¬
333 2844 1227 2914 Rolle des „Herrn“), das ergibt sich aus der
1214 2849 2105 2915 warnte er mich — das Stück sei ihm durchaus
2098 2870 3010 2922 lichen Unterrichtsminister, der ehemals (so
203 2865 327 2935 itlich
327 2884 1219 2959 Aufführungszahl des Deutschen Volks¬
1215 2887 2110 2953 unsympathisch, es werde keine Wirkung üben.
2099 2899 3017 2958 wie Dr. Flint) Universitätsprosessor gewesen.
204 2921 335 2993 ragte
340 2918 1225 2995 theaters. Da gab es kurz hintereinander
1215 2923 2100 2999 Ich antwortete ihm schriftlich: ich sei durch¬
2105 2948 3020 3000 Einen offiziell liberalen Minister, der trotz¬
339 2966 1231 3032 noch sechsundachtzig glänzend besuchte
1212 2972 2107 3037 aus gegensätzlicher Meinung. Und in der Tat,
2107 2988 3015 3048 dem die freien Volksschulen in der Provinz
190 2990 334 3065 ebes¬
1201 3011 2114 3094 das Stuck hatte großen Heiterkeitserfolg. Aber
333 3016 737 3097 „Liebelei“=Abende!
2103 3021 3021 3095 immer mehr durch klösterliche zurückdrängen
210 3042 335 3101 von
1209 3057 2114 3124 der Dichter war nur zur Generalprobe ge¬
2106 3083 3010 3126 ließ. Es war der Minister Baron Dr. H. Er
212 3089 337 3149 fliebte
1222 3096 2104 3165 kommen, das Stück selbst wollte er nicht durch
2115 3099 3027 3170 starb, ohne zu ahnen, ein trauriger Bühnen¬
412 3083 1233 3166 Dichter sind gewöhnlich so sehr mit sich
218 3122 350 3190 ein¬
1217 3155 1838 3224 seine Gegenwart legitimieren.
2111 3145 3030 3214 held Schnitzlers zu sein, während der andre,
341 3140 1233 3219 selbst und ihrem Ruhm beschäftigt, daß ihnen
209 3170 344 3247 tratet
2110 3192 3029 3251 der nicht gemeint war, bis zu seinem Hin¬
343 3196 1238 3265 für Dankbarkeit keine Zeit bleibt. Bei
1285 3206 2111 3303 Hatte die „Liebelei“ seinerzeit im Burg¬
2118 3244 3023 3310 scheiden darüber sich kränkte, obwohl er doch
345 3232 1254 3314 Schnitzler war das wirklich anders. Das
203 3239 341 3322 iderte
1221 3253 2109 3336 theater mit der mächtigen gesellschaftlichen
2115 3282 2712 3351 hatte Rache nehmen können.
345 3279 1237 3356 Volkstheater hatte „Liebelei“ eine so
211 3307 314 3359 r zu
1232 3310 2107 3387 Zensur zu kämpfen, so andre Stücke, wie „Der
2185 3298 3016 3381 Eines ist sicher: der arme Dozent Doktor
338 3325 1240 3396 glänzende Unterkunft gewährt, und als
203 3342 340 3401 tädter
1224 3350 2106 3427 grüne Kakadu“ und „Professor Bernhardi“
2110 3361 3011 3430 Holländer ist trotz seinem weißen Haar nie¬
346 3370 1231 3435 dessen Dramaturg Glücksmann den Dichter
203 3384 344 3445 ernich
1234 3389 2115 3461 mit rein höfischen oder mit der ebenso
2115 3410 3013 3466 mals Professor geworden. Er hat es schwer
348 3412 1233 3480 um die Ueberlassung des „Anatol“=Zyklus
200 3428 349 3494 Haben,
1232 3436 2124 3515 mächtigen der Bureaukratie. Die Groteske
2114 3438 3023 3519 büßen rtüssen, dramatisiert worden zu sein.
337 3453 1238 3532 bestürmte, sagte er endlich .— ja. Das war
226 3473 349 3525 seine
1228 3467 2120 3545 „Der grüne Kakadu“ flog nach fünf Auf¬
223 3490 1244 3566 Fritz ein wahres Martyrium, bis man den Dichter
2538 3496 2985 3588 Julius Stern.
232 3496 2141 3627 Ver= zur Einwilligung gebracht hatte. Er hat lführungen Ende Mai 1899 auf Befehl einer
