3484 4224
37 3283 101 3336 ur
-18 3327 104 3388 damch
-8 3375 101 3431 bring
-10 3419 106 3479 hrateh
16 3462 109 3531 erhe
13 4008 95 4071 chen
-6 4051 95 4109 ende
579 67 3008 150 und woenkeilsloser gesinnt als man es bei Söhnen guter Häuter par Vorausetzungen gegeben sein von denen Sugo Hoimannettat
3094 130 3435 210 Um ganz gerech
567 116 3015 173 damals liebte, wuchs in einer Zeit auf, in der es für schön= einige anführt: vertrauteie Kenntnis des zu Feiernden, als er sie
3003 156 3429 245 in Erinnerung rufen
560 173 2996 244 geistige junge Leute seiner sozialen wie Altersklasse als das besitzt. Ein inneres Verhältnis zum Geseierten, in diesem Falle
3000 224 3437 299 Organismus naturgem
555 227 3010 290 Maximum des überhaupt Erreichbaren angesehen wurde, von der dem Burgtheater. Und Hofmannsthal glaubt, daß ihm, einem
2998 267 3439 337 unter denen unser ges
566 266 3003 356 „Neuen Freien Presse“ gedruckt und im Burgtheater aufgeführt zu der zwei oder drei führenden Dichter Oesterreichs, ein inneres
2994 315 3438 381 Die besonderen Schwi
569 299 2834 407 werden. Ob der junge Schnitzler diesen Ehrgeiz des Gedrucktwerdens Verhältnis zum Wiener Burgtheater eigentlich mangelt.
560 353 1812 425 teilte, ist mir nicht bekannt. Wohl aber erinnere ich mich, von
1885 361 3442 448 „Es wäre“ sagt er, „gewiß möglich und vielleicht ver¬ igentlich schon von de
566 397 1800 466 ihm gehört zu haben, daß er heute noch den Tag, an dem
2995 411 3407 474 vor dieser Zeit war,
2909 435 3008 496 zu
1796 415 2927 505 lockend, die eigene Stellung zum Komplex „Burgtheater“
561 452 1792 527 Max Burckhard seine „Liebelei“ zur Aufführung am Burgtheater
2994 462 3431 537 pflegenden Vorstadtthe
1790 471 2999 539 präzisieren. Im Rahmen eines genügend durchdachten und auch
555 497 1790 584 annahm, als einen der denkwürdigsten Tage seines Lebens
2994 519 3427 586 Darstellungsstil und
1795 526 3008 585 dann noch schwierig zu formulierenden Essays. Einen solchen zu
557 549 796 617 bezeichnet.
3000 558 3408 616 Einheit vermählten.
1776 564 3010 639 schreiben, ist mir gerade jetzt oft genug angetragen worden und
674 580 1798 656 Bis dahin Verehrer und Freund des Burgtheaters, trat er
2999 601 3433 675 wirkende Bresche sch
1782 619 2999 682 ich habe abgelehnt. Wenn ich nicht ablehne, im Rahmen eines
553 630 1180 710 mit diesem Tag als Autor
1238 653 1800 709 dem das Theater mindestens
3000 644 3441 716 einen ebensosehr begab
1790 657 2999 727 Gesprächs ein paar das Burgtheater und meine Stellung zu ihm
560 684 1791 763 soviel verdankt, als er ihm — dem engeren, ja engsten Kreise
2990 696 3438 770 verderbliche Erscheinung
1792 700 2998 773 betreffende Fragen zu beantworten, so schicke ich voraus, daß es
564 719 1080 800 des Burgtheaters bei.
1083 747 1785 806 Aber Artur Schnitzler wäre nicht
2991 751 3435 819 Aufgaben eines Burg
1790 761 2999 826 sich bei diesen Aeußerungen nur um solche eines Privatmannes
557 779 1795 845 der außerordentlich persönliche, scharfsichtige und zu unbeeinflußtem
2999 790 3428 857 Gewalt die — dama
1791 812 3000 875 handelt. Eines Prioatmannes der kaum irgendwelche Verbindungen
560 821 1795 901 Urteil besugte Mensch, der er ist, wenn eigene Erlebnisse mit
2990 833 3438 905 Theater hineinzubringe
1801 856 3003 914 mit dem Burgtheater unterhält, irgendwie wesentlich nie mit ihm
560 870 1798 958 dem Burgtheater seinen Blick für das Wesen dieses Instituts zu
2994 888 3438 960 „moderne“ Burgtheaten
1786 903 2999 972 verbunden war, der endlich sehr selten ins Burgtheater kommt
561 919 1046 995 trüben vermocht hätten.
2985 929 3443 1008 reißende Stilunsicherhei
1781 950 2998 1017 und in seinem eigenen Schaffen seit Jahren schon Wege ein¬
2983 983 3426 1048 ganze Reihe seiner bei
675 976 2994 1094 Das Wesen des Burgtheaters — es enthüllt sich ihm nicht geschlagen hat, die sich mit denen des Burgtheaters so gut wie
558 1013 1792 1094 so sehr bei Betrachtung des künstlerisch Geleisteten, als in
2986 1030 3445 1102 Burckhard wohl, durch
1789 1037 2187 1125 gar nicht berühren.
2989 1075 3438 1148 theater in einen neue
561 1063 1803 1149 Imponderabilien. Worten wie „Atmosphäre" und Tradition“
1889 1085 3002 1157 Ich will aber nicht leugnen, daß ich im Jubiläum dieses
551 1117 1786 1185 ohne die man bei Unterhaltungen übers Burgtheater schwer aus¬
1794 1128 3000 1201 Instituts etwas bis zu einem gewissen Grade auch mich Be¬
3078 1132 3444 1213 Dies wäre viel
555 1169 1793 1241 zukommen vermag, gehl auch er nicht aus dem Wege. Die
1797 1173 2999 1247 wegendes sehe. Denn auch ich gehöre zu den Oesterreichern, die
2987 1162 3414 1266 früh und damit brach
556 1218 1791 1284 spezielle Burgtheateratmosphäre wurde ihm nie so deutlich, als wenn
1792 1229 3005 1291 dem Burgtheater eine Reihe großer, von mir bis zum heutigen
2991 1238 3435 1306 einer neuen Darstellun
557 1269 1799 1334 er gewisse Begleiterscheinungen des Theaterspielens anderswo zum
1788 1278 3001 1335 Tag nicht vergessener Jugendeindrücke verdanken. Diese Eindrücke
3004 1282 3430 1370 als ihm, auf neuer #
552 1298 1790 1383 Vergleich heranzog. Und er vermag es nicht, in der oft zitierten,
1783 1327 3003 1401 habe ich besonders früh gesammelt, als ganz junger Gymnasiast,
2996 1332 3433 1397 sich zusammen. Kainz.
548 1347 1789 1435 ebenso oft verlästerten oder belächelten „Tradition“, einen Popanz
1791 1379 3429 1438 der zwischen seinem zwölften und etwa fünszehnten Jahr als stil unverkennbar an
553 1395 1788 1490 oder einen nebelhaften, nicht recht kousistenten Begriff zu erblicken.
1781 1413 3437 1488 regelmäßiger Besucher des alten Hauses oft und oft Gelegenheit ein ausgezeichneter Kon
665 1468 1793 1532 Atmosphäre wie Tradition des Burgtheaters scheinen ihm
1777 1463 3004 1554 hatte, die glanzvollen Leistungen der hier versammelten Künstler
2986 1476 3423 1540 eine Brücke zwischen
551 1514 1783 1580 vielmehr Begriffe mit durchaus realen Auswirkungen zu sein,
1779 1515 2080 1603 zu bewundern.
2987 1508 3432 1587 Zeit, um die Wende
550 1566 1792 1636 die sich sowohl im künstlerisch geleisteten wie in dem eigenartigen
1885 1571 3442 1632 Und da muß ich nun hinzufügen, daß, für meine Person, unverhofft eine Möglich
546 1601 1784 1680 Erziehungswerk"fesistellen lassen, das sie fast auf jeden ausübten
1779 1595 3439 1688 diese Eindrücke sich fast sofort nach der Uebersiedlung des Burg= die einst im alten
544 1673 1782 1725 und noch ausüben, der in die Kreise des Burgtheaters geriet.
1780 1652 3404 1731 theaters in sein neues, unglückliches Haus abzuschwächen begannen. band. Das war,
556 1700 1780 1769 Es ist kein leerer Wahn, von einer der Burgtheatersphäre durchaus
2998 1710 3388 1789 Burgtheater kam,
1781 1715 2990 1772 Wie mir, geht es übrigens vielem. Ein großer Teil der eminenten
555 1744 1790 1809 eigentümlichen, unter anders gearteten Verhältnissen unwieder¬
2980 1740 3434 1824 lichste, weil ein
1772 1755 2996 1827 Eindrücke, die wir von den Vorstellungen im alten Haus
546 1803 1784 1868 holbaren Kultur zu sprechen. Ob ihr geistiger Inhalt auch immer
1786 1801 3432 1869 empfingen, war wohl schon durch die Atmosphäre eben dieses Ereignis der neueren
544 1848 3424 1891 dem Aufwand im Formalen entsprach, kann man eventuell dahin= Hauses gegeben. Es vereinigte eine zahlenmäßig durchaus nicht mochte wieder, was en
551 1895 3438 1966 gestellt sein lassen. Aber, belehrt durch den Umgang mit Menschen große, aber absolut erlesene, zu höchster künstlerischer Leistung zwischen Stück und P#
544 1941 1786 2016 und Institutionen, lernt man schließlich den Wert guter Formen
1784 1950 2990 2015 durchweg befähigte Schar von Schauspielern, und sein Publikum
2978 1950 3437 2016 werk und Zuschauer zu
551 1985 1775 2052 nicht geringer einzuschätzen, als er es verdient. Als Autor,
1780 1996 3436 2057 gab sich als intakte gesellschaftliche Einheit, es war die sehr ge- wieder die sich hier hes
537 2034 3428 2095 meint Schnitzler, kann man im Burgtheater wie überall gute und bildete Bourgeoisie der damaligen Zeit. Man mag über die Hier war eine haltbare
538 2073 3389 2149 minder erfreuliche Erfahrungen machen. Nie aber wird der Gast geistige Kapazität dieser Art von Publikum, über sein Verständnis neuem Burgtheater,
547 2131 3004 2193 des Burgtheaters — gleichviel, ob er dort gern oder ungern für literarisches Niveau denken wie man will, muß aber jeden¬
2987 2141 3421 2207 Klassikeraufführungen hi
539 2191 3426 2247 gesehen ist — über die Form, in der seine Aufnahme in diesen Kreis falls auch in Betracht ziehen, daß der viel später aufgekommene oder andern bedeutende
2991 2231 3439 2311 Hauses erinnern konnte
544 2237 2995 2298 erfolgt, zu klagen haben. Jene durch schlechte Kinderstube oder Begriff eines „l####erischen" Theaters sich keineswegs mit dem
537 2278 2995 2335 literarischen Snobismus erklärbare Geringschätzung, die sich andern- deckt, was das alte Burgtheater auch in seiner Glanzzeit war.
3084 2289 3427 2354 Seither und
539 2324 2987 2400 orts heute mitunter auch Autoren von anerkanntem, aber nicht Den festlichen Charakter, der uns als hervorstechendstes Merkmal
2989 2323 3430 2409 übrigen mit Schwierig
541 2367 2265 2442 erst in einer letztvergangenen Sonntagsmatinee entdecktem Verdienst damaliger Aufführungen
2246 2387 2994 2456 so stark in Erinnerung geblieben
2991 2382 3407 2450 zu suchen sind und zu
535 2425 3433 2478 gefallen lassen müssen, ist in der Atmosphäre des Burgtheaters so ist, vermittelte uns sicher erst in zweiter Linie das sondere, wohl konstitutt
545 2475 964 2552 gut wie undenkbar.
1759 2458 3416 2543 Stück, in allererster Linie aber die schauspielerische einmal und zusammenfe
648 2514 2992 2581 Hier legt die vielberufene Tradition eben Verpflichtungen Leistung. Das alte Burgtheater war ein Schauspielertheater, in
2978 2527 3422 2590 theater einst war, nich
542 2554 2982 2621 auf. Man kann sehr gut von einem Geist des Hauses sprechen, dem es, was die Wirkung auf den Zuschauer anlangt, letzten
2987 2569 3425 2640 etwas wieder Anzustreh
543 2614 2997 2678 der unter Umständen stark genug war, wenn schon nicht immer Endes gar nicht darauf ankam, ob sie auf der Bühne den „Götz“
2975 2622 3429 2684 unter jenen fehlen, die
1767 2664 2512 2727 oder Seribes „Glas Wasser“ spielten.
541 2658 1779 2722 das geistige, so doch fast stets das menschliche Niveau des mit
2978 2667 3424 2756 weiteren Weg wünschen
531 2710 1783 2771 Burgtheaterdingen sich Befassenden zu erhöhen. In der Flucht
1854 2695 2999 2784 Und weiter charakteristisch war für das alte Theater, daß es
538 2757 1780 2824 der Burgtheatererscheinungen gibt es nebensächliche, auch mediokte
1770 2739 2990 2825 nicht mit Einzelleistungen, sondern als unerhört aufeinander ab¬
549 2809 1776 2867 Exponenten der Tradition. Aber fast keinen, dem Tradition und
1767 2820 2991 2881 gestimmtes Zusammenspiel gleichwertiger oder doch zumindest gleich¬
545 2858 1776 2933 Atmosphäte dieses Hauses nicht Erzieher zu einer höheren Lebens¬
1762 2863 2997 2936 wertig scheinender Künstler am stärksten in unserer Erinnerung
542 2899 1015 2975 form geworden wären.
1759 2903 2986 2975 blieb. „Gute“ Vorstellungen mag ich auch später, anderswo oder
647 2926 1778 3016 Und hier allein schon sieht Artur Schnitzler einen Vorzug
3065 2927 3439 3025 Nirgends habeich
1766 2953 2997 3017 im Burgtheater, gesehen haben. Den eigentlich bleibenden Eindruck
2980 2976 3428 3074 Autor Mitarbei
541 3000 1772 3079 des Burgtheaters, der ihm unbestreitbar hohen Rang innerhalb
1767 3007 2981 3065 aber vermittelte mir da, wenn ich mein Gewissen erforsche, doch
536 3042 1312 3124 des heutigen Theatergetriebes anweist.
1772 3047 3424 3112 fast immer nur eine besonders hervorstechende Leistung eines glaube, noch fühlen es
647 3095 3426 3142 Die Schäden nun, die dem Organismus „Burgtheater“ einzelnen, des Protagonisten. So erinnere ich mich, wahllos durch das sie ihr Werk
2971 3140 3419 3207 autor wird. Das Werk
542 3138 2982 3217 innewohnen, hängen nicht in allererster Linie, aber auch kaum in aus einer Anzahl ähnlicher Eindrücke herausgegriffen, etwa des
2968 3191 3430 3258 im Buche vor das Pub
533 3186 2977 3258 letzter mit seiner von altersher bestandenen Unterordnung unter Romeo von Josef Kainz. Aber ich habe keine Ahnung mehr,
532 3235 3412 3300 einen mit fast diktatorischen Befugnissen ausgerüsteten Verwaltungs= wer seine Mitspieler waren und wie sie auf mich gewirkt haben, das wir Buch nennen,
534 3286 2970 3351 apparat zusammen. Gegen diese als Intendanz, Theaterverwaltung Ganz a ders ist jede meiner Erinnerungen an Vorstellungen im
2973 3281 3414 3371 Romauen ergießt, fügt
2963 3330 3339 3410 der Dichter selbst.
534 3335 2982 3414 und dergleichen verkleidete Hierarchie der Beamten, die übrigens alten Haus: der ganze Abend als solcher ist mir zu einem
549 3384 2370 3449 zum Teil ein wirkliches, inneres Verhältnis zu Kunst= und bleibenden Eindruck geworden.“
3057 3387 3427 3455 Doch wie ein gen
535 3430 1787 3482 Sheaterdingen hatten, ist immer gekämpft worden. Ohne
1862 3407 2974 3497 Hofmannsthal wird gefragt, ob er findet, daß ein solch ab¬
2959 3420 3428 3499 Orgel ertönt oder auf e
1765 3473 2967 3554 soluter Zusammenklang des Schauspielerischen etwas Unwieder¬
542 3476 1765 3536 richtigen Erfolg, denn es zeigt sich, daß auch heute
2962 3481 3427 3548 schon mit dem Bewu
1759 3527 2077 3602 bringliches ist.
543 3528 1777 3589 noch ein verhältnismäßig ganz stattlicher Rest von
2961 3525 3358 3597 Schönes zu hören —
542 3554 1777 3645 Intendantentum und Beamtenherrschaft die Geschicke des Burg¬
1858 3576 3421 3641 „Nein.“ sar er, „ich will ihn lieber als etwas wieder seiner feierlichen Beleuch
1763 3599 2261 3696 Anzustrebendes betrachten!“
553 3611 1766 3686 theaters mit bestimmt. Inwiesern diese gemilderte, aber nichts
2943 3635 3412 3689 mit seinem Vorhang, se
552 3660 1793 3750 weniger als abgeschaffte Beamtenoberhoheit, nach ihrer Zähigkeit
1850 3681 3417 3764 Und was steht der Erreichbarkeit dieses Zieles im Wege? kurz: mit seinem ganzen
