3484 4224
382 117 743 193 Liebelei
222 118 1336 230 5 box 13/8
2535 282 2932 386 Telephon 12801.
1822 400 2242 525 : Minde
1766 465 1855 513 —
2223 418 2910 564 ETENNTErSBNNH
1789 508 2917 601 □ l. österr. behördl. konz. Unternehmen für Zeitungs-Ausschnitte
1933 558 2813 690 Wien, I., Concordiaplatz 4.
2154 647 2580 732 Vertretungen
1790 667 2894 791 9 in Berlin, Budapest, Chicago, Christiavia, Genf, Kopen¬
1829 725 2903 825 hagen, London, Madrid, Mailand, Min###polis, New-Vork,
1850 779 2873 890 Paris, Rom, San Francisco, Stockholm, S. Petersburg.
2170 829 2551 909 (Quelienangabe ohne Gewähr.)
1747 842 2230 940 E Ausschnitt aus:
2237 925 2830 1040 iener Mittags-Zeitung
1737 913 1982 1018 S vom:
1983 926 2277 1027 Roll. Wö
2022 1054 2350 1152 Kainz.
1637 1008 1972 1164 Neie
1764 1129 2799 1216 Von einem Freunde unseres Blattes erhalten wir
1644 1174 2800 1295 die folgende Zuschrift: Langsam dringt die Nachricht
1649 1262 2788 1337 hinaus ins Grüne, in die fernen Gebirgstäler, an die
1636 1316 2790 1384 stillen Sommerseen, an denen die Wiener jetzt sitzen. Wie
1650 1371 2788 1448 es einst durch die Welt geklungen hat: Der große Pan
1638 1427 2777 1514 ist tot, so klingt es nicht viel leiser jetzt dem kunst¬
1638 1477 2794 1550 freudigen und =verständigen Wien ins Ohr: „Kainz will
1639 1549 2782 1609 vom Burgtheater gehen!“ Das Dementi ist aller¬
1638 1595 2781 1684 dings auch schon da, Herr Direktor Doktor
1641 1649 2793 1748 Schlenther hat sich interviewen lassen und hat
1642 1725 2781 1790 sofort konstatiert, daß an den Gerüchten kein
1639 1784 2775 1858 wahres Wort sei. Herr Kainz habe bloß einen etwas
1624 1835 2779 1912 längeren Urlaub erhalten, der sich allerdings über die
1619 1888 2775 1956 gesamte Wintersaison erstreckt, und triumphierend hat der
1632 1950 2774 2036 Direktor des Wiener Hofburgtheaters beigefügt, daß
1624 2014 2778 2094 dieser verlängerte Urlaub dem größten deutschen Schau¬
1628 2067 2771 2150 spieler „gegen Karenz seiner Bezüge“ ge¬
1620 2129 2778 2199 währt wurde. Wien fragt sich zweifelnd: Was soll nun
1626 2191 2764 2256 aus dem, was einst das Burgtheater war, werden, wenn
1630 2247 2768 2307 nun auch Kainz geht? Und der Direktor erwidert er¬
1629 2295 2764 2370 staunt: „Wozu der Lärm, ich brauche ihm ja für die
1626 2356 2762 2420 Zeit seiner Abwesenheit nichts zu bezahlen!“ Vielleicht
1616 2408 2760 2490 sogar, daß er im Stillen schon berechnet hat, um wieviel
1627 2477 2768 2551 sich dadurch die Bilanz des Burgtheaters bessern wird #.
1730 2527 2763 2605 Es ist in der letzten Zeit, zuletzt anläßlich der zehn¬
1617 2582 2758 2668 jährigen Wiederkehr des Tages, da Herr Dr. Schleuther
1622 2632 2773 2728 vom Strande der Spree zu uns übersiedette; so gründlich
1619 2708 2762 2759 über seine Tätigkeit geschrieben worden, daß heute zu
1619 2759 2755 2840 sagen fast nichts mehr übrig bleibt. Die endgiltige Sub¬
1621 2806 2760 2890 stituierung des klassischen Burgtheaterrepertoires durch
1614 2873 2752 2949 „Husarenfieber“ und Anna Karenina“ spricht allein zu
1623 2934 2760 3013 laut, als daß man noch ein geschriebenes Wort dazufügen
1617 2996 2757 3072 müßte. Es hat Burgtheaterabende gegeben, an denen Ein¬
1617 3043 2752 3131 heimische und Fremde mit allen sichtbaren Zeichen des
1616 3108 2757 3177 Entsetzens das Burgtheater verließen. Es sei nur an den
1609 3157 2759 3238 vorletzten Abend der abgelaufenen Saison erinnert, an
1611 3209 2757 3305 welchem an „Liebelei“, das stimmungsvollste Bühnenwerk
1609 3272 2751 3350 desswienerischesten Pocten, „Endlich allein“, angehängt
1611 3336 2743 3423 wusde, ein Zirkusscherz, dessen „dramatischer Höhepunkt“
1601 3383 2750 3477 darin besteht, daß Herr Thimig, dessen geheime Tätigkeit
1598 3451 2752 3539 am Burgtheater ja längst ein offenes Geheimnis ist, ein
1604 3509 2744 3587 paar dutzendmal mit einem Bettpolster unterm Arm um
1607 3567 2739 3647 einen Tisch herumzugaloppieren hat. Derartige Ver¬
1603 3633 2747 3689 gehen an der heiligen deutschen Kunst,
1601 3689 2743 3774 am Wiener Burgtheater, an uns allen begangen, jahre¬
1602 3729 2732 3810 lang fortgesetzt, haben nicht genügt. Ein Glanz, ein
1597 3799 2737 3870 großer Schimmer war dem Burgtheater noch geblieben,
1602 3867 2736 3952 er hieß Josef Kainz. Und nun ist es ganz gleichgiltig,
1589 3913 2729 4001 ob Kainz den überlangen Urlaub mit oder ohne Karenz
1597 3955 2740 4052 der Gebühren erhält, denn das Burgtheater ist eine Kunst¬
1598 4014 2728 4088 stätte, die Anspruch auf einen ganzen Kainz erheben
