3484 4224
206 2045 294 2124 □
366 171 765 239 Liebeler
910 160 1349 253 box 12/8
363 222 770 278 „
1315 514 1356 599 4
548 504 1316 634 geote Schaversnhaden
739 610 1381 725 E G
395 642 810 772 N
445 727 1313 822 onGaares esursenet Teirunol-Aussenutrr. s0a0
444 787 1317 884 BERLIN SO 16, RUNGESTRASSE 22-24
348 847 1372 939 Bearbeitet die deutsche und ausländische Presse auch auf Inserate.
376 895 1381 984 Liefert Listen über geplante Bauten aller Art. Geschäftseröffnungen.
709 954 1037 1013 Festlichkeiten usw.
451 1035 1321 1154 Berliner Allgemeine Zeitung
719 1129 1033 1191 Berlin SW. 68
639 1170 1127 1236 Ausschnitt aus der Nummer vom:
751 1282 1198 1367 2 6 0X T. 927
457 1384 501 1443 110
625 1383 1229 1493 Käthe Dersch=Abend
480 1485 1376 1571 im Heutschen Künstler-Theater.
543 1573 1371 1636 Um diesem gesegneten Menschenkind Gelegen¬
499 1613 1378 1682 heit zu schaffen, nacheinander in Rollen gegen¬
493 1656 1383 1723 sätzlicher Natur höchste Künstlerschaft zu er¬
495 1697 1399 1756 weisen, sind zwei bewührte Stücke wieder her##
497 1723 1378 1788 Vorgeholt werd: Arthur Schnitzlers viel
497 1789 1365 1833 zespielte, lekischsentimentale „Liebelei“ und
498 1821 713 1875 Otto r
755 1814 1373 1878 Katjebens unverwüstlicher
500 1856 1035 1922 Stuhenten#k „Die Lobe“.
542 1885 1378 1960 Ver Schnicter war die Käte das süße
492 1927 1393 1998 Weaner Mädel Christine. Ein zarter, rühren¬
500 1983 1383 2027 der, inniger Ton, — keusches Empfinden, scham¬
498 2017 1357 2072 hafte Zurückhaltung. Der Dorsch Christine aus
485 2058 1352 2109 der Stadt der Bianen Donau ist ein deutsche
488 2085 1272 2151 Gretchen, kurz weg. Nür ohne Hängezopf.
480 2137 1374 2190 steht sie zwei Atte hindurch voll süßer Reinheit
486 2172 1364 2236 auf der Bühne bescheiden, mit gedämpftem Ge¬
490 2212 1376 2265 fühl. Dann aber, als sie erführt, daß der Ge¬
484 2248 1380 2302 jedte im Duell gefüllen, dann bricht ein Schmerz
481 2287 1362 2328 los, aus der Seele geholt stoßwesse. Ein Jam¬
482 2317 1372 2381 mern, das ans Herz greift. Taschentücher wur¬
486 2369 1370 2411 den an tränende Augen geführt, und die es
478 2396 1375 2471 taten, brauchten sich wahrlich dessen nicht zu
482 2441 658 2497 schämen
552 2468 1377 2544 So führten die Erschötterungen, die von der
478 2514 1357 2583 Dorsch ins Parkett übersprangen, das sentimen¬
493 2570 1367 2608 tale, nicht mehr recht interessierende Prama
480 2608 1365 2658 zu einer Höhe, die sich um so weniger hötte er¬
484 2641 1369 2700 warten lassen, als Anton Edthofers sensibler
478 2687 1358 2732 Fritz von vornhereitt mit einem gar zu dichten
486 2717 1367 2757 Schleier von Melancholie und Wehleidigkeit um¬
484 2755 1372 2813 wickelt war, so daß die Frische der Jugend, die
478 2800 1362 2867 nun doch einmal da sein soll, nirgends zum
480 2834 877 2891 Durchbruch gelangte.
544 2861 1368 2934 Dafür ließen es weder Ernst Pröckls
476 2901 1362 2964 munterer Freund Theodor noch Abrienne
473 2944 1358 2992 Geßnersreizendes Pluppermäuschen Mizzi
479 2991 1356 3036 an Lebendigkeit fehlen. Schlicht und verinner¬
483 3034 1355 3070 licht der alte Weiring Emil Linds, der das
484 3066 1370 3135 Zusammenspiel auf Lebensechtheit gestimmt
483 3102 614 3153 hatte.
539 3118 1368 3194 Und dayn die „Lore“ Küte Dorsch in
474 3171 1363 3231 der feschen Matrosenbluse, mit baumelnden Huf¬
476 3223 1369 3268 eisenohrringet eine kesse Studentenliebste von
484 3254 1358 3302 hurtigstem Zungenschlag, Vorstadtgrazie, Nachti¬
482 3294 1357 3353 gall vom Friedrichshain. Ein Mädel, das man
487 3338 1361 3381 hätte an die Ohren fassen und abknutschen
481 3376 1359 3415 mögen. Neben dieser Prachtlore sorgten Walther
476 3416 1354 3456 Steinbecks philiströser Vetter, Ulrich
474 3443 1351 3490 Vetlacs jungenhafter „Kleiner“ und Rudolf
472 3482 861 3536 Klein=Rogdes
1226 3489 1351 3535 hier¬
892 3480 1200 3538 feucht=fröhlicher,
480 3520 1362 3578 schmammiger Fred für beträchtliche Heiterkeit.
536 3615 1372 3704 So brachte der Dorsch=Abend einen großen
490 3666 1369 3749 Erfolg; einen Sturm des Beifalls, der am heftig¬
499 3717 1374 3790 sten das Blondhaupt dieser wundervollen Men¬
505 3763 947 3845 schendarstellerin umtoste,
1024 3774 1357 3866 Julius Knopf.
2073 489 2771 613 heoan nerevenrsesden
2269 609 2901 716 L
1986 724 2834 784 oaössras enwracht: #e#runos:Aussehwirr-adao
1977 778 2830 866 BERLIN SO 16, RUNGESTRASSE 22-24
1883 838 2906 912 Bearbeitet die deutsche und ausländische Presse auch auf Inscrate.
1879 912 2908 961 Liefert Listen über geplante Bauten aller Art. Geschäftseröffnungen.
2240 939 2555 978 Festlichkeiten usw.
2068 1019 2753 1144 Deutsche Warte
2266 1119 2569 1180 Berlin SW1.45
2170 1164 2644 1227 Ausschnitt aus der Nummer vom:
2329 1250 2751 1340 2 B0KT. 1923
2109 1389 2795 1483 Theater und Musik.
2046 1461 2851 1535 Käthe Dorsch als Christine und Lore.
2070 1516 2909 1595 „Liebelei“ von Arthur Schnitzler und „Die
2152 1563 2891 1633 von Otto Erich Hartleben im
1984 1574 2151 1638 Lore“
1982 1633 2757 1682 Deutschen Künstlertheater.
2052 1667 2903 1718 Wenn man eine Käthe Dorsch besitzt, muß
1999 1708 2903 1760 man einmal die „Liebelei“ spielen. Das ist
1998 1745 2895 1802 sozusagen Ehrensache. Nirgends oftenbart das
2000 1784 2901 1844 liebe, süße Mädel seine Seele reiner als in
2009 1819 2895 1877 Schnitzlers Wienerischem Schauspiel. Nie¬
2011 1859 2905 1912 mand Kann goldige Madelgeschöpfe vollblütiger
2004 1887 2912 1971 hinstellen, als die Dorsch. Der Versuch mußte
2006 1934 2910 1994 also gnchbtz werden. Es war kein Zweifel, daß
2006 1976 2908 2045 sie Naturgtes, Volksentsprossenes, Ungeschmink¬
2011 2016 2913 2075 tesbieteg würde. Die Erwartung wurde nicht
2002 2062 2908 2115 „gktäuscht. Eine so reine, helläugige, herzige
2015 2091 2910 2141 Christine durchsonnte selten die „Liebelei“ wie
2002 2135 2905 2187 hier. Wie jubelt die Wonne der ersten Liebe aus
2007 2155 2921 2215 diesen blenen Sternen! Wie hold verschämt öffnei
2018 2203 2910 2264 sich dieses empfindsame Herz. Wie frohbeglückt
2018 2243 2907 2305 trügt es sein großes Erlebnis! Und wie herz¬
2018 2283 2908 2348 zerreißend ist der Schmerzensschrei dieses blonden
2022 2325 2909 2378 Kindes, wenn es den Tod des Geliebten erfährt.
2024 2357 2913 2413 Aus der Süßlichkeit der Wiener Mädelpoesie trägt
2017 2398 2920 2463 diese Christine das Stück in Bezirke tiefer mensch¬
2018 2440 2917 2489 licher Tragik. Dabei ist sie frei von aller
2020 2469 2915 2524 virtuosenhaften Ausdringlichkeit. Sie bleibt be¬
2018 2511 2915 2560 scheiden im Rahmen ihrer Figur und spielt keinen
2016 2552 2921 2607 Mitwirkenden in den Hintergrund. So kann sich
2020 2589 2919 2653 neben ihr auch die Mizi von Adrienne Geßner
2029 2626 2925 2687 ebenbürtig behaupten. Ein echtes Wiener Blut
2029 2668 2916 2718 von unverfälschtem Naturlaut! Anton Edt¬
2018 2708 2928 2776 hofer und Ernst Pröckl sind flott und burschi¬
2030 2743 2918 2795 kos als junge Leute. So verhilft Emil Lind,
2024 2782 2927 2841 der dem alten Weiring schlichte Züge verleiht, als
2020 2826 2924 2880 Spielleiter Schnitzlers wienerischstem Werk zu
2029 2867 2397 2919 einem vollen Sieg.
2085 2882 2938 2955 Dem Wiener Mädel folgt das Berliner. Dem
2039 2943 2921 2990 unglücklichen das aus vollem Halse lachende. Hart¬
2038 2973 2933 3034 lebens Lore mit dem abgerissenen Knopf kennt
2035 3019 2939 3071 keine Sentimentalität. Sie ist derbes Berliner
2033 3048 2941 3106 Gassengewächs. Das Temperament der Käthe
2043 3085 2925 3146 Dorsch hat nun den richtigen Boden. Sie sieht
2037 3125 2930 3191 prächtig aus in ihrer Matrosenbluse, ihrem
2035 3151 2936 3231 einzigen Kleiderbesitz. Sie plappert entzückend von
2042 3207 2931 3256 ihren aristokratischen Abentenern. Sie ist be¬
2040 3234 2938 3308 zwingend, wenn sie den vornehmen Ausdruck
2040 3282 2937 3329 wählt und in den Ton des Weddings verfällt,
2041 3326 2934 3381 drollig, wenn sie die Entrüstete spielt und den
2046 3353 2934 3423 pedantischen Liebhaber abfertigt. Man merkt erst,
2043 3400 2943 3451 wie viel Lebensbeobachtung in Otto Erichs kleiner
2051 3444 2931 3493 Schnurre steckt. Die Herren Steinbeck,
2051 3463 2947 3534 Bettac und Klein=Rogge gruppieren sich
2792 3506 2914 3576 J. L.
2046 3512 2686 3588 lustig um den blonden Mittelpunkt.
