3344 4224
352 85 723 163 Liebelei
894 87 1310 179 box 13/5
216 74 746 199 6. 1
530 693 1142 818 Neues Wiener Ahondhlatt
757 812 1255 921 2 6. JUil 1934
460 969 1336 1093 „Liebelei“ als Singspiel.
389 1028 1513 1157 Im Raimundtheater wird im Herbst die Be¬
291 1094 1506 1202 arbeitung von Artur Schnitzlers „Liebelei“ als
294 1141 1515 1257 musikalisches Schauspiel zur Uraufführung gelangen. Die
297 1188 1500 1302 Musik schrieb Oskar Straus, die textliche Bearbeitung hat
294 1241 1495 1337 Paul Knepler besorgt, die Liedertexte Dr. Fritz Löhner¬
278 1282 1514 1397 Beda verfaßt. Die Rolle der Christine wird, wie wir er¬
289 1337 1498 1461 fahren, von einer jungen Wiener Schauspielerin dargestellt,
288 1389 1493 1509 die Direktor Barnay entdeckt hat und die noch nie auf der
278 1427 1499 1540 Bühne stand. Von der übrigen Besetzung steht nur fest, daß
276 1482 1492 1578 Ludwig Stössel den alten Weyring und Lotte Lang die
273 1531 1503 1636 Schlager=Mizzi spielen wird. Mit Bassermann schweben
269 1570 1489 1686 Verhandlungen wegen Uebernahme des „fremden Herrn“. Die
276 1628 1495 1736 Inszenierung wird Direktor Barnay selbst leiten, der auch
265 1679 1491 1790 bereits eingeladen ist, bei den Erstaufführungen in Zürich,
266 1710 1476 1825 Prag und Amsterdam gleichfalls die Regie zu führen. Die
259 1768 1478 1882 musikalische Einstudierung leitet Oskar Straus selbst, die
262 1823 1151 1919 Bühnenbilder entwirft Professor Strnad.
746 2088 1118 2211 GRATIS
401 2211 1231 2325 „OBSERVER
498 2297 1194 2371 I. österr. behördl. konzessioniertes
463 2346 1226 2415 Unternehmen für Zeitungs-Ausschnitte
516 2407 1136 2477 WIEN, I., WOLLZEILE 11
594 2463 1071 2528 TELEPHON R-23-0-43
404 2585 781 2673 Ausschnitt aus:
669 2603 1382 2770 Osterr. Abendztg. Wien
410 2820 550 2882 vom:
738 2795 1252 2954 26 UUI 1934
465 2979 1282 3091 „Liebelei“ im Raimundtheater
452 3054 1308 3162 Wie wir bereits gemeldet haben, geht als
419 3097 1310 3211 erste Novität des Rimundtheaters
416 3150 1299 3242 im Herbst Schnitzlers „Liebelei“ in der
411 3192 1301 3288 neuen Bearbeitung als musikalisches Schau¬
405 3231 1290 3337 spiel von Oskar Straus, Buch von Paul
400 3277 1292 3367 Knepler und Dr. Fritz Löhner, anfangs
414 3318 1301 3417 September in Szene. Die Christine wird eine
393 3358 1278 3458 Neuentdeckung der Direktoren Dr. Stefan
404 3410 1282 3492 Hock und Paul Barnay spielen, den Fritz
395 3441 1285 3556 soll Wolfgang Liebeneiner darstellen.
383 3502 1288 3591 Für den Musiker Weyring kommen Ludwig
383 3542 1285 3651 Stössel, für den Theodor Hans Olden
383 3584 1273 3679 und für die Schlagermitzi Lotte Lang in
381 3615 1270 3711 Frage. Den fremden Herrn, der im musika¬
384 3666 1270 3769 lischen Lustspiel ein Oberst ist, dürfte Albert
373 3700 976 3789 Bassermann übernehmen.
2258 27 2337 91 LL
2033 82 2375 134 TELEPHON R-23-
1812 201 2190 277 Ausschnitt aus:
2003 278 2640 407 Neues Wiener Jeseset, Wien
1817 434 1977 501 vom:
2066 441 2585 547 26 UUMN 1932
1699 575 2930 723 „Liebelei“ von Oskar Straus im
1947 702 2655 804 Ratmund=Theater.
2059 797 2540 866 Als erste Herbstnovität.
1803 839 2914 911 Wie wir erfahren, bereitet das Raimund=Theater, das durch
1694 911 2916 976 den Erfolg der Schurek=Saßmannschen „Straßenmusik“ aller
1705 955 2909 1016 Sommersorgen überhoben ist und wahrscheinlich als einziges
1699 1013 2908 1074 Wiener Theater den ganzen Sommer hindurch spielen wird, für
1703 1056 2923 1108 die erste Hälfte der Spielzeit, vielleicht schon für den Herbsttermin
1703 1097 2915 1177 vom 15. September, eine sensationelle Premiere vor, nämlich die
1702 1154 2898 1200 Uraufführung der Bearbeitung von Artur Schnitzlers Liebelei“
1697 1177 2912 1261 als musikalisches Schauspiel, zu dem Oskar Straus die Musik
1694 1244 2914 1310 geschrieben hat. Die textliche Bearbeitung ist im Einverständnis
1689 1292 2902 1354 mit dem Erben Artur Schnitzlers durch Paul Knepler und
1701 1340 2870 1392 Dr. Fritz Löhner erfolgt, der die Liedertexte verfaßt hat.
1815 1390 2908 1455 „Liebelei“ repräsentiert sich in der neuen Fassung als ein
1698 1438 2910 1530 musikalisches Lustspiel in acht Bildern, das vom Original haupt¬
1689 1512 2911 1605 sächlich dadurch abweicht, daß an Stelle des tragischen Schlusses
1698 1596 2908 1650 ein psychologisches Happyend gesetzt ist. Fritz wird in dem Duel
1688 1630 2902 1698 mit dem Gatten seiner Geliebten nicht getötet, sondern nur schwei
1688 1665 2903 1746 verwundet und bleibt am Leben, Christine aber begeht keiner
1681 1713 2895 1786 Selbstmord, sondern findet sich in Resignation damit ab, daß Frit
1696 1779 2904 1835 nicht mehr zu ihr zurückkehren dürfe. Die Handlung zerfällt i.
1702 1830 2923 1885 acht Bilder, wobei die drei ersten vollkommen neugeschaffener
1694 1872 2887 1948 Bilder die Vorgeschichte behandeln und in den restlichen für
1696 1913 2899 1981 Bildern das Schauspiel Schnitzlers erst vom vierten Akt an ver
1689 1974 2904 2019 wendet ist. Die einzelnen Bilder spielen unter anderem bein
1694 2008 2897 2087 Rennen in der Freudenau, in einem Nachtlokal im Stil de
1697 2077 2887 2133 Tabarin, beim Heurigen und in den Wohnungen des Musiker
1690 2117 2899 2170 Weyring und des Fritz. „Liebelei“ ist in dieser Bearbeitung ei
1702 2166 2898 2228 Wiener Schauspiel mit Musik geworden, das in nichts an bi
1687 2222 2897 2277 landläufige Operette erinnert, sondern nur die Vorlage für di
1687 2262 2887 2319 Musik eines wienerisch empfindenden Komponisten wie Oska
1703 2311 2897 2366 Straus geworden ist. Die Musik geht fast immer aus dee
1699 2364 2900 2425 Handlung hervor, ist frei von typischen Operetten= und Tanz
1700 2406 2659 2471 nummern und enthält nur zwei Buffonummern.
1798 2459 2898 2520 In der Uraufführung im Raimund=Theater wird die Rol
1687 2479 2889 2546 der Christine, die auch in der musikalischen Bearbeitung de
1694 2537 2891 2606 Typus des Wiener süßen Mädels geblieben ist, von einer junge
1699 2594 2904 2664 Wiener Schauspielerin dargestellt, die eine Entdeckung de
1687 2627 2907 2703 Direktoren Dr. Stephan Hock und Paul Barnay ist und noch ni¬
1696 2687 2903 2769 die Bühne betreten hat. Den Fritz wird der Filmschauspiele
1687 2743 2902 2804 Liebeneiner darstellen, der diese Rolle auch im Tonfiln
1698 2790 2886 2850 verkörpert hat. Der Musiker Weyring, der Vater Christines, k
1698 2837 2904 2895 mit Ludwig Stössel besetzt, die Schlagermitzi wird Lott
1697 2885 2895 2948 Lang spielen. Für den Freund des Fritz, Theodor, ist Han
1699 2933 2905 2988 Olden, für den fremden Herrn, der in dem musikalische.
1694 2979 2904 3063 Schauspiel ein Oberst ist, Albert Bassermann in Aussich
1695 3029 1931 3091 genommen.
1795 3051 2915 3145 Bezeichnend für das Interesse, das dem neuen Werk vor
1688 3116 2914 3176 Oskar Straus entgegengebracht wird, ist der Umstand, daf
1708 3173 2910 3227 „Liebelei“ schon vor der Wiener Uraufführung von den Ver¬
1698 3226 2897 3273 legern der meisten Staaten des Auslandes erworben wurde. Auf
1702 3263 2909 3336 dem Klavierauszug und auf dem Textbuch werden die Namen der
1708 3321 2899 3380 beiden Librettisten nicht genannt sein, das Schauspiel wird viel¬
1706 3376 2899 3444 mehr im Ausland nur unter den Namon Artur Schnitzlers und
1699 3414 2895 3467 Oskar Straus' gespielt werden. Schon kurz nach der Wiener Ur¬
1696 3465 2908 3536 aufführung wird die Erstaufführung in Paris stattfinden, wo
1707 3513 2910 3562 Yvonne Printemps die Christine darstellen wird. In
1701 3563 2910 3619 London wird diese Rolle von Jeanette Macdonald, in
1701 3616 2908 3676 Budapest, wo die Erstaufführung gleichfalls bald nach der
1695 3650 2915 3706 Wiener Premiere im hauptstädtischen Operettentheater stattfinden
1706 3705 2906 3752 wird, ist für die Christine die gegenwärtig beliebteste ungarische
1695 3757 2904 3819 Operettendiva Hanna v. Honthy gewonnen worden. Die
1705 3806 2907 3846 Uebertragung ins Ungarische nehmen Geza Herczeg und
1700 3843 2911 3896 Stephan Zsagon, die Autoren der „Gelben Lilie“, vor. Außer¬
1702 3890 2926 3968 dem ist das Werk im Manuskript bereits für die skandinavischen
1685 3930 2205 4014 Länder erworben worden.
