3484 4000
11 1129 98 1187 komi
19 1177 107 1236 mit
-10 1225 104 1300 n kon
23 1514 100 1571 18
23 1558 101 1618 rden
-5 1850 89 1914 ckener
-3 1900 100 1958 eucht
3 1947 93 2006 er g
1 1993 53 2050 W
6 2040 54 2103 nd
292 155 1484 245 habe auch gehört,“ bemerlte eine Naie des Volksibeaters,
282 233 1478 291 u Kallina von ihrer Rolle geradezu erschüttert und bei den
269 270 1184 340 s dem Weinen fast nicht berausgekommen ist.“
263 318 1477 402 immt!“ erwiderte der Burgschauspieler. „Das ist eben das
273 370 1482 433 an dieser verflixten, hohlen Boulevardkomödie, daß wir
271 419 1480 483 der Bühne fast gerade so unverschämt heulen, wie die, die
275 461 1483 532 in. Ich bin ein alter Hase und habe in bezug auf das Weinen
265 514 1473 580 hrung gemacht, die man sich übrigens leicht erklären kann,
273 558 1476 622 Schauspieler und Schauspielerinnen, die selbst wieder von
271 622 1485 680 nschen stammen, denen also das Komödiespielen im Blute
269 676 1486 730 n gewöhnlich so viel Zurückbaltung, daß ihnen die Träne
268 705 1479 770 er Stimme zittert, die Wangen aber immer trocken bleiben.
289 760 1481 818 wir gleich als Exempel die Retty, die doch eine der
267 807 1486 875 einerinnen“ der deutschen Bühne ist! Sie kann, diese kleine
257 866 1483 919 nurch ihr Schluchzen alte Männer wie Kinder heulen machen
257 900 1480 973 raucht sich nur an „Klein Dorrit“ zu erinnern — aber kaum
276 946 1481 1005 ie Leute, lauft sie davon mit heiteren Augen, die so blank sind
278 1005 1487 1056 früher erwähnten gefahrlosen siummen Revolver, die nicht
275 1043 1494 1101 it Kuhhaar geladen sind. Das nennt man von Eltern ererbtes
270 1092 358 1161 ut.“
262 1117 1481 1219 ber Frau Kallina ist doch auch ein echtes und rechtes Theater¬
264 1201 760 1259 hrf die Naive dazwischen.
260 1213 1486 1296 grotzdem aber,“ fuhr der Burgschauspieler fort, „konnte sich sich
259 1292 1485 1351 erichtsszene beim Wiederseben mit ihrem Sohne nicht aufrecht
274 1332 1497 1392 oft sie die Szene auch spielte. Ja, noch mehr, wenn sie die
262 1390 1493 1447 erhandlung hinter sich hatte, setzte sie sich immer in der ersten
268 1425 1499 1487 uf einen Holzsessel nieder, um für sich, ganz in der Stille, zur
273 1480 1487 1539 ng sozusagen, ein anständiges Pensum als Draufgabe noch
274 1533 380 1593 nen.“
264 1554 1488 1658 as macht, meinte ein grauhaariger Regisseur, „weil in
258 1629 1253 1682 Drama die Liebe zu einem Kind in Frage kommt.
264 1653 1488 1733 die können recht haben!“ bekräftigte der alte Burgschauspieler.
262 1726 1488 1779 be ich so recht eklatant bei unserer Kollegin Lotte Witt
262 1773 1488 1830 Als Ludwig Fulda seinerzeit bei uns sein Lustspiel „Die
269 1811 1500 1883 ichwester“ einstudierte, da war die Witt bei den Proben und
278 1863 1499 1932 der Premiere eine der ruhigsten. Schließlich hat es sich ja um
523 1910 634 1952 BEG
1014 1909 1500 1960 Ousnencenwur Tein
271 1930 1499 2007 teulich bei einer gewöhnlichen Reprise des Stückes sehe ich sie
285 1987 1495 2040 dritten Akt auf der Bühne mit ganz verweinten Augen. Ich
269 2040 1492 2090 chon, es sei etwas vorgefallen, und erkundige mich. Was höre
277 2082 1502 2160 Witt sei mmer so aufgeregt, wenn sie in dem Fuld#ichen
275 2130 1489 2197 sich für ihre eigene Schwester ausgeben und dem lieben Kind
292 2170 1501 2248 das sehnend die Arme nach Mamachen ausstreckt, sich ver¬
287 2227 1501 2280 nd die Tante spielen muß! Woher diese Wandlung? Woher
311 2282 1502 2351 im Lustspiel? Frau Witt hat mittlerweile geheiratet und
281 2318 1491 2384 tutterglück, und da rührt sie das Kind und sie kann Mutter¬
262 2365 1501 2424 spielen, ohne davon bewegt zu werden — sie, die als Sprosse
274 2426 1517 2488 n Theatersamilie schon in der Wiege Bühnenluft geatmet hat.
261 2475 1508 2529 als „Anna Karenina“ immer wie ein Kind schluchzt, wenn ihr
274 2519 1502 2589 te verbietet, ihren Buben zu sehen, brauche ich nicht
269 2564 1500 2653 ogen. Sie wird es auch noch bei der 50. Aufführung dieser
268 2604 402 2669 tün.“
261 2633 1496 2725 schhabe,erzählt der alte Regisseur, „wenn ich in früheren
261 2707 1482 2766 den Musikus Miller gespielt habe, immer gefürchtet, daß meine
264 2752 1478 2817 Rührung mein Spiel und die Wirkung beeinträchtigen könnte.“
266 2800 1499 2859 das ist falsch!“ entgegnete der Burgschauspieler. „Ich beneide
269 2841 1495 2922 hauspieler und besonders jede Kollegin, die leicht weinen kann.
266 2894 1499 2969 klichen Tränen, auf der Bühne geweint, geht ein Fluidum aus,
258 2940 1498 3022 den Zuschauern mitteilt, eine wunderbare geheime Kraft, die
247 2993 1498 3065 wirkt. Ich werde nie vergessen, wie unsere Frau Hartmann
267 3043 1493 3115 ig der „Schmetterlingsschlacht“ entschieden hat — mit ein paar
255 3103 1495 3152 kränen. Wie sie da im Schlußakt mit ihren Töchtern vor Herrn
276 3137 1488 3207 inn erscheint und ausruft: „Ich hab' zu viel betteln und
273 3186 1499 3256 chlucken müssen, um meine Kinder soweit zu bringen im Leben!
275 3234 1487 3309 ie denn, Herr Winkelmann, was ein Pfund Fleisch kostet? Und
252 3281 1489 3339 ie, was ein Pfund Margarinbutter kostet? Und sehen Sie, Herr
258 3342 1489 3396 ann, Sie zahlen fürs Dutzend Fächer bloß 6 Mark“... Und wie
256 3385 1492 3451 Hartmann zu der Stelle gekommen ist, wo sie sagt, sie würde
269 3433 1494 3502 nicht mit Herrn Winkelmann tauschen, da sie ihre Kinder habe,
269 3473 1492 3549 Wintelmanus einziger Sohn von ihm fort will; und wie sie
258 3515 1498 3595 bruft, sie würde gerne noch einmal alles Elend und alle Bettelei
263 3579 1497 3646 Rausgeworfenwerden mitmachen, wenn ihr Gott zuriefe:
257 3625 1494 3678 noch einmal durch für deine Kinder!“ — wie sie da auf¬
258 3673 1492 3743 und ihr das heiße Salzwasser über die Schminke herunter¬
255 3720 1481 3791 da wal's, als ginge eine Revoluton durchs Parlett, ein Auf¬
262 3775 1506 3842 Erbarmens.. Und zum Schlusse jubelte man dieser Frau
250 3818 1489 3880 a=Hergentheim zu — für ihre heißen Tränen. Sudermann
256 3857 1492 3934 die Hand und unser Sonnenthal sprach ein schönes Wort,
263 3908 1481 3984 tlich in das Kapitel gehört, von dem heute an unserer Runde
1490 155 2904 222 Bank. Allerdings müssen sie im Keller des Herzens durch die Goldvarrer
1493 221 2121 296 echten Empfindens gedeckt sein.“
1608 244 2905 315 Man fand das Wort sehr treffend, wollte es aber noch immer
1500 316 2910 383 nicht als Schlußwort gelten lassen und über das Kapitel Weinen durch¬
1494 366 1852 444 aus weiterreden.
1609 387 2898 477 „Das merkwürdigste Verhältnis“ — erklürte der alte Buraschau¬
1504 451 2910 512 spieler, der heute nun einmal das große Wort führte — „ergibt sich
1487 505 2916 578 zwischen den Komitern und den echten Tränen. Unseren Komikern läuft
1498 557 2915 612 mir nichts dir nichts das Tränenhäferl über, bei den kleinsten Anlässen,
1503 592 2913 658 die absolut nicht tragischer Natur sind. Was hat z. B. Herr Treßler
1500 642 2904 700 im „Dummkopf“ von Ludwig Fulda zusammengeweint, weil ihm die
1501 690 2914 754 bösen, eigennützigen Verwandten sogar an das Geheimnis seines Tage¬
1504 737 2907 793 buchs gerührt haben! Rührender könnte ein kleiner Junge, dem die
1502 788 2916 845 Eltern das Tagebuch abnehmen, auch nicht flennen. Und unser
1499 843 2909 906 Römpler, der doch vom Haus aus der Schauspieler der Behaglich¬
1504 889 2912 958 keit ist, muß immer weinen — und notabene das Publikum weint mit
1556 935 2912 992 wenn als Doktor Klaus der kleine Müller die einfache Geschichte
1495 979 2914 1049 seiner ärztlichen Pflichttreue erzählt. Wie er da einmal zum Töchterchen
1496 1038 2916 1096 der armen Beamtenswitwe gerufen wird, und sich vornimmt, des Abends
1502 1068 2904 1152 wiederzukommen, wie er aber mit seiner jungen Frau auf
1501 1117 2916 1191 einen Familienball gehen muß, und erst spät nachts zu jenem kranken
1513 1178 2919 1244 Mädchen kommt und es tot findet . .. Auch Thimig ist ein „echter
2486 1217 2917 1285 — was hat er da
1503 1222 2452 1285 Weiner“. Als Etchepare in Brieux' „Rote Robe“
1504 1269 2908 1338 geflennt, wenn er seiner Frau sagt, sie solle von ihm gehen
1504 1313 2895 1379 und von den Kindern, und wenn er auf ihre Bitte hin schwört, ###
1506 1360 2902 1444 Kindern nie von der Schande der Mutter zu erzählen !... Uebrigel“
1504 1403 2910 1487 gibt's bei uns im Burgtheater nur zwei Personen, die wir noch
1505 1456 2917 1535 niemals haben weinen geseben und wahrscheinlich auch niemals
1516 1530 2915 1564 sehen werden. Die eine ist uner Hofrat, der Direktor Schlentheir.
1510 1548 2915 1623 Dir hat zum Beispiel befriedigt geschmunzelt, wie die Rührkomödie von
1519 1608 2923 1675 Bisson bei der vorgestrigen Generalprobe ein solches Heulkonzert hervor¬
1504 1630 2923 1726 gerufen hat. Und die zweite Person ist Josef Kainz. Er mag sterblich
1506 1695 2924 1772 lieben, hassen, küssen, töten, er mag sich grämen, grübeln, jammern, ver¬
1513 1738 2931 1824 zweifeln, aufschreien, die Welt in Trümmer schlagen — alles geschieht
1501 1780 2923 1861 auf trochnem Wege. Schminte ab — und kein Stäubchen, von Tränen¬
1511 1841 2938 1906 naß geseuchtet, könnte an den Wangen kleben bleiben. Dafür aber ist
1517 1879 2923 1955 Kainz der großaitigste „Kunst=Weiner“, den wir unter den Männern
1503 1957 2868 2025 besitzen. Wohl nur ein Souverän seiner selbst — aher ein Souverän.
1620 1995 2954 2065 Und noch unterhielten sich die Mitglieder der Runde über das
1517 2030 2929 2096 Weinen — wie es großen und kleinen Bühnengöttern beliebt. Bis eine
1506 2078 2925 2181 junge Dame mahnte, man solle doch endlich vom Lachen sprechen. Man
1506 2137 2390 2203 tats' auch. Doch darüber ein andermal ...
