3436 4224
419 65 765 133 Liebele
262 54 937 172 S2 1
941 50 1381 147 box 11/3
2060 145 2765 212 reitag, 18 Dezember 1908.
2567 175 2918 268 Nummer 290
2072 205 2196 276 gang.
2218 222 2563 315 Christian — Christosh
2078 291 2865 393 Gottfrled von Herder (geb. 23 August1744 in Mohrun¬
2191 357 2593 400 gen) in Weimar gestorhen.
2079 362 2741 457 6 Karl Maria von Weber in Eutin gebören.
2085 444 2690 522 Redaktion und Administration:
2079 484 2857 571 ymezö-utcza 37—39. Telephon 639
2123 549 2676 603 Schlussredaktion ab 12 Uhr Mittags:
2083 583 2715 641 VI., Aradi-utoa 8. — Telephon 80 —40.
2092 622 2769 700 viermal gespaltene Millimeterzeile 25 Holler.
2769 671 2872 753 4
2097 696 2398 770 Feiertage.
2134 790 2898 853 Abonnement Per Quartal 3 Kronen
2281 838 2752 894 Ausland: 4 K. 50 H.
2088 993 2916 1091 Theater, Kunit u. Bieratut.
2280 1069 2955 1202 Frl. Medgnasan N Cad
2216 1155 2928 1285 am Nemzeli Ezinhäz. 40)
2078 1243 2990 1332 Erstaufführung der „Liebelei“ („Szerekl¾
2623 1310 2902 1377 iler. (Ueber¬
2104 1314 2589 1373 meskedés“) von Arthur
2097 1341 2987 1432 setzt von Franz Re##Remzeti. 9)
2196 1407 2770 1468 Szinhaz den 18. Dezember.
2140 1444 2894 1517 Was Napoleon über das alte Oester¬
2090 1497 2897 1565 reich gesagt hat, kann auch auf das
2105 1535 2898 1598 alte Nemzeti angewendet werden. Es
2093 1585 2910 1648 kommt immer um eine Idee zu spät.
2097 1620 2903 1694 Arthur Schnitzler's Liebelei“ hat vor
2107 1675 2906 1734 einem Dezennium neue Saiten der
2101 1717 2898 1780 Wiener Volksfeele zum Klingen ge¬
2097 1758 2899 1824 bracht und das sinnlich durchglühte
2101 1812 2909 1871 Lied vom süßen Mädel angestimmt.
2100 1861 2896 1915 Die Melodie erreichte die Herzen und
2100 1882 2914 1964 brachte in ihnen ein nicht ganz echtes
2094 1938 2898 2004 Beben zuwege. Das war die tragische
2103 1982 2914 2043 Version der Süßen Mädel=Poesic. Der
2103 2029 2905 2097 heiteren Wendung hatte sich die Ope¬
2106 2076 2462 2134 rette bemächtigt.
2156 2099 2918 2172 Uns Ungarn ist diese Poesic immer
2109 2169 2899 2223 ziemlich fremd geblieben. Sie ist in
2100 2216 2905 2272 einer zu dicken Syruplösung aufge¬
2105 2245 2908 2313 kocht worden. Im Vigßinhäz haben die
2099 2290 2909 2359 Burgschauspieler „Liebelei“ gespielt,
2110 2343 2910 2392 aber damit nicht den geringsten Ein¬
2105 2378 2895 2442 druck hervorgebracht. Auch die Ope¬
2114 2419 2890 2477 rette über das süße Mädel ist ohne
2107 2464 2900 2527 besonderen Nachklang verhallt. Seit¬
2107 2515 2906 2570 dem ist die Harfe, die Glück und Won¬
2107 2566 2906 2611 nen, Lieben, Leiden und Lachen des
2115 2595 2916 2651 süßen Mädels in weichen Arpeggien
2113 2645 2908 2693 den empfindsamen Gemüthern ver¬
2107 2687 2916 2749 mittelte, verstimmt und in die Ecke
2119 2730 2922 2796 gestellt worden. Und dieses Instru¬
2122 2778 2907 2838 ment hat das Nemzeti Szinhäz her¬
2110 2824 2924 2885 vorgeholt, als die Saiten sich bereits
2117 2859 2917 2926 gelockert hatten und die Melodie in
2115 2907 2918 2966 das Rahmenholz eingetrocknet war.
2119 2953 2920 3010 Die Saiten brummten nun in ver¬
2115 3004 2914 3056 waschenen Tönen ein altes — nein,
2116 3038 2922 3093 ein veraltetes Lied. „Liebelei rührt,
2115 3079 2929 3145 packt und interessirt noch weniger, als
2113 3128 2717 3191 in der deutschen Darstellung.
2148 3165 2927 3214 Denn diese Darstellung hat eine
2122 3202 2918 3279 große Enttäuschung gebracht. Nicht
2125 3253 2919 3327 von Seite der Künstler des Nemzeti
2126 3300 2928 3366 Szinhäz. Darauf mußte man gefaßt
2126 3346 2932 3413 sein. Aber das Versagen der Med¬
2120 3394 2924 3454 gyaßay in der Rolle der Christine
2119 3428 2921 3501 wird dieses neueste Unternehmen des
2125 3484 2932 3541 Theaters zu einem verunglückten Ver¬
2123 3518 2930 3583 such stempeln. Vilma Medgyaßay ist
2130 3568 2924 3627 eine Diseuse von der Skala der Yvette
2131 3613 2932 3670 Guilbert. Auch sie hat in das Kuplet
2123 3654 2922 3695 die tragische Note hineingetragen.
2117 3696 2922 3753 Uebermuth und Herzeleid kamen ihr
2130 3752 2936 3802 gleich überzeugend von den Lippen
2123 3833 2932 3877 Vortrag immer den entschieden ge¬
2135 3868 2932 3925 wollten Ausdruck. Sie spielte alles
2121 3915 2931 3974 Weibliche gleichsam mit interessant
2126 3959 2933 4011 blau umränderten Augen. Aber sie üb¬
