3436 4352
391 155 768 234 Liebelei
224 166 796 283 5. A enenen
922 147 1353 242 box 10/1
2817 248 3017 328 Nr. 41.
1500 240 1875 338 er Salonblatt.
1735 473 2825 543 M
1502 467 1598 547 csa
1501 529 1607 590 len.
1991 543 2703 618 A
1495 583 1607 635 und
2056 580 2481 659 Hofburgtheater.
1504 629 1605 683 sche
2474 610 2648 692 een Maill.
1689 633 2319 688 S  Umirteenk
2406 667 2564 688 B
1634 659 1679 694 —
1701 680 2902 715 STSTSSRSSSEK
1501 669 1609 728 vill
1494 723 1605 774 at¬
1820 757 2924 807 Sir haben in unserem Wien eine Großstadt, die sich in
1501 770 1602 831 hne
1613 787 1663 858 C
1827 807 2918 866 Vielem nach Paris richtet. Auch bei uns besteht die
1494 817 1595 870 ska
1821 867 2924 917 9 Grisette, die aus den Armeleuthäusern der Vorstadt
1504 866 1603 924 si.
1634 873 2923 963 kommt, zur Cameliendame emporwächst und irgendwie
1515 912 1597 973 ene
1627 953 2912 1009 endet. In Frankreichs Dichtung haben diese Armen, die am Weg¬
1504 951 1559 1034 )
1622 1046 2911 1108 und Paul de Kok, und Armand Silvestre, durch Alex. Dumas,
1626 1098 2920 1141 durch Daudet, Zola und Maupassant glänzende Einführung ge¬
1620 1142 2918 1191 funden. Nun sollen sie auch in die deutsche Literatur. Heinz Tavote,
1613 1189 2912 1246 Otto Erich Hartleben und andere versuchen dies in Berlin. In
1620 1234 2920 1290 Wien will es, neben Bahr und Beer=Hofmann, Arthur Schnitzler
1612 1285 2920 1340 unternehmen. Er hat dies zuerst in kleinen dramatischen Scenen im
1612 1337 2916 1386 Style der Franzosen versucht. In diesem Cyklus „Anatol“
1622 1377 2923 1422 behandelt er durchwegs die hinhuschenden Gefühle, welche sich für
1625 1423 2912 1474 den scharfen Beobachter aus dem Verkehre mit jenen flüchtigen
1516 1435 1607 1496 die
1611 1473 2914 1536 Bekanntschaften der Straße lösen, die ein Stündchen in unserem
1617 1530 2922 1583 Vergnügungsleben und oftmals sogar ein Plätzchen in unserem
1516 1537 1599 1589 an
1613 1585 2916 1635 Herzen einnehmen. Modistinnen, Ballerinen, Theaterdämchen heißen
1624 1619 2916 1683 Cora, Else, Ilona, Bianca, Gabriele; sie „sprechen sehr galante
1622 1668 2910 1715 Dinge“ und kommen und gehen im Herzen Anatols aus und ein.
1624 1714 2920 1764 Man erfährt im zierlichen Dialoge, daß dieser Anatol, der oft
1525 1722 1616 1776 eit
1616 1753 2924 1828 dupirte Hamlet der Chambres separées ein gar sanfter Patron
1525 1767 1598 1833 st.
1616 1811 2914 1870 ist — wie unsere Lebeknaben — der sich selten zu helfen weiß
1627 1858 2922 1914 und den Dingen immer vielmehr Gewicht beilegt, als sie eigentlich
1626 1908 2924 1967 verdienen, obgleich der Raisonneur Max, der neben Anatol in der
1617 1965 2923 2016 Reihe dieser dramatischen Kleinigkeiten als ständige Seitenfigur
1630 2009 2924 2060 einherläuft, sich viel Mühe gibt, alles an seinen rechten Platz zu
1615 2067 2924 2110 rücken. Mit gefälligen Wendungen, geistreichen Beobachtungen und
1627 2103 2922 2162 hübschen „mots“ ist die Welt in diesen Probesälen der Liebe ge¬
1631 2148 2041 2212 schildert und geziert.
1733 2197 2872 2255 Nun schwingt sich Arthur Schnitzler zum zweiten Male —
1624 2234 2930 2285 nach dem „Märchen“, welches im Volkstheater nicht sonderlich
1760 2279 2923 2357 2zu einer größeren dramatischen Arbeit auf. „Liebelet“
1521 2269 1764 2359 erasgefiel
1623 2335 2348 2392 heißt sein Schauspiel in drei Acten.
1738 2380 2922 2445 Wiederum steigt die Gestalt Anatols auf, die diesmal Fritz
1632 2426 2922 2488 Lobheimer heißt. Er ist Student, inscribirt für irgend ein Fach an
1628 2474 2922 2534 der Universität und in dem Ehrenbuche der Lebejugend, die bei
1528 2491 1591 2545 sis
1625 2515 2920 2576 Sacher sich letzt. Max, der Raisonneur, nennt sich hier Theodor
1637 2590 2916 2627 Kaiser, ein Knäblein mit ungemein früh entwickelter tin de siecle¬
1635 2621 2924 2678 Moral, das die Frauen und besonders „diese" Mädchen leicht
1633 2681 2934 2724 hinnimmt wie ein Vergnügungsding. Beide Helden werden in
1634 2725 2931 2779 ihren Verhältnissen geschildert, die sie eben haben. Fritz=Anatol
1636 2768 2937 2822 neigt zur Schwermuth, grübelt und denkt und läßt sich von
1642 2812 2930 2868 Christinen lieben. Theodor=Max hingegen gewährt letztere Freude
1631 2880 2925 2919 der kleinen Schlager=Mizzi, doch ist er dabei weit weniger empfind¬
1649 2901 2929 2966 samen Gemüthes; er raucht Cigaretten, trinkt Moselwein, imitirt
1642 2952 2931 3009 die Clowns aus dem Circus und ist ein „lieber Kerl“, der den
1634 3000 2923 3057 ersten Act mit seinen Schnurren prächtig belebt. Dieser erste Act
1643 3054 2925 3111 exponirt uns in einem prächtigen Lustspiel, das für sich bestehen
1644 3098 2932 3157 könnte, die Seelenconstruction dieser kleinen Welt. Es fällt, dramatisch
1640 3155 2936 3206 außergewöhnlich geschickt geführt, „ein Herr“ in diese Atmosphäre,
1635 3204 2923 3251 wo es so putzig zugeht, der von dem jungen Fant Fritz Rechen¬
1642 3242 2927 3294 schaft verlangt für die Verführungskünste des Jünglings, welche
1630 3295 2925 3351 dieser einmal, statt bei Probier=Mamsellchen, bei des fremden Herrn
1646 3334 2931 3388 rechtmäßiger Gattin mit Glück, wie Briefe beweisen, spielen ließ.
1634 3380 2927 3429 Wir wissen nun den Schluß: Duell. Fritz fällt! Denn hier ist die
1633 3432 2941 3504 bewußte große Scene, in der sich dramatisches Talent schlagkräftig
1641 3484 2020 3549 ausgesprochen hat.
1756 3517 2924 3574 Gibt dieser erste Akt, welcher, in seiner glänzenden Milien¬
1641 3578 2924 3640 schilderung, aus dem „Abschiedssouper“ des erwähnten Anatol¬
1643 3624 2940 3678 cyclus herausgewachsen scheint, wenn auch nur oberflächlich, die
1640 3671 2927 3720 Umrisse der einzelnen Figuren und der These des Stückes, so muß
1642 3713 2924 3767 im zweiten Akte, zur Wirkung des Ganzen, mit überzeugender
1644 3768 2931 3812 Schlagkraft ein Gebäude aufgerüstet werden, das uns die dramatische
1640 3817 2931 3875 Lebensfähigkeit Fritz Lobheimers und seines sentimentalen „Mädels“.
1628 3861 2944 3928 erweise. In unserer Theilnahmslosigkeit des Objectiven müßte uns
