3484 4224
227 146 293 234 5
326 158 692 228 Liebele
336 176 746 265 n enten e n 1
889 156 1328 247 box 13/8
1694 108 3001 185 Alex. Weigl’s Unternehmen für Zeitungs-Ausschnitte
2694 150 2865 208 Ausschaltt
1704 171 1968 313 105
2033 194 3014 324 „OBSERTER Nr. 29
1640 306 3085 398 L. österr. behördl. conc. Bureau für Zeitungsberichte u. Personalnachrichten
1828 365 2921 484 Wien, IX/1 Türkenstrasse 17.
2031 467 2691 548 Filiale in Budapest: „Figyelö“-
1635 516 3074 609 Vertretungen in Berlin, Chicago, Genf, London, Newyork, Paris, Rom, Stockholm.
1632 658 2172 756 Ausschnitt aus:
2394 654 2840 772 Reichepest
1649 813 2134 920 7 907
1992 1173 2587 1316 Streiflichter.
1956 1301 2597 1393 Die Schule der Unzucht.
1860 1373 2799 1450 Wir haben schon öfter auf die Feuilletons
1759 1421 2789 1502 Brociner's im „Wr. Tagblatt“ hingewiesen,
1761 1473 2809 1545 die eine direkte Schule der Unzucht darstellen. Am
1762 1520 2788 1577 gestrigen Sonntag ladet er die „überzähligen
1751 1570 2815 1649 Mädchen“ in seinen Curs ein. Er beantwortet den.
2876 1590 3110 1684 inclusive
1710 1624 2845 1693 r Brief eines solchen „überzähligen“, d. h. sitzen= —
2900 1654 3063 1702 Porto.
1739 1662 2808 1751 gebliebenen Mädchens, das ein Buch von Max
2883 1684 3074 1743 Zahlbar
1739 1725 3117 1807 Stirner gelesen und darüber den Herzensfrieden .— im Voraus.
1732 1763 2786 1836 verloren hat, mit Rathschlägen, die geradezu
2764 1792 3135 1865 bsschnitte ist das
1758 1812 3141 1906 empörend sind. Das betreffende Capitel im Buche sguch steht es den
1759 1847 2974 1931 Max Stirner's gipfelte nämlich in dem Schlußsatze: zu ändern.
1691 1873 1786 1937 Abt
1694 1918 1799 1979 Abe
1831 1907 2784 1992 „O Lais, o Ninon (bekannte öffentliche Dirnen),
1761 1957 3147 2014 wie thatet ihr wohl, die bleiche Tugend (in ihr gug enthaltend die
1754 1990 3147 2069 Schicksal ergebener, sich rein bewahrender älterer Jung=hner Morgen¬
1695 2032 3130 2118 Infrauen) zu verschmähen! Eine freie Grisette gegen! „Wiener Zeitung“)
1703 2082 3106 2159 #tausende in der Tugend grau gewordene Jungfern: Ithschaftliche Leh¬
1711 2135 1782 2176 Wo
1839 2132 2961 2204 Und was antwortet nun Marco Brociner auf Diese-N.
1695 2167 2788 2243 de die Frage der Briefstellerin, ob Max Stirner damit
1744 2217 2788 2281 Recht hat? Er antwortet, das stimmevöllig damit
1745 2268 2842 2325 dem überein, was in Arthur Schnitzler's „Liebelei“
1740 2313 2797 2393 der alte Musikus seiner Tochter Christine räth,
1732 2357 2797 2440 und diese auch sofort thut: „Sie liebelt un¬
1740 2411 2795 2461 bedenklich und sichert sich in ihrer!
1736 2453 2779 2533 Weise ihren Antheil am Liebesglück!“
1751 2513 2788 2581 Das stimme — antwortet Brociner — auch mit
1752 2556 2788 2621 Paul Heyse, der gar viele alte, überzählige
1739 2615 2781 2676 Mädchen vorführe, „die sich ihr eigenes Sitten¬
1749 2665 2790 2729 gesetz prägen, die der bürgerlichen Moral!
1750 2707 2791 2778 mit vollem Bewußtsein ein Schnippchen
1745 2757 2773 2807 schlagen, die mit tapferem Trotz ihr Glück (!)
1745 2801 2789 2858 erobern, ohne danach zu fragen, ob es den gesell¬
1744 2847 2788 2937 schaftlich anerkannten Stempel der Legitimität
1742 2897 2786 2988 aufweist!“ Dennoch will Brociner „nicht schlank¬
1744 2937 2779 3005 weg bejahen“, und den überzähligen Mädchen
1739 3001 2787 3069 den Rath geben, „das Leben ohne sittliche Bedenken,
1735 3034 2768 3112 aus dem Vollenzu genießen“. Aber „einkatego¬
1723 3088 2789 3173 risches Nein will uns“, schreibt er „nicht
1744 3142 2768 3188 aus der Feder schlüpfen“. Aber er constatirt, daß
1731 3193 2778 3279 die „Ueberzähligen“ des Proletariats ohnehin
1733 3225 2779 3300 „ohne viel zu fackeln, ihren Glücksantheil am
1733 3275 2767 3350 Leben sich selber nehmen“, und daß die „über¬
1729 3310 2768 3400 zähligen Mädchen“ in den besitzenden Classen
1731 3380 2766 3456 allerdings zum Theil sich in Ergebenheit in ihren
1737 3409 2765 3497 Schmerz fügen, daß die meisten aber in die
1731 3456 2765 3550 Kategorie der verbitterten alten Jungfern gehören,
1728 3518 2768 3578 und nur ab und zu eine es macht wie die über¬
1732 3571 2772 3651 zählige Proletarierin. In letztem Falle werde,
1734 3619 2757 3704 sagt Brociner, das Herz gar oft ein frei¬
1730 3665 2766 3755 sprechendes Urtheil fällen! Und dann schließt
1727 3703 2056 3780 Brociner also:
1783 3758 2757 3844 „Wenn übrigens so eine Ueberzählige die Kraft hätte,
1724 3787 2759 3878 sich zu einer großen Weltanschauung emporzu¬
1727 3837 2755 3918 schwingen so möchte ich ihr empfehlen, sich in die nach¬
1726 3887 2762 3945 folgende Betrachtung zu versenken, die Alexander
1720 3936 2758 3994 Humboldt als Greis von 80 Jahren niederschrieb:
1715 3959 2756 4030 „Es ist meine Ueberzeugung, daß derjenige ein Narr,
1714 4003 2750 4071 noch mehr ein Sünder ist, der das Joch der Ehe
1713 4045 2767 4113 auf sich nimmt. Ein Narr, weil er seine Freiheit¬
1725 4077 2737 4136 damit von sich wirft, ohne eine entsprechende
