3484 4224
327 129 750 208 Liebelei
825 144 1343 245 box 13/8
336 184 773 253 ESEN
233 973 1428 1041 Sachsen zu er, nicht weiter berühren. Nach der Aufnichite, Wrsch.
487 1010 2026 1099 vorigen Jahres im Abgeordnetenhause verabschiedeten Gesetzentwürfe stellt worden.
515 1147 2959 1205 Antrag die Aufnahme in dem „Neuen Weg“ verwehrt habe. Darauf setzte die Debatte ein, bei der sich nicht weniger als
222 1171 2979 1246 erünIU. Ich habe lediglich Herrn Bernhardy gebeten, seinen Antrag nicht 20 Rednerszum Wort gemeldet haben. Viele von den Rednern haben
513 1223 2978 1291 einzubringen, weil ich ein Zusammenarbeiten von Genossenschaft sehr viele Ausstellungen an dem Kulturverband und namentlich an
233 1238 526 1313 =Oelegierten.
1735 1272 2974 1330 der politischen Persönlichkeit seines Generalsekretärs Gerst zu machen.
514 1274 1753 1335 und Kulturverband für außerordentlich wichtig halte, und weil ich
229 1296 523 1368 schmittagssitzung
1733 1303 2975 1367 Geheimrat Barnay allerdings stellte sich pals Saulus und
510 1317 1746 1378 fürchtete, durch diesen Antrag könnte diese Mitarbeit gefährdet
303 1342 521 1397 Kultur¬
1738 1351 2977 1406 Pauluszugleich“ in dieser Angelegenheit vor. Vor zwei Tagen
509 1354 1748 1423 werden. Und nun muß ich Herrn Bernhardy den Vorwurf der
254 1381 517 1438 u dem Thema
1742 1390 2974 1450 sei er noch ein Feind des Verbandes gewesen, heute rufe er den Ge¬
507 1405 1747 1475 1Unkollegialität machen. Er wandte sich nun nicht an unsere
248 1421 520 1482 den Anschluß
1730 1438 2332 1499 nossenschaftern zu: „Tretet bei!“
521 1448 1743 1510 Pressekommission, sondern an die große Oeffentlichkeit, er schrieb
240 1468 523 1525 und die wir
1782 1473 2991 1548 Rechtsanwalt Dr. Seelig (Mannheim) plädierte unbedingt für
618 1484 1748 1547 1. an das „Berliner Tageblatt“ damit hier sein
286 1503 522 1564 von Otto
1735 1523 2978 1590 den Verband. Nicht nur der preußische P#nister v. Loebell, sondern
514 1526 1740 1588 Antrag veröffentlicht werde. Ich muß noch einmal betonen,
216 1548 519 1605 Der zweite An¬
1737 1573 2963 1627 auch der Reichskanzler werde demnächst Erlasse ins
516 1568 1738 1627 daß ich ganz durchdrungen bin von der großen Wichtig¬
237 1587 523 1655 ag begründete,
1618 1603 1736 1666 Sie,
516 1608 1636 1666 keit des Kulturverbandes für unser Reformwerk.
1740 1606 2975 1667 Land hinaussenden, um die nachgeordneten Be¬
229 1630 525 1702 chuß sich für
520 1637 1749 1713 Herr Bernhardy, haben ausgezeichuet gesprochen: als Kritiker.
1739 1651 2992 1712 hörden auf die Wichtigkeit des Theaterkultur¬
251 1678 324 1725 e.
1734 1695 2973 1757 verbandes aufmerksam zu machen. Bedauerlich sei es.
520 1702 1742 1764 Aber als Genossenschaftler haben Sie sehr schlecht gesprochen.
233 1695 519 1777 ulturverbundes.
1733 1732 2983 1787 daß das „Berliner Tageblatt“ den Erlaß des Ministers v. Loebell
516 1744 1738 1800 Uns muß vor allem unser Reformwerk am Herzen liegen. Wenn
315 1759 524 1813 orten, aber
1747 1773 2969 1833 vom Standpunkt des Polizeiministers und vom einseitigen stauts¬
518 1776 1747 1842 wir auch heute in Freundschaft mit dem Bühnenverein leben,
405 1798 530 1857 ünder
1749 1809 2975 1884 moralischen Standpunkt eingeschätzt habe. Herr Seelig schließt mit
503 1813 1742 1879 letzten Endes müssen wir uns unsere Mittel und Hilfskräfte zur
404 1839 521 1899 heute
1751 1855 2973 1930 den Worten: „Wir alle haben Einsicht und Intelligenz genug und
516 1868 1748 1924 Erreichung des Reformwerks allein schaffen. Und der
413 1874 520 1948 s sich
1736 1903 2972 1961 brauchen uns nicht von der liberalen Weisheit des „Ver¬
518 1914 1740 1962 Kulturverband ist solch ein Mittel. Sie, Herr Bern¬
412 1931 521 1982 ern
1734 1956 2977 2010 liner Tageblatts“ einwickeln zu lassen.“ (Es ist uns sehr gleich¬
518 1937 1741 2007 hardy, haben den Scheinwerser nach der falschen Seite spielen
401 1971 520 2023 nde
1738 1993 2988 2058 gültig, ob und von wem Herr Seelig sich einwickeln lassen will. Die
522 1995 1741 2047 lassen, ich will die Angelegenheit richtig beleuchten. Der Kultur¬
414 2010 539 2072 ultur
1747 2034 2057 2099 Redaktion.)
506 2035 1742 2094 verband ist eben für uns so wichtig, weil er Werbearbeit für uns
515 2075 1747 2137 und unser Reformwerk leisten kann und leisten wird. Ich
1783 2059 2977 2136 Nach einem Schlußwort Bernhardys, der seinen Antrag
521 2104 1736 2175 habe nicht gleich zugegriffen, ich habe lange überlegt.
1737 2119 2963 2178 dahin abgeändert hat, die Delegiertenversammlung möge sich zu den noch
528 2152 1744 2219 Als ich nun bei der Gründungsversammlung war,
1744 2175 2980 2225 ungeklärten Bestrebungen des Theaterkulturverbandes gegenüber noch
1733 2207 2972 2262 abwartend verhalten, wird dieser Antrag mit allen gegen
515 2203 1738 2255 hörte ich Dr. Dinter reden, den ich für einen verstiegenen
1736 2242 2972 2320 6 Stimmen abgelehnt. Angenommen dagegen wird gegen
524 2256 1742 2304 Idealisten halte; Dr. Dinter forderte: „Juden raus, dann ist das
1740 2287 2414 2350 4 Stimmen folgende Resolution:
437 2295 1744 2355 and] Theater gerettet!" Da setzte ich mich für die Sache ein und bat
1784 2307 2972 2395 „Die Delegiertenversammlung billigt einmütig die Stellung des
518 2339 1754 2395 himmelhoch, alle diese parteipolitischen Tendenzen beiseite zu
439 2349 510 2401 hr.
1744 2357 2976 2430 Präsidenten und des Zentralausschusses in der Angelegenheit des
516 2363 1742 2434 lassen. Das ist mir schließlich auch gelungen, es ist mir gelungen,
445 2391 516 2447 chte
1742 2401 2205 2476 Theaterkulturverbandes.“
514 2417 1746 2469 unser ganzes Reformprogramm zum Programm des Kultur¬
518 2460 1743 2518 verbandes zu machen. Ich bin nicht reaktionär, und wenn ich
1788 2444 2976 2516 Die Versammlung beendete ihre gestrigen Verhandlungen mit
455 2442 525 2539 2
516 2509 1745 2566 merke, daß hier antisemitische oder sonstwie rückschrittliche
1741 2503 2973 2562 einer vertraulichen Sitzung. — Die Tagung wird heute fortgesetzt.
516 2548 1734 2600 Tendenzen bemerkbar machen, so werde ich der Erste sein,
1749 2540 2982 2599 und zwar wieder mit einer vertraulichen Sitzung; ferner steht auf der
453 2561 521 2612 des
243 2518 344 2610 dem
515 2590 1747 2651 der aus dem Verband austritt und ihn bekämpft.
1732 2591 2519 2662 Tagesordnung die Präsidentenwahl.
221 2597 531 2658 tenversammlung
514 2630 1750 2680 Aber, meine Herren, uns Schauspieler geht ja eigentlich
215 2631 525 2701 Neuen Weg“ ver¬
519 2671 1745 2730 die dramatische Literatur nichts an, uns geht nur die
226 2676 526 2741 erschienen war;
1785 2690 2966 2756 ke. Bühnengenossenschaft und Kulturverband. Die
516 2715 1755 2772 Schauspielkunst etwas an, und die Schauspielkunst hat
210 2715 537 2797 en Verband
1737 2731 2983 2803 Delegiertenversammlung hat sich nun für den Anschluß an den Ver¬
520 2754 1739 2813 mit der dramatischen Kunst nichts zu tun! Der
1741 2798 2933 2851 band zur Förderung deutscher Theaterkultur entschlossen. Die Gegen
231 2799 1743 2867 der Präsident Kulturverband will allen Menschen die Herrlichkeiten des Theaters
1726 2830 2958 2902 gründe der Minderheit waren offenbar eindrucksvoll; sonst hätte Hers
239 2846 1489 2931 daß ich dem zugänglich schen. Daran müssen wir uns beteiligen.“
