3392 4256
1201 171 1515 259 B
825 303 1292 428 box 13/6
276 305 704 395 Liebelei
265 337 712 451 1 — — & E.
664 1024 2909 1219 geschaffen, die ohne andere Rücksicht die Inseressen des künst1ere
669 1205 2795 1354 wahrt. Selbst wenn Schnitzlers Erben damit einverstanden sind,
664 1332 2673 1462 kann hier im hande der Aus schuss die Aufführung verbieten?
921 1435 2878 1554 Ja und sir können sie gegebenenfalls hier im Lande verbie¬
510 1540 2220 1665 ten, selbst venn die in Wien zugelassen vird.
886 1661 2503 1786 Jedes Land ürteilt dann nach eigenem Gutdünken?
895 1766 2899 1897 Aber Oesterreich hat bis jetzt noch keine Schut zinstitution
659 1886 1200 2035 für Verfassen.
882 2023 2844 2143 Kan kann also nicht hier im Lande Faust als Hot aufführen
664 2131 2824 2261 und Gretchen Cariova tanzen lassen ohne Genehmigung des Hini ste¬
656 2216 931 2357 riums?
882 2326 2869 2458 Nein aber man kann bevor man die Proben beginnt, das Stück
653 2457 2863 2572 dem Unterrichtsninisterium einsenden und bekommt dann die Geviss¬
649 2556 2880 2661 heit in der Frage, ob es gegen das Recht des Verfassers verstösst
650 2647 1081 2787 oder nicht.
2048 2869 2365 3008 Merete
