3484 4256
248 201 778 291 5. Liebelei
473 204 1337 315 box 13/7
369 872 1208 976 „OBSERVER
451 945 1157 1013 I. österr. behördl. konzessioniertes
417 990 1201 1065 Unternehmen für Zeitungs-Ausschnitte
490 1048 1114 1138 WIEN, I., WOLLZEILE 11
565 1114 1049 1176 TELEPHON R-23-0-43
379 1245 748 1322 Ausschnitt aus:
674 1438 1269 1553 Tue Vienna“ nerac, Vien
382 1463 520 1543 vom:
641 1573 1098 1699 25.05 N. 1935
1105 1641 1284 1697 Ae anlsteersusgen in
490 1690 824 1777 Theatres
519 1810 1245 1912 VIENNA AUTHORS IN
680 1887 1046 1970 ENGLAND
506 1946 1307 2024 It is reported from London that the #
460 1997 1280 2068 great Vienna stage success „Dictator¬
462 2048 1260 2105 ship of Women“ (Wiktatur der Frau¬
468 2075 1261 2156 en) by Fred Heller and Adolf Schütz
464 2119 1257 2198 will be seen shortly in London under
467 2166 1269 2249 the title Business with Royalty“. An¬
462 2211 1264 2281 thony Armstrong made the Englislt
463 2257 1265 2317 adaptation, while the London publisher
465 2294 1264 2368 Peter Morris has undertaken the stage
456 2336 1251 2410 production which is to be the first one
453 2380 1253 2457 of a series of Continental adaptations.
444 2420 1248 2487 Principal parts will be played by
454 2480 1261 2539 Carol Goodner and Jane Baxter, while
460 2517 1262 2592 the stage direction will be taken care
449 2547 908 2614 of by Frank Cellier.
500 2585 1266 2667 Arthur Schnitzler's “Liebelei“ will
441 2639 1248 2711 also be produced in London very
450 2700 1253 2758 shortly. A newly founded theatrical
452 2737 1271 2799 compang; intends giving the play a
449 2778 1254 2847 regular place in its repertory. Thus
436 2810 1252 2878 far, it was only produced at occasional
446 2854 1230 2921 afternoon performances. If Liebelei'
436 2894 1247 2958 should prove an outstanding successe
448 2936 1247 3009 it will be followed by other Schnitzler
450 2977 596 3039 Dlays.
495 3015 1238 3098 Leontine Sagan, the well-known
448 3071 1241 3147 Vienna stage director, has returned
441 3113 1239 3186 from Hollywood and will shortly
431 3166 1231 3228 resume her London activities. She will
434 3207 1234 3273 be the first woman to direct a play at
439 3260 1234 3316 the Drury Lane Theatre, in which
439 3291 1238 3363 Shakespeare produced his own works.
428 3341 1240 3418 Her first effort will be Ivor Novello’s
427 3375 1239 3450 latest play, entitled Glamorous
431 3410 603 3483 Night“.
2019 322 2850 423 „OBSERVER
2116 400 2811 447 I. österr. behördl. konzessioniertes
2086 445 2837 525 Unternehmen für Zeitungs-Ausschnitte
2147 503 2762 579 WIEN, I., WOLLZEILE 11
2218 561 2693 621 TELEPHON R-23-0-43
2033 687 2403 764 Ausschnitt aus:
2261 859 2861 979 aues Wieneräbendblatt
2022 917 2175 969 vom:
2318 966 2790 1058 31.04N. 1935
2722 1108 3005 1185 „ —000
1931 1176 3032 1239 (Schnitzlers „Liebelei“ in der Volkshoch¬
1801 1192 3027 1286 schule) Il der Vvikshochschule am Ludo Hartmann¬
1803 1273 3026 1324 Platz wurde jüngst Schnitzlers unvergängliche „Liebelei“
1793 1312 3036 1361 aufgeführt. Der künstlerische Leiter Walter Sorell bewies viel
1799 1348 3035 1401 Verständnis bei der Auswahl seines Ensembles. Regie führte
1806 1392 3040 1446 Franz Deutsch mit Behutsamkeit, echtem Können und Ein¬
1798 1445 3035 1497 fühlungsgabe in das Werk des Dichters. Traute Jacobovics.
1795 1476 3023 1534 die dem Publikum der Volkshochschule seit ihrem kindlich=ver¬
1803 1519 3025 1568 führerischen Zigennermädchen in „Das Märchen“ und ihrem
1801 1553 3046 1626 drolligen Professorstöchterchen in „Die tote Tante“ vom letzten
1794 1611 3022 1655 Curt Goetz=Abend her liebgeworden ist, spielte die Christine.
1801 1656 3026 1714 Hier reift ein starkes Talent heran. Traute Jacobovics hatte
1807 1697 3038 1770 für ihre Christine überraschend echte, zu Herzen gehende
1797 1744 3033 1786 Töne, gesteigert bis zum wahrhaft erschütternden Ausbruch im
1802 1790 3023 1834 dritten Akt. Der alte Weyring des Herrn Rudi Weiß war echt
1806 1819 3026 1890 empfunden und daher überzeugend. Eine erfreuliche Leistung
1791 1875 3021 1923 bot Lilli Kuthan als echt wienerische Schlager=Mizzi, lustig.
1795 1917 3029 1974 und unbeschwert. Herr Waldmann gab seinen Fritz mit starker
1806 1968 3024 2022 Innerlichkeit, fast zu verhalten und diskret, während der
1809 2007 3041 2061 übermütige Theodor Herrn Linkers zu vertraut war. Alexandra
1793 2051 3039 2130 v. Hermann belustigte durch die gelungene Type ihrer Frau
1809 2097 1981 2154 Binder.
1338 2312 2166 2411 „OBSERVER
1433 2389 2118 2462 I. österr. behördl. konzessioniertes
1388 2450 2154 2515 Unternehmen für Zeitungs-Ausschnitte
1462 2493 2090 2574 WIEN, I., WOLLZELLE 11
1539 2557 2010 2620 TELEPHON R-23-0-43
1355 2689 1737 2770 Ausschnitt aus:
1388 2757 2062 2864 Das Progrann, Vien
1348 2922 1502 2987 vom:
1591 2913 2305 3000 1. Feber-Ausgabe 1935
2196 3044 3114 3113 reizende Schlagermizzi und Frau Alexandra
2187 3098 3107 3145 Hermann eine ebenso charakteristische, wie
1294 3054 2051 3164 Schnilzler-Abend
2198 3139 3104 3198 resolute Frau Binder. Sehr gut auch Herr
1282 3152 2197 3239 im Theater der Volkshochschulen
2203 3173 3110 3227 Waldmann als Fritz, Herr Weiß als der
2199 3214 3105 3291 alte Weyring und Herr Linkers als Theo¬
1312 3227 2181 3290 Das Theater der Volkshochschulen brachte
2195 3254 2306 3325 dor.
1309 3283 2181 3339 seinem Publikum am Sonntag, den 20. Jänner,
2231 3282 3108 3352 Für „Literatur“ hatte man die ausgezeichnete
1298 3323 2183 3374 einen Schnitzlerabend. Unter sorgfältigster Re¬
2208 3339 3111 3396 Idee, Maria West als Gast zu verpflichten,
1283 3363 2178 3408 ## des Herrn Franz Deutsch spielte man
2198 3389 3099 3434 die sich als vorzügliche Scmitzlerspielerin zeig¬
1284 3398 2178 3442 erst „Liebelei“ und dann den Einakter „Lite¬
2193 3419 3105 3469 te. Sie stellte die Frau, die zwischen Liebe und
1286 3437 2182 3497 ratur“, -heide in ausgezeiehneter Darstellung.
2193 3452 3107 3507 Ehrgeiz schwankt, wobei natürlich die Liebe
1330 3478 2179 3533 Traute Jacobowitsch war eine zarte,
2198 3503 3109 3555 siegt, mit solcher Natürlichkeit auf die Bühne,
1285 3511 2185 3592 Frührende Christine, Lilly Kuthan eine ganz
2192 3537 3097 3578 daß man sie kaum besser denken konnte. Sehr
2200 3569 3096 3632 gut auch Herr Waldmann als Clemens,
2194 3620 3110 3666 dessen Weltanschauung über gewisse Grenzen
2196 3664 3113 3712 trotz allen guten Willens nicht hinausreicht.
2200 3692 3106 3746 Auch der Romancier des Herrn Weiß war
2190 3736 3104 3788 gut und recht charakteristisch. Das Publikum
2197 3785 3108 3839 war begeistert und spendete reichlich Beifall.
3048 3807 3108 3871 r.
