3484 4256
809 112 1245 193 box 13/4
116 130 603 225 5. Liebele
600 372 878 468 e
416 454 635 531 „St
317 586 1040 757 De sut u e den Setung Wion
629 730 1097 850 3. FEB. 1933
306 878 1171 990 Schnitzlers „Liebelei“ als Tonfilm
165 942 1344 1040 Fertiggestellt trotz des Unfalls von Luise Ullrich und
485 1009 969 1090 Wolfgang Liebeneiner
273 1048 1336 1131 Im Zusammenhang mit den Berliner Meldungen über
153 1098 1332 1173 den Autounfall Luise Ullrichs und Wolfgang Lieben¬
164 1131 1331 1210 einers erhält die Luxfilmgesellschaft soeben aus Berlin die
175 1150 1350 1254 Mitteilung, daß die Fertigstellung des Tonfilms „Liebelei“
169 1213 1343 1285 nach dem Meisterwerk von Artur Schnitzler durch diesen
166 1255 1348 1328 Unfall keine Verzögerung erleidet, da Luise Ullrich
166 1294 1340 1378 bereits am nächsten Tag wieder arbeitsfähig war,
173 1355 1349 1409 während der schwerer verletzte Wolfgang Liebeneiner bereits
176 1380 1350 1461 seine Rolle in diesem Film beendet hat. Der Tonfilm
183 1418 1350 1499 „Liebelei“ wird in Wien am 24. Februar zur Urauffüh¬
184 1479 509 1539 rung gelangen.
764 1732 1058 1823 ERVER
790 1804 1174 1893 llseile Nr.11
499 1811 727 1895 Wien, I.
828 1868 1074 1939 93.0-43
546 1886 826 2007 dese Wier
937 1921 1198 2021 Wien
844 1928 1110 2048 immre
677 2001 1156 2098 17. FEB. 1953
257 2109 1394 2173 („Liebelei.“) Beinahe gleichzeitig finden demnächst die
166 2168 1388 2245 Sprechbühnen=Neuinszenierung und die Uraufführung der
159 2209 1384 2265 Vertonsilmung von Artur Schnitzlers „Liebelei“ statt. Die
168 2257 1384 2315 Rollenbesetzung im Tonfilm bringt Paul Hörbiger als den
158 2307 1380 2343 alten Weyringer, Magda Schneider als Christl und Luise
163 2344 1373 2392 Ullrich als Mizzi, Willy Eichberger und Wolfgang Liebeneiner
159 2387 1380 2433 als die beiden Freunde Fritz und Theo, Olga Tschechowa als
165 2429 1156 2479 Baronin und Gustav Gründgens als ihren Mann.
725 2883 1069 2968 Mese Filim. Wian
701 2968 951 3058 R372
252 3176 1051 3292 Filmleute verungluckt
306 3264 981 3322 Bei der Fahrt zu Filmaufnahmen
303 3321 1055 3371 Aus Berlin wird uns berichtet: Als am
256 3346 1049 3412 Dienstag sich ein Stab von Mitwirken¬
270 3382 1058 3448 den an dem Film „Liebelei“ in einem
264 3414 1058 3486 Auto in das Atelier nach Johannistal be¬
264 3464 1055 3531 geben wollte, kam es zu einem Zu¬
267 3498 1061 3570 sammenstoß zwischen diesem Auto und
269 3541 1059 3607 einem schweren Lastwagen der Reichs¬
270 3588 1063 3645 wehr Das Auto, in dem unter anderen
276 3607 1062 3692 Luise Ullrich und Fritz Liebeneier
273 3645 1059 3715 saßen, wurde fast vollständig zertrüm¬
278 3686 1083 3756 mert. Luise Ullrich kam glücklicherweise
266 3721 1063 3784 mit leichteren Verletzungen davon, da¬
265 3755 1067 3826 gegen wurde Liebeneier überaus schwer
277 3795 1073 3867 verletzt, desgleichen der Aufnahmeleiter
278 3844 1074 3896 Fred Lyssa. Die Aufnahmen zu dem
276 3865 1082 3936 Film „Liebelei“ der dieser Tage hätte
279 3901 1075 3971 vollendet werden sollen, erfahren durch
281 3937 1070 4007 diesen bedauerlichen Unfall naturgemäß
281 3983 1077 4054 eine Unterbrechung von unbestimmter
282 4041 432 4099 Dauer.
2576 130 2629 189 7
2534 378 2626 457 1370
2277 364 2746 543 17. FEB.1933
1792 614 2916 704 Verliner Filmauto verungluckt
1798 672 2923 763 Luise Ullrich und Wolfgang Liebeneiner unter den Verletzten
1875 747 2919 815 An der Ecke Prinzregenten= und Güntzelstraße ereignete
1801 790 2918 853 sich vor einigen Tagen ein schwerer Autounfall. Ein Wagen
1797 837 2921 894 der Luise Ullrich, Wolfgang Liebeneiner, den Aufnahmelei¬
1796 878 2920 915 ter Landsmann und den Produktionsleiter Lissa zu Nachauf¬
1796 916 2914 954 nahmen von Liebelei“ nach den Jofa=Ateliers bringen
1800 946 2920 1028 sollte, stieß mit einem in schneller Fahrt über die Kreuzung
1794 998 2912 1050 kommenden Reichswehrauto zusammen. Während Luise Ull¬
1805 1025 2918 1079 rich, die wir aus dem Film „Der Rebell“ kennen, mit einer
1805 1075 2913 1132 leichten Stirnverletzung in ihre Wohnung entlassen werden
1806 1113 2920 1175 konnte, erlitten Liebeneiner, bekannt aus dem Conrad=Veidt¬
1799 1159 2912 1203 Film,, Die andere Seite", Landsmann und Lissa so schwere
1809 1194 2907 1250 Verletzungen (Quetschungen, Schnittwunden, Gehirnerschüt¬
1798 1242 2909 1296 terungen), daß sie in das Krankenhaus überführt werden
1796 1281 2918 1347 mußten. Die Schuld an dem Unglück scheint, nach den vor¬
1813 1340 2931 1420 läufigen Ermittlungen, der Führer des Reichswehrautos zu
1824 1382 1982 1438 tragen.
1902 1410 2944 1471 Die Aufnahmen zu „Liebelei“ erleiden durch den be¬
1815 1472 2928 1515 dauerlichen Unfall, von dem wir den Betroffenen baldige
1818 1502 2931 1548 Genesung wünschen, keine Unterbrechung, da es sich nur noch
1825 1543 2776 1598 um eine unwichtige Nachsynchronisationen handelt.
2524 1864 2687 1993 VER
2463 1957 2820 2057 seile Nr. 11
2478 2040 2603 2112 I
2131 2089 2762 2205 Neues Wjener Sarnal. Wien
2586 2157 2764 2248 335
2316 2171 2442 2246 2 3.
2061 2277 2758 2386 Morgen: „Liebelei.“
1907 2332 3035 2442 Nach der im Theater in der Josefstadt soeben stattgefundenen
1817 2369 3040 2478 Neuinszenierung von Schnitzlers „Liebelei“ findet morgen die Ur¬
1822 2408 3035 2519 aufführung des Tonfilms „Liebelei“ statt. Premiere im Opern=,
1822 2452 3007 2556 Imperial=, Kärntner=, Busch=, Haydn=, Flieger= und Theater=Kino. —
2150 2916 2654 3032 „OBSERVER‘
2189 3136 2721 3254 Rene Prais bresse. Wiee
2517 3212 2642 3312 020
2181 3261 2387 3359 24.#
1911 3345 2961 3427 (Hente: „Liebelei.“) Im Opern=, Imperial=, Kämter=,
1802 3396 2967 3462 Busch=, Haydn=, Flieger= und Theater=Kino findet heute die Welt¬
1810 3432 2969 3490 uräufführung des Tonfilms „Liebelei nach Arthur Schnitzlens
1799 3472 2967 3541 Meisterwerk statt. Die Hauptrollen spielen Paul Hörbiger, Magda
1811 3521 2967 3559 Schneider, Luise Ullrich, Willy Eichberger, Wolfgang Liebeneiner,
1813 3558 2966 3612 Gustaf Gründgens, Olga Tschechowa und Paul Otto. Die Regie
1813 3596 2187 3677 führte Max Ophüls.
