3484 4224
216 87 1114 140 sichtig freilich und mit jener ein wenig
215 137 1117 195 krassen Beherrschtheit, die in deutschen
210 168 1117 229 Filmlanden auch geschäftliche Voraus¬
215 238 1114 276 setzung ist. So spielt den Fritz bei ihm der
218 279 1117 328 im Prosil und im innig starken Tonfall
221 300 1124 373 sehr begabte junge, aber ganz und gar nicht
221 366 1111 430 österreichische Schauspieler Liebeneiner.
223 420 1123 482 Wohl damit der k. k. Melancholie nicht zu
217 470 1114 532 viel geschehe. Er spielt ihn mit einer sehr
223 509 1125 577 leisen und mitunter wirklich rührenden
219 567 472 628 Straffheit.
301 583 1122 678 Legitime Wiener Rasse vertritt in
217 655 1122 715 diesem Film eigentlich nur die Schlager¬
228 703 1116 757 Mizzi der Luise Ullrich. Mit einer Süße,
214 754 1114 814 die ihren persönlichen Reiz und Schmiß
209 793 1117 861 hat, ein wenig derber freilich scheint, als
211 841 1125 923 es der für uns gewohnte Ullrich=Typ bis¬
219 892 1109 960 her war und auch ein wenig des¬
222 943 1116 1005 illusionierter. Uebrigens hätte man die
215 996 1117 1053 Ullrich nicht ungern als Christine gesehen,
222 1034 1123 1101 denn auf dem Hintergrund ihres so ver¬
218 1077 1132 1144 zweifelt flotten Lächelns schimmert es oft
221 1133 890 1197 wie scheuer tragischer Abglanz.
308 1172 1132 1245 Die Christine des Films ist Magda
231 1230 1132 1286 Schneider. Auf ihrem präzise geschnittenen
234 1274 1119 1344 Puppengesichtchen schimmern allerlei feinere
232 1342 1124 1386 Menschlichkeiten. Den hellen, wilden, wehen
223 1370 1124 1432 Aufschrei der Enttäuschung hat sie nicht,
230 1432 1129 1501 ja es wurde gar nicht einmal der Versuch
227 1472 1125 1544 gemacht, sie und ihn entsprechend zu in¬
232 1516 1129 1589 szenieren. Diese Christine verhaucht in
233 1573 1131 1624 menschlich sehr sympathischer, schau¬
223 1615 1128 1674 spielerisch nur flüchtig haftender Wehmut.
232 1651 1142 1731 Magda Schneider scheint außerdem von
234 1715 1144 1784 allzu schmackhaftem Filmkitsch arg rampo¬
234 1766 1138 1820 niert. Sie verfällt in Lieblichkeitsposen, wo
245 1818 1144 1879 sie durch unbewußt friedvolle Stille
247 1870 897 1920 Herzenssanftmut atmen müßte.
318 1898 1134 1978 Was geistiges und technisches Film¬
227 1963 1130 2007 niveau betrifft, ist diese Kavalleristen¬
234 2011 1140 2067 Liebelei recht respektabel, sehr reinliche,
227 2049 1137 2113 durchaus zartfühlende Arbeit. Es ist kein
228 2093 1134 2172 leichtfertige Film weder an optischer noch
229 2144 1146 2211 an bescheiden gemessener psychologischer
231 2189 1150 2253 Stimmung. Ein paar Eigenmächtigkeiten
233 2248 1147 2310 der Regie sind gar nicht so übel, wie daß
238 2299 1148 2355 der alte Weyring (von Paul Hörbiger mit
237 2336 1141 2407 ein paar reizenden Gemütlichkeits= und
243 2380 1139 2446 Gemütstönen verkörpert) gar nicht so alt
244 2420 1154 2508 sein muß, oder daß man das Todesduell
244 2482 1156 2548 wiederum in schneeverwehter Schicksals¬
235 2530 1153 2608 landschaft beinahe abrollen sieht, zumindest
241 2565 1159 2644 den entscheidenden Schuß routiniert vorbe¬
246 2630 1155 2697 reitet hört. Diese Routine des Regisseurs
250 2684 1147 2760 Ophuels hat offensichtlich und vielleicht not¬
247 2726 1156 2794 gedrungen auf die schauspielerische Brillanz
242 2783 1149 2838 der „Liebelei“=Verfilmung verzichtet und
253 2808 1160 2897 sich auf Bild und Bewegung gestützt, so¬
246 2860 1158 2941 wie auf atmosphärische Spiegelung einer
245 2917 1163 2987 Zeit und ihres Gefühls wie ihrer zugegeben
252 2976 864 3048 möglichst diskreten Buntheit.
330 2993 1164 3089 Leider verzichtet aber dieser Film auch
245 3070 1162 3136 ganz und gar: auf Wiener Stimmungen,
257 3117 1156 3181 auf Wiener Gassen, auf Wiener Hinter¬
259 3158 1161 3235 gründe, topographisch wie seelisch. Selbst
261 3196 1167 3273 eine Kaffeehausszene ist geradezu de¬
255 3254 1157 3339 monstrativ unwientrisch „gestellt". Daß in
252 3306 1165 3379 einer altösterreichischen Offiziersmenage
262 3361 1166 3426 alles andere eher gesagt werden konnte, nur
249 3400 1157 3470 nicht das waffenbrüderliche Wort: „Mahl¬
258 3455 1170 3530 zeit!“, muß Herr Ophuels nicht wissen.Aber
256 3505 1162 3565 Herrn Gründgens als fast unfreiwillig
256 3546 1170 3613 komischen Rächer seiner Gattenehre durfte
264 3594 1166 3683 er in dieser steif koketten Aufmachung nicht
266 3662 548 3736 präsentieren.
352 3671 1199 3761 Ein schönes und menschlich freies
1734 121 2100 199 Liebelei
2255 121 2691 211 box 13/3
1561 136 2117 251 5. B
2178 1308 2408 1387 1. Oesterr.
2011 1338 2509 1419 VER penéral. konz.
2042 1396 2499 1461 itungsnachrichten
2034 1432 2514 1490 WOLLZEILE N
2163 1572 2501 1685 ER BIEDER
2200 1660 2355 1752 33
2051 2873 2134 2931 ean.
2100 2905 2200 2960 —
2008 2947 2172 3032 s
1803 2983 2020 3074 a P. 1.
1706 3017 2125 3124 „ n
1799 3093 2030 3151 #
1647 3159 1705 3210 97.
1595 3203 2693 3313 Theater in der Josefstadt. „Liebelei“ von Arthur Schnitzler
1799 3257 2483 3336 mit Annie Rosar und Hugo Thimig.
