3436 4256
151 243 260 343 5
278 230 617 312 Liebele
245 276 794 366 . Aneneene e n
825 216 1284 334 box 13/8
2032 565 2983 660 des Films. Ee ist tragisch, aber es ist so: das
2066 637 2823 703 Pferd wird vom Schweif an aufgezäumt!
2107 677 2977 761 Der mächtigste Mann in der Filmwelt ist der
1814 702 1943 786 65
2052 734 2978 818 Verleiher. Er hört die Wünsche Kinobesitzers
1796 770 1862 834 5
1119 687 1789 834 BSERVEI
2060 780 2977 863 und mit #iesen die des Publik Er erfährt,
1127 820 1948 893 behördl. konzessioniertes Unternehmen für
2064 832 2976 897 daß ein #bdernes Liebesdrame (Thema etwa: Auf¬
1237 877 1655 922 Zeitungs-Ausschnitte
2068 870 2983 945 stieg ei#r kleinen Revuetänzerin, die eine
1120 902 1808 988 VIEN, I., WOLLZELLE 11
2069 938 2975 1003 schwärmeriiche Jugendliebe ihrer Karriere opfern
1232 966 1657 1022 TELEPION R 23-0-43
2071 973 2981 1045 muß) odes ein tolles Lustspiel setwa ein stein¬
2066 1026 2976 1089 reicher junger Mann verliebt sich in ein armes
2063 1067 2978 1141 Mädel uns tut ihretwegen als einfacher Arbeiter
2062 1130 2990 1184 Dienst) gchraucht wird. Er glbt diese Wünsche
2062 1173 2986 1253 seiner Kupden — nicht immer sind sie so einfach
2057 1214 2985 1297 zu prözistren, manchmal sind sie sehr kompliziert
2066 1272 2994 1335 und anspluchsvoll! — an den ihm befreundeten
2072 1314 2987 1379 Produzengen weiter, und der beauftragt zunächst
2077 1373 2983 1432 seinen Damaturgen, einen ihm geeignet erschei¬
2074 1400 2991 1473 neaden Goff ausfindig zu machen. Dabel wird in
1397 1356 1644 1516 2.8E0.
2072 1456 2998 1536 erster Linie an einen populären Roman, an ein
2079 1507 3000 1570 zugkräftses Bühnenstück oder an ein klassisches
2081 1561 2351 1638 Werk g##cht.
1414 1493 1829 1640 Der Film.
2129 1603 2983 1665 Ist ein brauchbarer Stoff auf diesem Wege
1316 1621 1919 1725 „Filmmannik ipt gesucht!“
2066 1647 2996 1716 nicht zu finden, so beauftragt man einen berannten
2075 1704 2992 1771 Filmautot — es gibt deren sehr viele — einen ge¬
1158 1681 2078 1783 Sind Filmideen von Laien praktisch verwertbar?
2073 1754 2999 1813 eigneten Vorschlag zu machen. Der Vorschlag wird
1354 1766 1895 1845 Von Hüns Ilkarlson.
2079 1790 3000 1859 geprüft, bearbeitet, und bei ginstiger Beurteilung
1221 1824 2062 1914 „Vorige Woche sind mir vierhundert Manu¬
2077 1846 3001 1895 durch die in Frage kommer#en Abnehmer (also
1161 1874 2076 1949 skripte und Entwürfe eingereicht worden, in
2080 1879 3004 1948 die Verleiher und Auslandskufer) zwei oder drei
1169 1935 2068 2022 dieser halben Woche sind es bereits zweihundert¬
2079 1947 3008 2005 weiteren Autoren zur Drehbuchumarbeitung über¬
1177 1979 2072 2057 achtzig, die sich in meinem Büro zu gigantischen
2084 1979 3001 2060 geben. Das Drehbuch entsteht nun unter exakter
1164 2026 2073 2105 Stößen häufen — wer weiß, wie viel es nächste
2079 2034 3007 2098 Zugrundele zung der Möglichkeiten, die der Film¬
1167 2075 2076 2152 Woche, wenn unser Produktionsprogramm heraus¬
2082 2081 3015 2160 produktionpfirma finanziell zur Verfügung stehen.
1171 2123 2075 2192 kommt, sein werden!“ Dieser Stoßseufzer entrang
2129 2132 3012 2209 Zu einem großen historischen Ausstattungsfilm
1168 2174 2088 2240 sich der gequälten Brust des mir befreunveten
2090 2173 3007 2245 gehört natürlich weit mehr Kapital, als zu einem
1166 2235 2076 2304 Dramaturgen und Lektors einer der größten eure¬
2090 2223 3010 2289 modernen Durchschnittslustspiel. Ferner aber müssen
1174 2273 2076 2359 päischen Filmgesellschaften. Der Arme hat mit
2085 2282 3011 2348 sich die Drehbuchautoren nach der Zahl der in der
1184 2317 2081 2397 seinem am friedlichen Stammkaffeehaustisch aus¬
2089 2320 3018 2398 Kalkulation des Films eingesetzten sogenannten
1182 2379 2082 2431 gebrochenen Ohnmachtsschrei jäh ein Problem an¬
2099 2370 3016 2434 Ateliertage richten, denn ein bestimmter zur Ver¬
1180 2412 2080 2498 geschnitten, das Tausenden am Herzen liegt und
2089 2422 3013 2500 fügung stehender Betrag darf nicht überschritten
1171 2461 2084 2543 noch nie mit der Offenheit geklärt wurde, die im
2097 2463 3016 2538 werden. Man hat beispielsweise 14 Ateliertage zur
1187 2506 2091 2597 Interesse der Beteiligten selbst sehr wohl längst am
2094 2510 3011 2591 Verfügung, und muß nun bei der Abfassung des
2090 2555 3021 2629 Drehbuches möglichst Schauplätze wählen, deren
1180 2570 1625 2650 Platze gewesen wäre.
2093 2616 3012 2697 bautechnische Herstellung möglichst wenig Zelt und
1228 2619 2087 2698 Seit Jahren schon werden die Filmfirmen
2094 2674 2404 2750 Platz erfordert.
1182 2665 2083 2748 aller Herren Länder täglich mit Laienmanuskripten,
2146 2690 3045 2785 Ein Laienautor würde, aus dem Vollen
1182 2714 2097 2793 entwürfen, vorschlägen und Ideen, ja — sogar
2103 2760 3016 2832 schöpfend, wahrscheinlich gigantische Banten oder
1177 2757 2095 2845 mit kompletten Drehbüchern überschüttet. Kein
2105 2798 3022 2877 wenigstens prunkvolle Räume in riesiger Zahl vor¬
1186 2810 2088 2878 Tag vergeht, an dem nicht die Post oder oftmals
2099 2841 3034 2934 schreiben. Der berufsmäßige Drehbuchautor muß
1185 2858 2087 2920 auch Boten und nicht selten die Autoren selbst ge¬
2108 2905 3021 2976 sich mit weit weniger Ambitionen abfinden, sich den
1198 2904 2094 2999 waltige Manuskriptfolianten auf die Tische der
2113 2962 3016 3019 Verhältnissen anpassen und oft Konzessionen
1195 2954 2099 3028 Filmdramaturgen deponieren. Es hat keinen Sinn,
2103 3000 3007 3071 machen, zu denen sich ein Laienautor nie und
1184 3006 2091 3072 den zahllosen Laien und Schriftstellern, die sich
2098 3037 3021 3125 nimmer bereitfinden würde. Auf diese Weise bleibt
1185 3056 2092 3117 zum Filmautor berufen fühlen, immer wieder zu
2110 3105 3034 3168 von einem Originalmanuskriptentwurf sehr oft recht
1193 3099 2097 3172 erklären, daß für eine Annahme ihres oft unter
2103 3147 3020 3221 wenig übrig. Aber die Umstände erfordern äußerste
1201 3144 2097 3219 Schweiß und viel Arbeit entstandenen Fabrikats
1191 3181 3018 3280 nicht die mindeste Aussicht besteht. Sie wollen es Sparsamkeit, und nur der Filmfachmann ist in der
1199 3223 3021 3333 nicht glauben und haben eigentlsch auch wenig Lage, am richtigen Platz mit Aufwanid zu sparen.
2158 3288 3021 3367 Was nun die Wahl der Stoffe selbst anbetrifft,
1199 3287 2114 3382 Anlaß dazu: denn von Zeit zu Zeit wird immer
2116 3336 3022 3415 so greift die Filmindustrie nicht ohne Grund
1202 3342 2101 3416 wieder verbreitet, daß Auregungen aus dem Pu¬
2110 3383 3032 3454 immer wieder auf bewährte ältere Vorlagen zurück.
1201 3384 2106 3464 blikum durchaus erwünscht seien, daß es so
2113 3433 3024 3509 Unsterbliche, klassische Stoffe aus der geoßen Welt¬
1201 3434 2105 3522 manchem Laien gelungen sei, den Weg zur Dreh¬
2106 3477 3023 3545 literatur (wie „Wilhelm Tell“, „Die Jungfrau von
1200 3493 2099 3571 buchherstellung zu finden und was dergleichen
2111 3536 3029 3613 Orleans“, „Quo vadis?“, „Die Passion“) werden
1207 3534 2106 3601 Irrtümer mehr sind. Nicht immer sind es nur
2113 3573 3027 3660 ebensogern zu wiederholten Malen verfilmt, wie
1217 3593 2113 3656 sromme Lügen, die solche Irrtümer verbreiten. Oft
2116 3634 3025 3696 sturmerprobte Erfolgsstories („Der Graf von Monte
1211 3631 2106 3714 steckt auch irgend ein Schwindelunternehmen da¬
2106 3672 3021 3767 Christo“, „Alraune", „Der Student von Prag“,
1213 3678 2108 3748 hinter, deren Drahtzieher es auf die Ahnungs¬
2119 3726 3034 3795 „Der Hund von Baskerville") und moderne
1225 3730 2065 3814 losigkeit und — auf das Geld abgesehen haben.
1255 3765 3021 3855 Sind Filmideen von Laien überhaupt ver= Theaterstücke und Romane („Die Heilige und ihr
2122 3824 3023 3892 Narr“, „Liebelei“. Der Katzensteg“ usw.). Auch
1212 3844 2115 3908 wertbar? Der Perfasser dieses Aufsatzes, der
2119 3860 3023 3951 populärer Ereignisse aus der Weltgeschichte hat sich
1208 3895 2117 3958 jahrelang als Dramaturg und Regisseur in be¬
2120 3914 3030 3985 die Filmindustrie zur Destillierung von Kino=Sen¬
1213 3933 2112 4018 deutenden europäischen Filmgesellschaften tätig ge¬
2126 3971 3025 4037 sationen sehr oft bedient, man denke nur an die
1214 3996 2118 4059 wesen ist, beantwortet diese für viele Tausende
2117 4005 3034 4090 Ereignisse um König Friedrich II. von Preußen
1207 4036 2111 4116 schicksalsschwere Frage mit einem festen „Nein!“.
2128 4062 3030 4141 („Friederi###s Rex“), an die Historien um Napoleon,
1210 4085 2119 4169 Gewiß mag es in zwei oder drei unwesentlichen
1216 4107 3025 4188 Einzefällen vorgekommen sein, daß diese oder jene an die Figuren der Mesdames Dubarry und Pom¬
