3436 4256
481 159 613 234 ieb
267 159 842 267 5. L. 1e1
974 161 1411 249 box 12/7
1625 1030 1760 1122 9-Ur
1373 1142 2020 1243 Gablonzer Tagblatt
1352 1225 1592 1307 „Liebelei“.
1054 1272 1917 1352 Schauspiel in 3 Akten von A. Schnitzler.
1165 1338 1797 1388 (Aufführung 6. Dezember 1918
967 1375 2061 1452 Pie müde und welk ist diese Welt, wie weit liegt es zurück,
902 1430 2056 1488 dieses wehmütig leichtsinnige Wienertum. Wie entnervend der
906 1462 2058 1517 füßlich schwere Duft, der über ihm liegt, Hemmungsloser
911 1503 2043 1571 Drang nach Luft keimt nur zu schnell verdorrenden Gefühl¬
907 1537 2056 1578 chen die sanft dem frühen Tod entgegenlächeln, gesünderer
892 1574 2046 1636 Tiefe entsprossene Blüte vergeht leidvoll und jäh in dieser
905 1608 2050 1686 Giftluft. — Daß es der Aufführung gelang, ein gut Teil
895 1650 2062 1732 der leisen, intimen Wirkungen Leben gewinnen zu lassen,
888 1697 2045 1755 beweist des Leiters Karl Schröder Geschmack und Ge¬
896 1734 2036 1786 schick, es zeigt aber auch, daß unsere Darsteller in treuer Be¬
890 1769 2046 1818 mühung eine anerkennenswerte Höhe ihres Könnens erklom¬
898 1804 2047 1847 men haben. Ganz aus dem Gemüt heraus geschaffen, ge¬
894 1840 2057 1909 wann Vera Skidelskys Christine bezwingenden Aus¬
898 1872 2047 1936 druck weicher Innigkeit, dem es an Wandlungsfahigkeit nicht
890 1903 2002 1985 gebrach. Kleine Unebenheiten, das Nachlassen der Intensi
890 1956 2014 2021 tät des Spiels, ruckweise einsetzende Willensimpulse, die sich
897 2008 2022 2063 als Zwang und Absicht fühlbar machen, kann die Zeit, kann
893 2039 2029 2094 ein Ausreifen der Leistung, das eben einiger Zeit bedarf,
894 2075 2039 2132 beheben. Anny Graumann (Mizi Schlager' und Karl
931 2113 2044 2150 ühner (Theodor Kaiser) fanden sich recht gut in die
875 2150 2042 2214 Milie####mung. Eduard Maslein aber lag der #ie
900 2237 2058 2315 ner Lebemann (Fritz Lobheimer) nicht recht. Mit überzeu¬
907 2267 2052 2348 gender Wärme und feiner Nuancierung gab Friedrich
1022 2317 2053 2405 ol den alten Violinspieler Weiring. Ebenso befriedigte
901 2352 1826 2433 Ernestine Kühnau als Katharina Binder.
1174 2401 1766 2480 „Das tapfere Schneiderlein“.
1134 2444 1807 2531 Kindermärchen von J. Burger.
980 2503 2049 2574 Auch das zweite Märchen brachte der Allotria und des
896 2546 2048 2634 Hallos eine schwere Menge. Die Darsteller taten das ihre,
903 2581 2064 2661 alle waren eifrig und erfolgreich bemüht, die Gunst der Ju¬
895 2611 1798 2683 belnden zu erringen. Das Schneiderlein (F
1907 2646 2052 2694 Stei¬
894 2661 2042 2740 ner) war wirklich recht wacker und der Märchenköni#
925 2687 2050 2794 Friedrich Pistol) setzte Trumpf auf Trumpf. Er gas
898 2728 2035 2805 dem kleinen Volk gelinden, von leicht faßlicher Melodie ge¬
892 2769 2053 2845 tragenen Unsinn mit auf den Weg. Das werden sie zuhause
887 2815 2045 2891 in Bruchstücken vor sich hinsummen und von viel Schönem zu
886 2846 1276 2914 zu erzählen wissen.
1842 2873 2002 2932 O. C.
