3484 4224
530 187 901 261 Liebelei.
1059 185 1484 275 box 11/1
348 197 915 311 5 . I. n  nnenn
912 702 1390 791 Telephon 12801.
542 791 1767 861 Alex. Weigl’s Unternehmen für Zeitungs-Ausschnitte
1480 863 1762 926 Ausschnitt
447 879 1488 1012 Nelog „OBSERYER“
1582 920 1846 1019 Nr. 63
430 982 1708 1057 I. österr. behördl. conc. Bureau für Zeitungsberichte u. Personalnat
2235 1046 2695 1145 Telephon 12801.
654 1049 1665 1129 Wien, IX/1, Türkenstrasse 17.
801 1135 1479 1201 — Filiale in Budapest: „Figyeló“ —
1853 1145 3090 1227 Alex. Weigl’s Unternehmen für Zeitungs-Ausschnitte
431 1193 1719 1254 Vertretungen in Berlin, Chicago, Genf, London, Newyork, Paris, Rom, Si
2737 1199 3091 1291 „ Ausschnitt
2888 1251 3155 1350 Nr. 28
1801 1214 2757 1362 Fa1O4 „OBSERYER
1014 1275 1681 1388 Wiener Abendpest
415 1315 948 1408 Ausschnitt aus:
1750 1342 3198 1418 I. österr. behördl. conc. Bureau für Zeitungsberichte u. Personalnachrichten
1971 1401 2965 1477 Wien, IX/1, Türkenstrasse 17.
423 1413 1029 1552 vom:
2137 1471 2796 1544 — Filiale in Budapest: „Figyelö“ -
1756 1528 3192 1609 Vertretungen in Berlin, Chicago, Genf, London, Newyork, Paris, Rom, Stockholm.
597 1607 1623 1681 Das Raimund=Theater führte vorgestern Arthur
2499 1641 3190 1764 Menluggrosse, Wien.
558 1675 1618 1757 Schnitzlers Schauspiel „Liebelei“ auf und Frau Niese
1746 1682 2285 1757 Ausschnitt aus:
564 1741 1621 1800 spielte die Christine. Sie muß dieses tiefe, ernste und stille
573 1788 1623 1841 Wiener Mädchen Zug für Zug ihrem stürmischen Talent
554 1834 1620 1894 abgewinnen. Heimliche Herzenslaute schlägt sie verstohlen,
1754 1823 2113 1948 vom: 7
2105 1852 2299 1959 702
556 1879 1624 1940 zaghaft probend, an und horcht, wie sie klingen. Frau Niese
554 1934 1615 1994 bildet die Gestalt jungmütterlich und gut hausfrauenhaft, sie
559 1985 1611 2039 hold verklärt magdlich zu bilden, muß sie sich versagen. In
564 2036 1617 2088 den Schlußszenen der ausbrechenden Leidenschaft, wo alle
1901 2035 3021 2123 (Raimundtheater.) An dieser Bühne spielte Frau
552 2090 1611 2144 innen lodernden Flammen jäh nach außen schlagen, zärt¬
1771 2086 3009 2175 Niese Samstag zum erstenmale die Christine in Schnitz¬
562 2133 1621 2191 liche Klagen zu wilden Anklagen werden, möge Frau Niese
1777 2168 3020 2220 lers noch unverblaßter „Liebelei“. Auch hier, sowie
550 2179 1624 2233 doch ja die tieferen Lagen ihrer Stimme schonen. Dieser
1774 2214 3023 2273 schon vorher im Josefstädter Theater, wußte die Künstlerin
409 2221 532 2300 Für
546 2235 1621 2297 Baßtuba=Klänge bedient sie sich sonst zur Erzielung komischer
1778 2260 3024 2329 trotz ihrer dem typisch gewordenen süßen Mädel so heftig
1607 2233 1721 2325 inel
526 2284 1608 2351 1 Wirkungen, und das Publikum ist zu sehr gewöhnt, darüber
1778 2296 3010 2384 widersprechenden Erscheinung die tiefsten Wirkungen zu er¬
525 2315 1729 2384 2 zu lachen. — Frl. Reingruber, die „Schlager=Mizzi“, Zal
1793 2369 3020 2415 zielen und zumal in den tragischen Akzenten des Schlußaktes
446 2370 1700 2444 " 10 will uns den Abschied schwer machen. Sie war so liebens= im
1793 2402 3019 2468 das ganze Haus im Innersten zu rühren. Ein Erfolg, der
558 2430 1692 2488 würdig und leichtfertig, so dreist und anmutig, wie die zitte
1802 2452 3028 2521 imso höher zu veranschlagen ist, als die poesievolle Christine
410 2462 558 2533 Abonn
562 2484 1710 2542 Rolle es fordert, dabei so gutartig, wie sie bekanntlich stei
1799 2500 3023 2558 der Frau Medelsky in Wien noch unvergessen fortlebt,“
413 2521 553 2575 Abonn
566 2527 1723 2586 alle sind; eine lebensfrische Gestalt aus dem unteren uder
1803 2565 3012 2622 und Frau Nieses Humor in der Wallgasse, der Heimstätte
550 2588 1606 2661 Volke mit starkem Zug und Trieb nach abwärts.
1795 2599 3185 2665 Ehrer Popularität, mehr Anwert findet, als ihr tragisches iclusive
1588 2583 1744 2669 athalte
618 2626 1736 2697 Herr Jules, Christinens Vater, Alt=Wiener, Moj
419 2625 593 2697 Inhahs
1799 2643 3150 2700 Pathos. Herr Jules als alter Musikus, Frl. Rein= Porto.
2998 2679 3172 2733 Zahlbar
412 2678 1732 2749 blättganz Güte und Gefühl, brauchte seine Empfindungner Ze
1808 2694 3204 2766 fruber als Mizzi Schlager und die Herren Homma Voraus.
424 2734 1726 2795 wodurelnicht erst schwer heraufzupumpen. Die Herren Lackner undrthscht
1809 2751 3010 2819 und Lackner boten sämtlich einwandfreie, zum Teile vor¬
411 2760 569 2815 Leben
425 2772 1738 2863 theilung Homma als Genuß= und Lebeknaben spielten gewandt und!. Dies
2994 2769 3211 2838 e ist das
1804 2788 3225 2883 ügliche Leistungen, und so wäre der Abend ungetrübt ge= zht es den
562 2831 1623 2895 natürlich. Herrn Raeder war die gefährliche kleine Rolle
1780 2844 3096 2906 Außreich verlaufen, wenn nicht Frl. Beatrice Dovsky ihn zn.
549 2876 1614 2955 des betrogenen Gatten anvertraut, die so leicht lächerlich
1800 2892 3024 2957 Zit einem Einakter „Olgas Spitzbube“ eingeleitet
559 2924 1623 2994 wird. Sie wurde es. — Den Abend leitete ein harmloses
1792 2935 3211 2997 sätte, der mit seiner spießbürgerlich billigen Satire, seinen altend die
3010 2990 3223 3041 lorgen¬
551 2987 1616 3042 Schwänklein in einem Akte: „Olgas Spitzbube“ von Beatrice
1771 2998 3000 3053 klownhaften Effekten und der kläglich abgebrauchten Mache mehr
3020 3022 3219 3079 Zeitung")
555 3030 1623 3102 Dovsky nicht übel ein. Olga ist ein weiblicher Verteidiger
1784 3048 3001 3101 hn das Programm eines Familienabends, als in das einer
3000 3069 3217 3116 schaftliche
560 3088 1612 3140 in Strafsachen und ihr Spitzbube ein abgefeimter alter
1785 3092 3220 3174 Prusthaften Bühne gehört. Dort mag die der Frauenbewe= Diese Mit¬
555 3131 1613 3184 Gauner und Strafhäusler, dem ihre forensische Beredsamkeit
1780 3139 3013 3217 tung feindliche Tendenz und ihre geschmackvolle Illustrierung
554 3182 1613 3231 die unverdiente Freiheit erkämpft. Diese Zuchthauspflanze
1801 3191 3021 3245 as Entzücken sämtlicher Tanten erregen. Herr Thaller
559 3240 1618 3292 (Steinnelke, Dianthus Carthusianorum) schmückt sogar die
1809 3248 3016 3303 rheiterte übrigens mit der trefflichen Darstellung eines
554 3273 1613 3343 Familien=Festtafel der erfolgreichen Advokatin. Meister Thaller
1813 3284 3020 3354 reigesprochenen Spitzbuben, der seine Verteidiger bestiehlt.
555 3337 1609 3387 spielt den Berufshallunken unschätzbar köstlich als einen ins
2787 3340 2973 3421 O. B.
561 3378 1616 3445 Komische gekehrten Fabrizius. Natürlich bestiehlt er zum Dank alle
559 3429 1622 3484 Gäste. Die Dichterin trat in der weiblichen Hauptrolle auf.
556 3485 1622 3544 In ihren Adern rollt echtes Haustheaterblut. Die parodistische
546 3532 1618 3591 Begabung der Frau Niese würde vielleicht aus der Advokatin
555 3584 1610 3640 eine lustige Zerrfigur geformt haben. Das Publikum nahm
551 3628 1603 3677 die starken Unwahrscheinlichkeiten und gewagten Über¬
546 3687 1621 3752 treidungen der kleinen Komödie mit wohlgelaunter Nachsicht
