3436 4224
277 168 678 241 Liebelei
229 168 1267 289 — box 13/8
1525 1187 2099 1266 EN PASSANT EN AUTRICHE
2259 1222 2383 1287 459
1227 1291 2400 1350 les boites aux lettres.,. En ror8 on retira à l’aigle bicé¬
1223 1333 2395 1402 phale sa couronne, son sceptre et son globe, on Jui mit un
1235 1398 2392 1473 marteau dans une serre et une faucille dans l’autre..
1221 1445 2236 1527 Depuis lors on a enlevé la faucilie et le marteau.
1269 1475 2398 1556 Dans cette librairie voici des cartes postales, voici
1217 1559 2383 1616 les princes d’hier et d’aujcurd'hui, voici François¬
1230 1608 2390 1665 Joseph à tous les äges. L’impfratrice Elisabeth se
1216 1656 2388 1733 montre en robe de cour, en robe de ville, ou telle que
1228 1721 2391 1785 l’a peinte Winterhalter avec ses lourds cheveux ornés
1226 1770 2384 1845 de petites étoiles. Ce qui surprend chez cette ferime
1215 1839 2383 1902 surnaturelle, c’est la droiture du maintien et, j’oserais
1229 1881 2394 1963 méme dire, sa solidite: ne peut-on expliquer cette ligne
1226 1938 2388 2008 du torse et du cou, si fine, si dure aussi, par les soins
1230 1986 2386 2043 que l’Impératrice prenait de son corps et qui font d’elle,
1228 2042 2376 2114 malgré les crinolines, une femme de notre époque? Per¬
1228 2096 2390 2170 sonne n'a mentré autant de souei de l’équilibre physique
1226 2145 2385 2207 que celle que la légende représente seulement comme
1225 2212 2379 2278 une äme errante. (Légende à laquelle la récente biogra¬
1222 2250 2375 2321 phie du comte Corti apporte des corrections curieuses).
1220 2300 2379 2366 L’Empereur, lui, ne paraft grand homme, au physique
1219 2366 2397 2430 ou au moral, sur aucurl portrait. L’air est renfrogné, le
1226 2423 2381 2490 regard bleu à la fois lourd et vide, et un étranger
1222 2485 2383 2533 s’explique malaisément le prestige posthume de ce
1226 2526 2386 2608 vieillard. II y eut cependant un moment de réelle gran¬
1221 2566 2380 2644 deur dans cette vie: je veux parler de la scène qui
1216 2627 2372 2685 se passa à Schcenbrunn en roos, à l’occasion du soixän¬
1225 2678 2380 2752 tième anniversaire du regne, lorsque l’on vit, conduits
1218 2733 2389 2799 par Guillaume II, tous les souverains d’Allemagne venir
1227 2798 2381 2860 rendre hommage à la couronne de Habsbourg.. Ce
1218 2840 2379 2911 jour-la, d’une manière purement figurative et fugitive,
1213 2895 2384 2989 il est vrai, le foyer du germanisme parut briller à
1220 2945 1831 3021 Vienne et non en Allemagne.
1255 2986 2373 3069 Est-ce la longueur fabuleuse de ce regne, sa beauté
1213 3055 2382 3121 d’arbre à côté duquel la joudrei tombe sans cesse sans
1222 3100 2371 3161 l'abattre, qui fait réver les hommes d’aujourd'hui, peu
1215 3177 2389 3253 habitués à la durée des institutions, des hommes ou
2393 1542 2498 1639 4
