3484 4320
382 185 781 246 Ausschnitt aus:
790 229 1516 339 iner Zeitung am Mittag, Berlin
376 266 874 349 vom: 21.04R191.
695 455 1499 575 Gregors letzte Tat.
742 577 1459 636 „Liebelei“ in der Komischen Oper.
704 636 1536 706 Direktor Gregor hat zum Abschied das beste
656 691 1527 743 getan, was er tun konnte. Er hat dem Ber¬
652 742 1538 788 liner Publikum einen jungen Komponisten von
659 778 1533 823 unleugbarem Talent vorgestellt. Zwar: Franz
647 818 1540 865 Neumanns Oper „Liebelei“, die nach dem
656 859 1531 923 gleichnamigen Schnitzlerschen Schauspiel ge¬
657 915 1536 961 schrieben ist, hat ihren Weg schon über zahl¬
659 953 1530 1010 reiche große Provinzbühnen gemacht. Aber man
654 998 1539 1052 weiß doch — Berlin gibt den Ausschlag. Also:
661 1036 1540 1089 den Berlinern hat das Werk genau so gefallen,
656 1085 1545 1135 wie den Frankfurtern, Kölnern und Leipzigern.
642 1124 1541 1179 Nach dem kyrischen zweiten Akt war der Beifall
652 1173 1537 1223 sehr echt und stark. Während zum Schluß mehr
644 1213 1455 1273 die ausge eichnete Darstellung durchgriff.
702 1249 1550 1311 Diese Berliner Aufführung hat ihre
650 1294 1539 1355 Schwächen und Vorzüge gegen die, wie ich z. B.
645 1345 1537 1399 vor 8 Tagen in Leipzig sah. Dort brachten die
658 1373 1537 1448 poctische Marx und der jugendfrische Schroth
641 1429 1547 1487 den in breiten Lyrismen schwelgenden zweiten
657 1469 1543 1522 Akt glänzend heraus. Hier war wieder die
649 1511 1541 1579 Labia im dritten Akt erschütternd. Man
652 1557 1536 1614 kann nicht gerade sagen, daß das sentimentale
649 1612 1538 1659 Wiener Mädel sich mit dem. Wesen der Labia
651 1647 1537 1693 vollkommen deckt. Sir ist immer die Vollblut¬
655 1690 1540 1747 italienerin, mit ihren großen, schmerzhaft
658 1738 1549 1797 suchenden Augen auf einen ungetreuen Lieh¬
653 1780 1543 1824 haber blickend, in den fieberhaft geballten
651 1823 1545 1880 Fäusten das Messer zum tödlichen Streich
655 1862 1538 1929 zückend. Ihre Christine ist mehr eine
664 1901 1537 1979 Christina (wenn man sich noch der Gior¬
650 1955 1542 2015 danoschen „Mala Vita“ erinnert). Aber,
651 1998 1532 2039 wenn sie im dritten Akt den Freund
651 2043 1535 2100 Theodor im scwarzen Rock mit dem Trauerflor
645 2084 1545 2132 um den Zylieder durch die Tür treten sieht,
648 2134 1542 2185 wenn sie ihm das Geheimnis abringt, daß der
651 2179 1546 2233 Geliebte gefallen ist, gefallen im Kampfe um
650 2216 1542 2279 eine Frau, wenn sie das Tuch um die Schulter
633 2265 1540 2317 wirft, um an sein Grab zu eilen, „nicht, um zu
639 2308 1543 2367 beten": dann glaubt man ihren wild hervor¬
648 2363 1541 2414 brechenden Schmerz, dann sind die raubtierarti¬
640 2400 1539 2458 gen Töne echt, die ihr aus der gequälten Brusi
642 2439 1543 2484 quellen. Ein volles Lob auch für Herrn Zador,
638 2483 1542 2528 der den alten Weiring schlicht, rührend, in un¬
643 2528 1541 2592 endlicher Güte gestaltet. Desgleichen für Herrn
640 2582 1545 2641 Wissiat, der in Spiel und Erscheinung der
642 2622 1545 2685 wpische Wiener Nachsteiger ist. Ein geringeres
648 2668 1537 2727 dagegen für Herrn Nadoloviich, dem für
640 2717 1534 2767 den Fritz die Frische und Leichtigkeit der
650 2756 1546 2815 Stimme fehlt, der mit seinem gekräuselten
647 2795 1537 2842 Köpfchen, seinem schlecht angeklebten Schnurr¬
644 2840 1538 2901 lurtchen, dem Schwalbenschwanz und dem Steh¬
635 2890 1536 2955 kragen mit umgebogenen Ecken nicht elegant
633 2946 1536 2989 genug aussieht. Recht dünn und unsicher klingt
633 2971 1526 3020 diesmal das Orchester. Wenn ich hörte, so hörte
643 3017 1537 3092 ich durch das wundervolle Leipziger Orchester.
706 3068 1536 3126 Franz Neumann kommt aus dem
634 3109 1527 3159 Kapellmeisterberuf. Das merkt man ihm sofort
635 3159 1530 3211 an. Seine Partitur ist mit großer Geschicklich¬
635 3201 1534 3256 keit gearbeitet, sehr klangschön instrumentiert
638 3244 1535 3303 und verrät in jeder Note den gewiegten Theater¬
634 3279 1540 3336 mann, der genau weiß, wie er seine Effekte
639 3322 1528 3387 zu setzen hat. Weniger hervorragend ist seine
638 3372 1540 3430 Erfindung, die im Grunde auf die Jungitaliener
640 3421 1527 3471 zurückgeht, vor allem auf Puceini, der nament¬
646 3466 1524 3511 lich im zweiten Akt bedeutende Kapitalien in
635 3502 1538 3550 die Musik einschießen muß. Ich lege aber Wert
644 3540 1537 3596 auf die Feststellung, daß auch sehr viele hübsche
642 3584 1537 3642 eigene Momente kommen. Und, was mit das
635 3627 1537 3688 Wichtigste ist: am besten ist dem Komponisten
637 3681 1532 3734 die Zeichnung des alten Weiring gelungen. So¬
640 3708 1535 3765 bald er auftritt, gewinnt die Musik Farbe, Ge¬
650 3756 1532 3815 sicht, Inhalt. Das ist der Gewinn, das Blei¬
640 3810 1533 3857 bende an dem Abend. Das ist mir Gewähr
641 3857 1522 3903 dafür, daß Neumann in seinem späteren
642 3886 1528 3948 Schaffen sich zu einer Eigenart durchringen
636 3927 1532 3973 wird ... Kopfschütteln wird überall die Idec er¬
633 3971 1529 4029 regen, das Schnitzlersche Schauspiel so wie es
647 4017 1539 4073 geht und steht, zu komponieren. Beim Publikum
647 4069 1532 4115 stelle sich freilich an den dramatischen Höhepunk¬
649 4107 1559 4174 ten die gewohnte Tränenwirtung ein. Aber für ein
648 4156 1534 4210 feiner empfindendes Ohr war es doch eine Qual,
2075 230 2463 306 Liebeler
1914 237 2469 349 5. 1
1565 440 2429 521 den leichten Konversationston in einer Flor ge¬
1560 502 2427 554 schwollener Opernmusik untergehen zu hören.
1564 551 2425 608 Entweder — oder. Man nimmi für die Kom¬
1567 592 2433 638 position ein neues Brch. Oder aber, handelt es
1561 633 2438 680 sich um ein bereits orhandenes Schauspiel, so
1557 674 2434 726 muß der Textdichter ich wenigstens der Mühe
1554 712 2435 772 unterziehen, das Wertdrame in eine neue, den
1555 754 2438 805 Zwecken der Musik angepas##e Form umzugießen.
1559 803 2441 857 Musik zu Worten des Schauspiels wirkt über¬
1557 843 2437 897 flüssig oder sogar störend, da der Dichter bereits
1558 892 2445 945 alles zu Sagende gesagt hat. Allerdings ist das
1564 926 2440 984 jetzt Mode. „Salome“, „Elektra#. „Talisman“.
1558 974 2436 1020 Und was dem Strauß und der Madison recht ist,
1551 1017 2431 1090 kann dem Neumann schließlich nur billig sein!
2094 1067 2401 1131 Erich Urban.
2606 228 3032 320 box 12/1
