3484 4224
398 90 773 168 Liebelei
248 89 1380 204 5.— box 11/2
1058 1173 1415 1277 Telephon 12801.
510 1293 1263 1421 „OBSERVER“
273 1390 1443 1481 I. österr. behördl. konz. Unternehmen für Zeitungs-Ausschnitte
500 1458 1301 1545 Wien, I., Concordiaplatz 4.
742 1531 1038 1603 Vertretungen
345 1575 1444 1654 in Berlin, Basel, Budapest. Chicago, Cleveland, Christiania,
335 1646 1437 1680 Genf, Kopenhagen, London, Madrid, Mailand Minneapolis,
335 1665 1443 1730 New-York, Paris, Rom. San Francisco, Stockholm, St. Peters¬
743 1709 1047 1767 burg, Toronto.
651 1730 1139 1816 (Quellenangabe ohne Gewähr).
342 1815 729 1899 Ausschnitt aus:
550 1885 751 1973 18.011=
747 1865 1406 1987 Wernowit er Zeftunn
335 1937 508 1997 vom:
424 2024 1359 2108 Montag wurde Arthur Schnitzlers aus dem Stile
350 2087 1365 2155 Goethescher Großmenschtichtert auf dns Ridenn des-Klein¬
343 2140 1370 2193 menschlichen hinabgeschraubte, ins Wienerische übersetzte
1382 2191 1424 2237 5
341 2185 1364 2262 Gretchen=Tragödie „Liebelei“, die in dem ersten Akte
1387 2234 1423 2271 ∆
1391 2249 1452 2288 —
347 2232 1448 2297 ein mit leichten und sicheren Strichen gezeichnetes Wiener c
349 2268 1353 2353 Sittenbild bringt, gegeben. Das Stück ist ja von früheren
1385 2314 1423 2377 7
336 2312 1350 2399 Spielzeiten hier bekannt und können wir uns daher auf
1368 2345 1453 2429 3
341 2372 1361 2453 einige die Aufführung betreffenden Worte beschränken.
332 2403 1361 2500 Den Vogel in derselben hat Frl. Tranner in der Rolle
1403 2458 1457 2528 2
338 2454 1359 2540 der „Schlager=Mizzi“ abgeschossen, sie war die richtige
329 2521 1363 2596 Repräsentantin des Wiener „süßen Mädls“, das für den
338 2554 1354 2649 Augenblick lebt, im Mai nicht denken will, was im
340 2608 1361 2691 August geschehen wird; Fräulein Tranner hat den
323 2661 1352 2742 leichten Humor, das lebhafte Temperament, die gut¬
320 2709 1355 2794 mütige Gemütlichkeit für diese Rolle und spricht
326 2757 1346 2829 urwüchsig den Wiener Dialekt. Obwohl die Schlagermizi
322 2797 1361 2885 nicht die eigentliche Heldin des Stückes, interessierte sie
420 2854 1358 2939 weisten und hielt die Komödie. Ihr Widerspiel
542 2901 1311 2977 wurde Frl. Halpern zugeteilt und d
626 2959 1125 3031 as Fräulein ist bei aller:
723 3000 970 3062 Fleiße und
2749 174 3055 280 Telephon 12.801.
2236 257 2834 420 „OBSERUER“
1997 406 3103 472 I. österr. behördl. konz. Unternehmung für Zeitungs-Ausschnitte
2186 465 2951 557 Wien, I., Concordiaplatz 4.
2430 528 2723 606 Vertretungen
2022 568 3103 636 in Berlin, Basel, Budapest, Chicago, Cleveland, Christiania,
2023 622 3102 675 Genf, Kopenhagen, London, Madrid, Mailand, Minneapolis,
2014 673 3103 730 New-Vork, Paris, Rom, San Francisco, Stockholm, St. Peters¬
2411 700 2707 756 burg, Toronto.
2321 736 2808 815 (Quellenangabe ohne Gewähr.)
2010 778 2488 872 Ausschmitt aus:
2164 833 3083 926 17.0KT.1906 Csernowitzer Allgemaie
2023 902 2187 958 vom:
2628 906 2924 998 ZEITUNC
2001 1072 3177 1156 heater, Kanst und Vileruiar.
2517 1162 3125 1269 Czernowitz, 16. Oktober.
2050 1252 3168 1328 „Liebelei.“ (Schauspiel in drei Akten von Arthur
1951 1304 3170 1381 Schnitzler.) Es war unvorsichtig, Schnitzlers brillantes
1943 1352 3163 1421 Wiener Milieuschauspiel als „Repertoirstück des Wiener
1939 1413 3164 1475 Burgtheaters“ anzukündigen. Man soll nicht Erinnerungen
1945 1470 3167 1520 an die deutsche Muster= und Meisterbühne wecken, wenn man
1936 1511 3171 1576 alle Ursache hat, Vergleiche zu scheuen .... Damit soll nicht
1939 1553 3174 1602 gesagt sein, daß die gestrige Vorstellung geradezu schlecht ge¬
1932 1610 3169 1663 wesen wäre; aber um vorbehaltlos als gut bezeichnet werden
1937 1634 3165 1722 zu können, dazu sehlte die Grundbedingung: eine gleichmäßige
1934 1697 3196 1781 und gleichwertige Besetzung der Hauptrollen. Zwischen den¬
1935 1740 3164 1803 beiden Paaren, die das Spiel tragen, gähnte eine weite Kluft,
1941 1806 3156 1867 und gerade die schönsten Szenen des Stückes scheiterten an
1939 1846 3160 1898 der teilweise gänzlich verfehlten Besetzung. So war die Vor¬
1943 1890 3162 1950 stellung gar zu ungleich, die flotte, schwungvolle Frische, mit
1933 1946 3166 2013 der sie einsetzte, erblaßte, verflachte sich immer mehr bis zu
1930 1993 3154 2061 dem matten, farblosen Schluß. Leben und Bewegung brachte
1941 2047 3151 2103 nur Frl. Trauner als Mizi in das Spiel. Ja, das war
1930 2089 3158 2153 das echte Wiener Mädel, wie es leibt und lebt, fesch, kreuz¬
1933 2145 3156 2194 fidel und sorglos durchs Leben tänzelt. Die unbewußte Fri¬
1924 2188 3153 2241 volität des „süßen Mädels“, das vom Baume der Erkenntnis
1923 2240 3155 2293 gepflückt hat, ohne seine köstliche Naivität einzubüßen, das am
1935 2295 3148 2355 Rande des Sumpfes einhertrippelt, ohne im Sumpfe zu ver¬
1938 2341 3147 2407 sinken und ihre Seele zu beschmutzen, den ganzen eigenartigen
1925 2393 3152 2455 Reiz dieser anmutigen Großstadtblume brachte Frl. Trauner
1932 2441 3151 2506 vorzüglich zum Ausdruck. Eine Leistung, die nichts zu wün¬
1929 2474 3152 2538 schen übrig ließ. Herr Reißner war in der Rolle des ehr¬
1934 2536 3147 2595 lich frivolen, liebenswürdigen Schwerenöters Theodor bemüht,
1924 2591 3145 2639 es seiner Partnerin gleich zu tun, und wenn er auch im
1927 2636 3147 2690 Großen und Ganzen seiner schweren Aufgabe gerecht wurde,
1932 2678 3155 2748 so mußte man doch teilweise den guten Willen für die Tat
1917 2733 3146 2781 nehmen. Dieser Figur fehlte das lokale Kolorit, die Liebens¬
1927 2780 3153 2839 würdigkeit des Wiener Früchtels kam neben der lebemännischen
1922 2839 3150 2898 Frivolität zu wenig zum Ausdruck. Frl. Halpern war als
1922 2882 3141 2939 Christine nicht an ihrem Platze. Diese Kombination von
1921 2918 3147 3002 Gretchen, Käthchen und Klärchen, diese Mädchengestalt in ihrer
1918 2982 3133 3031 schlichten, von Sentimentalität ungetrübten Würde stellt an
1917 3037 3140 3099 die Darstellung Anforderungen, denen Frl. Halpern nicht zu
1923 3072 3145 3133 genügen vermochte. Ihr fehlte in diesem Falle dazu die Gestaltungs¬
1918 3134 3143 3193 kraft,nicht zum mindesten auch die Routine, und so bot sie eine unbe¬
1920 3179 3147 3224 friedigende, schablonenhafte Leistung, die stark ins Dilletantische
1924 3230 3149 3294 hiuüberspielte. In dem Fritz des Herrn Stengel begrüßten
1925 3268 3146 3339 wir einen alten Bekannten, seinen Ulrich Hauser aus der
1916 3310 3142 3385 „Filia hospitalis“ Uebrigens paßt auf diesen Schauspieler
1915 3383 3138 3442 das Wort, mit dem Hauser sich selbst charakterisiert: „Ein
1909 3428 3144 3487 Vogel mit bleiernen Schwingen“. Eine schöne Gestalt war
1911 3474 3143 3533 der Hans Weiring des Herrn von Pindo. Die Güte, die
1917 3523 3137 3576 Milde, die Liebe selbst. Er fand warme, zu Herzen gehende
1910 3583 3143 3632 Töne und bot im engen Rahmen seiner kleinen Rolle eine
1920 3612 3131 3666 musterhafte Leistung. Frl. Kühnau führte ihre aus früheren
1915 3667 3131 3732 Vorstellungen wohlbekannte nachgerade schon stereotype Klatsch¬
1909 3716 3141 3785 base spazieren. Herr Stärk holte diesmal aus seinem kleinen,
1915 3771 3135 3829 aber wirkungsvollen Part nicht alles heraus, was heraus¬
1920 3817 3157 3885 zuholen ist, seine Regie jedoch bewährte sich in der fröhlichen,
1915 3865 3145 3953 timmungsvollen Souperszene des ersten Aktes aufs beste.“
2928 3913 3105 3993 W. A.
