3392 4320
434 268 791 339 Liebelei
865 266 1391 361 box 11/5
258 262 815 379 5. Sen
1265 628 1596 720 Telephon 12.801.
1328 724 1406 804 44
710 774 1347 869 „UDSERTER
482 860 1610 932 1. österr. behördl. konz. Unternehmen für Zeitungs-Ausschaltte
680 906 1435 991 Wien, I., Concordiaplatz 4.
905 967 1209 1036 Vertretungen
499 997 1604 1084 in Berlin, Basel, Budapest, Chicago, Cleveland, Christiania,
492 1070 1592 1124 Genf, Kopenhagen, London, Madrid, Mailand, Minneapolis,
486 1106 1598 1165 New-Vork, Paris, Rom, San Francisco, Stockholm, St. Peters¬
883 1139 1208 1198 burg, Toronto.
813 1189 1276 1257 (Quellenangabe ohne Gewähr).
480 1235 874 1312 Ausschnitt aus:
856 1258 1543 1362 gkeits Weltblatt, Wien
707 1340 1005 1403 16 49R 1 910
482 1368 638 1417 vom:
1285 1435 1600 1498 — —
762 1530 1778 1623 Theater, Bunst und Musik.
1288 1615 1757 1694 Wien, 15. April 1910.
803 1656 1788 1747 Burgtheater. In Gustav Freytags Lustspiel „Die
764 1704 1782 1799 Journalisten“ das nachgerade die Weihe moderner
766 1770 1787 1824 Klassizität erhalten hat,apsolvierte Herr Eryst Arndt
759 1823 1782 1892 vorgestern sein zweites Gästspiel. Er gab die Rolle des
755 1860 1786 1939 Schmock, die vor ihm Herr Thim'g durch viele Jahre
760 1912 1777 1982 innehatte, mit entschiedenem Erfolg, det sich in reichem
742 1953 1793 2018 Beifall des dichtbesetzten Hauses kundgab. Bringt Herr
763 1999 1782 2075 Arndt, dessen Berliner Dialekt deutlich durchschlägt,
760 2065 1797 2129 gleich nicht jede Pointe zur vollen Geltung, so ist doch
754 2110 1804 2172 die nicht gewöhnliche Feinheit seiner Charakterisierung
758 2156 1796 2207 anzuerkennen, welche neben der verächtlichen Lächerlichkeit
759 2194 1794 2251 auch die rührende Armseligkeit zu betonen versteht. Herr
758 2248 1787 2316 Thimig gibt jetzt den Weinhändler Piepenbrink +
754 2293 1786 2354 natürlich sächsisch, aber mit seinem breiten, nie vor¬
762 2342 1798 2407 sagenden Humor. Manche Figur in dem Stück bedükfte
758 2387 1786 2455 der Auswechslung, aber schließlich schlug Freitags Humor
744 2439 1784 2502 durch zeitweilige Verdunkelungen der Darstellung siegreich
749 2470 1790 2531 durch. — In Schnitzlers Schauspiel „Liebelei“ hatte
747 2539 1785 2594 gestern in wesentlichen Rollen der neuengagierte Nach¬
743 2584 1788 2638 wuchs das Wort. Herr Balajthy spielte den alten
742 2604 1776 2695 Musiker Hans Weiring. Liegen ihm derlei Sachen auch
749 2668 1780 2734 nicht so gut wie die Bauerngestalten, so brachte er doch
742 2716 1776 2785 die Absichten des Dichters glaubhaft und rührend zum
750 2757 1788 2833 Ausdruck und mit der entsprechenden tragischen Resonanz,
1834 1442 2121 1502 S.
1809 1518 2827 1596 namentlich in der Aussprache mit der Tochter. Der Figur
1813 1583 2830 1638 mehr Einheitlichkeit und Prägnanz zu verleihen, wird
1804 1615 2843 1669 ihm vielleicht auch noch gelingen. Fräulein Hofteufel
1806 1670 2839 1738 verlieh der leichtlebigen Schlager=Mizzi eine mädchenhaft¬
1802 1720 2836 1779 kecke Erscheinung und eine heiter=frohe, zum Herzen
1811 1765 2829 1824 gehende Sprache. Für starke, überströmende Empfindung
1811 1813 2832 1857 fehlt ihr freilich derzeit noch die sichere Beherrschung.
1805 1860 2828 1911 Herr Devrient hat die Rolle des „Herrn“ über¬
1808 1904 2827 1967 nommen und spielt sie mit der ihm eigenen Schärfe.
1794 1956 2832 2015 Dem Stück ging Heyses Einakter „Die Tochter der
1796 2000 2828 2068 Semiramis“ in der bekannten Besetzung voraus.
2666 2057 2792 2121 X. x.
2671 2166 3013 2259 Teiephoe (2.391.
2147 2290 2864 2389 „UBSERTER
2006 2373 3077 2447 österr. behördl. kenr. Unternehmen für Zeitunge-Ausschaltte
2153 2425 2904 2504 Wien, I., Concordiaplatz 4.
2362 2483 2686 2547 Vertretungen
1964 2526 3072 2592 in Berlin, Basel, Budapest, Chicago, Cleveland, Christianta.
1964 2580 3066 2651 Genf, Kopenhagen, London, Madrid, Mailand, Minnsapatts,
1961 2613 3068 2682 New-Vork, Paris, Rom, San Francisco, Stockbolen, St. Peless¬
2367 2658 2690 2713 burg, Toronte.
2289 2692 2747 2768 (Gemengere en de
1961 2755 2414 2837 Ausschnitt aus:
2445 2811 3104 2914 ontags-Blatt (publ. Bhätt.), Wien
1964 2854 2113 2915 vor
2107 2861 2346 2968 B
2684 3003 2995 3088 verberben.
2802 3009 3147 3245 an
2164 3133 2853 3266 Bühnenwelt.
1975 3252 3089 3302 (Burgtheater.) Warum vergällt man Balajthy seinen
1868 3281 3081 3340 Weirich? Weil er nicht säuselte und in dem Bekenntnis, seine An¬
1867 3341 3089 3375 schauung von Lebensdurst und Moralhemmungen das falbungs¬
1868 3377 3086 3441 volle Pathos verschmähte? Für unser Empfinden war er ganz aus¬
1870 3423 3085 3483 gezeichnet; Mann aus dem Volke eben und nicht Pastor. Ein Vor¬
1866 3459 3082 3506 städter, ein bischen herb, ein bischen eckig, mit rauher Außenseite,
1864 3491 3081 3560 im entscheidenden Momente aber hilft ihm sein geliebter Beruf,
1869 3530 3088 3572 Frau Musika, die Schnitzlerschen Tiraden auf die Lippen treiben.
1861 3571 3088 3610 Nur eben, wo die Dichtung doch nur — „Literatur“ wird, kann ihr
1862 3613 3070 3677 dieser große Meister der Natürlichkeit mit bestem Willen nicht hei¬
1864 3649 3074 3706 fen; er demaskiert sie, weil er zu ungekünstelt ist. Und der schlechten
1853 3698 3074 3736 Akustik des neuen Hauses wird er sich schon noch anpassen. Aber
1848 3727 3077 3789 die Medelsky! Wir bitten der „norddeutsch“ gescholtenen Hanne¬
1860 3771 3072 3819 mann alles ab, jeden Tadel, jede Einschränkung angesichts ihrer
1864 3801 3085 3873 Wärme und stilvollen Mäßigung, da wir wieder einmal zu den
1854 3845 3070 3911 schrillen Eruptionen unserer ewig vergrämten, ewig pompfunebern¬
1844 3883 3074 3935 den Lotte verurteilt waren. Ein Lichtblick war die Mizzi der rei¬
1851 3924 3067 3980 zenden Hofteufel, keck, frech, bodenständig und wohltuend von
1854 3966 3069 4028 der andernorts gebotenen Derbheit entfernt. Ein schöner Abend
1856 4010 3091 4073 an dem man beinahe vergaß, wie doch das süße Mädel, als preten¬
1845 4035 2820 4122 zißfe „jüdische“ Entdeckung, eine von vorgestern ist ..
