3484 4224
396 100 766 192 Liebelei
909 117 1362 219 box 13/8
224 93 831 225 B. Lasenane
1725 247 1885 321 DRUM“
2570 255 2812 328 V. Jahrg.
1745 357 2838 441 an Ihre erhabene Majestät von Milo erinnernden Busen und
1738 421 2841 481 endlich auch nicht im „holden Verborgenen“ des süssen
1741 465 2836 532 Leibes. Dieses Potpourri von Schönheiten, dieses Wunder¬
1742 524 2843 576 ensemble gehörte der Wienerin allezeit und gehört ihr
1744 570 2851 638 auch heute an; allein in den Sang Walters von der
1756 619 2860 679 Vogelweide und in die Lieder seiner hierländischen
1749 665 2834 723 Nachfahren klingt auch Wehmut ein über die Ver¬
1732 710 2850 793 gänglichkeit alles Schönen. Denn die Wienerin besass
1746 778 2858 834 allezeit auch etwas Zartheit, wenn diese auch infolge
1744 820 2856 875 ihrer Gesundheit nichts Schwächliches an sich hatte.
1752 867 2848 927 Die nun aufblühende Geueration entbehrt aber dieser
1752 912 2850 989 Zartheit. Die Töchter des Volkes sind kraftvoller, als
1744 968 2848 1023 ihre Mütter es waren, und sie haben dabei vielleicht an
1024 958 1371 1055 Viennensia.
1741 1009 2845 1077 Innigkeit eine Kleinigkeit eingebüsst, an ihrer Schönheit
952 1032 1437 1112 Die junge Wienerin.
1749 1057 2850 1126 aber auch nicht das Geringste verloren. Sie sind
738 1077 1490 1158 Wenn du den steilen Berg ersteigst,
1750 1108 2854 1177 gleichsam etwas germanischer geworden, und dies wieder
737 1130 1365 1192 Wirst du beträchtlich ächzen;
1758 1163 2862 1226 macht sie mutiger, und sie erinnern in ihrem Auftreten
726 1142 1643 1223 Doch wenn du den felsigen Gipfel erreichst,
1759 1205 2852 1274 schon an die Amerikanerin, die jede Gefahr verlacht,
722 1199 1349 1287 Hörst du die Adier krüchzen.
1755 1252 2856 1323 die ihr von lüsterner Männlichkeit droht. Die Literatur
735 1256 1473 1341 Dort wirst du selbst ein Adler fast,
1751 1309 2860 1367 vom „süssen Mädel“ ist dadurch obsolet geworden, und
733 1323 1256 1375 Du bist wie neugeboren,
735 1335 1539 1412 Du fühlst dich frei. du fühlst: Du hast
1746 1355 2861 1421 Artur Schnitzlers „Liebelei“ ist ein Märchen aus alten
728 1399 1375 1467 Dort unten nicht viel- verloren.
1753 1400 2843 1465 Zeiteigs uns heute eine Christine, die in Sen¬
1527 1416 1715 1497 Heine.
1750 1454 2818 1520 timentalität erstirbt. Sie ist nicht mehr vorhanden.
730 1463 1743 1554 Prentice Mulgrave, der da verkündete, dass die
1834 1494 2850 1577 Allein nicht nur die Tächter des Volkes sind kraft¬
627 1539 1736 1597 Menschen — als Amerikaner versteht er darunter natürlich
1748 1549 2850 1624 voll geworden, auch die Bürgermädchen und auch unsere
639 1588 1742 1643 in erster Reihe die Amerikaner — schon lange genug
1752 1611 2853 1677 Komtessen und Baronessen schreiten amerikanischer
632 1641 1747 1697 gestorben seien, und dass sie sich daher endlich einmal
1756 1663 1916 1737 einher
631 1684 1730 1736 entschliessen mögen, den groben „Unfug des Sterbens“
1854 1687 2859 1770 Woher kommt das aber? Denn wir können uns
631 1745 1734 1800 einfach nicht mehr mitzumachen. Mulgrave selber ging
1752 1752 2859 1813 doch mit der Tatsache allein nicht begnügen, wir fahnden
641 1793 1737 1851 den bisherigen Weg alles Fleisches und teilt nun das
1740 1814 2626 1872 gern nach dem Ursprung eines Geschehens.
635 1836 1734 1898 ungezogene Schicksal der Milliarden Toter, die alle erst
1834 1859 2853 1948 Es dürfte wohl an zwanzig Jahre her sein, dass
634 1888 1736 1940 das Heranbrechen des jüngsten Tages abwarten müssen,
1749 1924 2859 1986 wir an den Sonntagen stadtflüchtig wurden und lien
635 1932 1748 2003 bevor sie sich zu neuem, diesmal aber voraussichtlich
1758 1983 2854 2038 Wienerwald unsicher zu machen begannen. Im Winter
642 1981 1746 2046 ewigen Leben aufraffen können. Mulgrave erklärte,
1757 2023 2850 2084 wie im Sommer verliessen wir das Lagerund strichen
634 2040 1741 2104 dass es zur Fortdauer des Lebens nur des starken
1746 2057 2861 2138 in den Wäldern umher und stiegen auf die Hügel und
632 2075 1739 2149 Willens bedürfte, dem „unendlichen Be¬
1743 2121 2853 2191 erklommen die „Kogeln“. Anfänglich war cs uns nicht
642 2118 1729 2189 wusstsein“ — das ist: Gott! der ja auch
1735 2164 2859 2248 Heicht, denn man bleibt ja an Sonntagen gerne etwas
634 2189 1738 2243 ewig ist, gleich zu werden; allein er glaubt
1751 2220 2858 2293 länger im wohligen Bett und fröhnt der Faulheit, und
636 2226 1740 2293 selber, dass es unter den Heutigen, die alle durch die
1743 2272 2847 2329 es bedurfte zum Frühaufstehen eines mannhaften Ent¬
631 2274 1746 2337 vieltausendjährige, stets nur die Notwendigkeit und
1746 2319 2852 2377 schlusses. Und auch das Herumstreichen und Steigen
635 2320 1747 2395 Gewissheit des Todes predigende Tradition korrumpiert
1739 2373 2845 2433 und Erklimmen tat einem bei Beginn nicht sonderlich
624 2366 1734 2427 und depraviert seien, kaum einen Einzigen gäbe, der
1753 2411 2849 2471 wohl, und man spürte die Müdigkeit in allen Gliedern
629 2420 1744 2475 sich zu jenem starken todtötenden Willen aufzuschwingen
1752 2461 2859 2530 und die „Turnschmerzen“ erfreuten nicht allzusehr. Die
636 2469 1743 2524 vermöchte. Aber fangen wir nur endlich einmal an,
1747 2511 2845 2573 Wirte in der Umgegend waren auf uns ebenfalls nicht
628 2517 1746 2585 ewig leben zu wollen! Vielleicht erreichen wir es doch,
1748 2567 2849 2625 eingerichtet, und unser städtischer Magen rebellierte gegen
637 2557 1744 2629 und wenn wir schon nicht cie Ewigkeit erreichen sollten:
1756 2604 2857 2678 die kulinarischen Bauernrevolten. Allgemach aber be¬
643 2625 1744 2680 ein paar Tausend Jährchen kann jeder von uns immer¬
1744 2662 2848 2717 quemten sich die Wirte des Wienerwaldes zur Rücksiche
639 2669 1743 2728 hin leben, wofern er nur ernstlich will, und unsere
1758 2720 2851 2773 auf uns, und der Bürgermeister von Unterkirchbach bei
629 2714 1738 2774 Nachkommen, denen wir unsern Willen vererben, kommen
1750 2764 2854 2819 St. Andrä wurde berühmt durch die Backhendln, die er
629 2764 999 2839 gewiss ans Ziel.
1740 2807 2850 2873 I in seidem Wirtshaus bot; das Silberhuberhaus auf der
735 2790 1737 2876 Mulgrave starb höchstwahrscheinlich infolge einer
1744 2856 2856 2912 Habsburgerwarte leistete die besten Würste; auf dem
624 2868 1744 2923 Schlamperei: er war einmal zerstreut und vergass zu
1751 2903 2861 2973 Anninger speiste man wie etwa im Winterbierhaus,
637 2906 1744 2970 wollen; aber sein Apostel und Uebersetzer Sir Galahad
1748 2959 2857 3015 und das „Eiserne Tor“ bei Baden ist direkt der Sacher
639 2962 1738 3015 lebt, und ihn laden wir nun ein, sich auf dem Bauern¬
1745 3004 2855 3070 der Touristik geworden. Und je stärker unsere Beine
641 3004 1739 3069 markt oder unter den Tuchlauben oder in Mariahilf oder
1757 3052 2864 3107 wurden, desto näher wurden die Ziele, und so mancher,
630 3046 1743 3126 sonstwo in Wien aufzustellen, wenn die Töchter des
1750 3094 2851 3157 der da ächzte und stöhnte, wenn er auf den Kablenberg
638 3118 1734 3174 Volkes von der Arbeit kommen und freudevoll zur
1752 3149 2854 3201 musste, lief bald wohlgemut zum Sonnwendstein hinauf
630 3154 1742 3210 Atzung laufen. Er schaue sich diese Dinger von 15
1754 3195 2852 3268 und da nicht einmal von der Station Semmering, sondern
636 3210 1740 3272 bis 18 Jahren ganz genau an, und er wird zur Erkenntnis
1763 3247 2850 3313 von Gloggnitz# s über Maria Schutz. Dann wurde der
642 3257 1738 3306 gelangen, dass ihnen, die von Mulgrave doch gewiss
1754 3298 2858 3349 Schneeberg erobert und darauf sogar eine Zahnradbahn
633 3311 1740 3369 keine blasse Ahnung haben, jener kraftsprühende Wille
1759 3343 2860 3409 erbaut. Diese Zahnradbahn kann sich, nebenbei gesagt.
633 3352 1734 3413 zum ewigen Leben bereits innewohnt, den der ameri¬
1763 3391 2861 3455 nicht rentieren; nicht etwa desshalb, weil der Tourist
647 3400 1746 3461 kanische Erlöser so dringend für die Menschheit er¬
1758 3445 2848 3503 lieber steigt als fährt, denn vom Ende der Station ist’s
638 3449 1742 3509 sehnte. Worin zeigt sich nun dieser Wille zum ewigen
1758 3490 2848 3542 herrlich bis zur Fischerhütte und zum Klosterwappen,
638 3494 1742 3569 Leben? Nicht im Pfirsichteint der jungen Wienerin,
1760 3540 2856 3597 und von dort hat man nach Puchberg oder ins Höllental
645 3561 1749 3614 auch nicht in der freien offenen Stirn, nicht in den
1754 3588 2855 3657 hinab noch lange Wege: die Bahn kann sich vielmehr
630 3595 1740 3650 grossen lachenden Augen oder in der agreablen Nase
1755 3636 2856 3704 wegen der hohen Preise nicht rentieren, und der Mann,
632 3647 1747 3699 oder den vollen roten Lippen, nicht im anmutigen Kinn
636 3696 2866 3753 oder im schimmerr den Schlangenhals, auch nicht in dem 1 der sie erbaute, sollte sich begraben lassen. Vielleicht
