3484 4256
509 177 742 250 iebe
318 160 1439 287 5ei box 12/2
1348 1116 1747 1216 Telephon 12.801.
1470 1220 1597 1293 4
779 1241 1537 1351 „ODSENVEN
627 1303 1717 1431 1. österr. beh. konz. Unternehmen für Zeitungs¬
823 1360 1521 1462 ausschnitte und Bibliographis.
789 1403 1553 1532 Wien, I., Conoordiaplats 4.
1017 1498 1335 1578 Vertretungen
608 1523 1717 1652 in Berlin, Brüssel, Budapest, Chicago, Cleveland, Christiania,
611 1559 1703 1685 Genf, Kopenhagen, London, Madrid, Mailand, Minneapolis,
612 1607 1703 1709 New-Vork, Paris, Rom, San Francisco, Stockholm, St. Peters¬
1007 1666 1316 1732 burg, Toronto.
944 1704 1365 1783 (Gvollenangabe ahne Gewähr.)
601 1724 1742 1859 ausschnitt augbradeutsene Angereine Knten
1238 1836 1425 1910 Gorsin,
631 1851 740 1914 om:
677 1880 1139 1976 S
680 1946 819 1993 en ene
560 1969 1682 2044 ne=Leip ig, 12. Januar. Die vielfach ungünstigen Erfahrungen
459 2021 1676 2068 der=Tonsetzer mit Opernbüchern bewegen auch zeitgenössische Bühnen¬
456 2066 1673 2135 komponisten, ihri Libretti nach wertvollen Dichtungen und wirksamen
465 2116 1679 2156 Theaterstücken abtassen zu lassen oder selber herzustellen. Das haben
475 2134 1682 2193 früher inländische und fremde Musiker mit deutschen Klassikerdramen
474 2174 1677 2234 getan, dieses Beispiel haben deutsche Komponisten bis in die Gegen¬
476 2219 1670 2276 wart befolgt, und das ist bekanntlich auch durch Richard Strauß
473 2261 1684 2305 geschehen. In Leipzig haben wir allein in der jetzigen Saison zwei
468 2288 1683 2342 Opern kennen gelernt, deren Texte mit erprobten Schauspielen bezw.
473 2326 1682 2378 mit großen Teilen davon identisch sind. So im Herbst Talisman
466 2368 1689 2436 von Adele Maddison (Ludwig Fulda) und eben gestern Liebelei
469 2410 1678 2459 von Franz Neumann (Arthur Schnitzler). Das allbekannte
1329 2447 1679 2500 gerade zu einer
483 2447 1041 2509 Schauspiel des Wiener Dich
480 2483 1691 2537 musikalischen Einkleidung heraus, da es seine volle Wirkung
471 2531 1691 2580 in sich hat, aber sein Gefühlsinhalt ist der Tonsprache jedenfalls sehr
481 2563 1691 2621 zuganglich. Der Komponist hat denn auch sein Hauptinieresse der
480 2612 1688 2672 Christine zugewandt und die Szenen deren Mittelpunkt dies süße
478 2641 1696 2695 Mädel mit dem warmen Herzen bildet, mit sich steigerndem innerlichen
486 2678 1680 2729 Anteil gestaltet. Wie sehr es ihm um diese Figur zu tun ist, beweist
485 2720 1694 2781 schon die textliche Anlage des ersten Aktes, in dem der heitere Auftakt
479 2760 1688 2816 ziemlich rasch verklingt. Dieser erste Akt ist musikalisch der schwächste,
476 2801 1700 2855 i Stil weniger einheitlich und fein als die folgenden. Auch in ihnen
483 2854 1690 2896 zeigt die Tonsprache keinen reichen Erfinder und sind die An¬
483 2874 1693 2923 lehnungen an die Art Puccinis, Tschaikowskys und d'Alberts
477 2924 1689 2969 (Tiefland) sehr erkennbar, aber die Stimmung vertieft sich,
479 2957 1682 3011 das Kolorit wird immer wärmer, die Wirkung unmittelbarer und
488 3001 1693 3046 ergreifender bis zu der Schlußszene, worin der Aufschrei der in ihrer
483 3039 1690 3088 Liebe tödlich getroffenen Christine etwas äußerlich berauskommt.
478 3070 1688 3120 Trotz des kosmopolitischen Charakters der Musik im ersten Akte und
479 3105 1696 3156 trotz mancher materiellen Ausdrucksübertreibung in den anderen hat die
482 3150 1688 3208 Oper einen genügenden Kern, um sich eine Weile im Svielplan zu
481 3186 1687 3237 erhalten. Der Komponist ist als Kapellmeiner in Frankfurt a. M.
482 3237 1687 3281 tätig. Dort hat Liebelei bereits einen starken Erfolg gehabt, und
481 3272 1697 3320 daß der nicht vorwiegend im Lokalen begründet war, hat die sehr bei¬
484 3300 1698 3354 fällige Aufnahme des Werkes in Leipzig dargetan. Die hiesige Auf¬
485 3342 1700 3410 führung ergab einen trefflichen Gesamteindruck. Unter den Mit¬
491 3379 1687 3432 wirkenden tat sich Frl. Marx als Chriztine bis gegen den Schluß
481 3418 1694 3484 hin darstellerisch und gesanglich hervor und machte sich Herr Kase
471 3456 1505 3516 in der rührenden Episode des Vaters besomers bemerkbar.
2814 702 3200 791 Telephon 12.801.
2273 845 3013 945 „ODOENWEN
2110 907 3191 1006 1. österr. beh. konz. Unternehmen für Zeitungs¬
2311 978 2992 1044 Ausschnitte und Bibliographie.
2277 1013 3038 1109 Wien, I., Concordiaplatz 4.
2502 1093 2816 1160 Vertretungen
2112 1136 3203 1217 in Berlin, Brüssel, Budapest, Chicago, Cleveland, Christiania,
2107 1179 3202 1253 Genf, Kopenhagen, London, Madrid, Mailand, Minneapolfs,
2113 1215 3184 1292 New-Vork, Paris, Rom, San Francisco, Stockholm, St. Peters¬
2493 1260 2800 1315 burg, Toronto.
2436 1292 2843 1355 (Qaellenangibe ohne Gewähr.)
2099 1338 3062 1428 Ausschnitt allgemeine Mu###sheitung
2696 1411 2811 1494 lin
2232 1421 2740 1544 20 Jahbiß 1911
2093 1461 2255 1524 vom:
2326 1586 2844 1673 Von der Leipziger Oper.
2053 1632 3192 1720 Der Frankfurter Kapellmeister Franz Neumann fand
1972 1713 3190 1762 Zeit. Arthur Schnitzlers Schauspiel „Liebelei“ als Oper
1980 1736 3183 1783 auf die Bühn Das Prinzip des Durchkomponie¬
1986 1773 3185 1822 rens trug meines Erachtens geringe Frucht. Denn des Dich¬
1983 1818 3193 1876 iers keinnerviges Stück beruht auf Stimmung und Dialog. Bei¬
1979 1855 3190 1916 den tut Neumann keineswegs künstlerisch Genüge. Die rei¬
1975 1890 3195 1971 zende Souperszeue kulminiert bei ihm in einem ordinären
1975 1942 3183 1996 Walzer, das Vorspiel des dritten Akts ist zu großem Teil un¬
1981 1987 3192 2038 geschlacht und großsprecherisch ohne wirklich poetischen In¬
1972 2018 3181 2081 halt. Alle sehnell im Dialog des Schauspiels vorüberhuschen¬
1978 2063 3184 2126 den Sätze werden „vertont“. und so kommt es, daß auch von
1967 2096 3185 2150 Propfenzieher und Zivarrenkiste, von Landwehrübung und
1973 2133 3180 2193 Konversationslerikon eifrig gesungen wird. Und nachdem be¬
1973 2177 3192 2239 reits dreiviertel Stunden bindurch aus Leibeskräften gesungen
1971 2213 3188 2283 und Pespielt wurde: entdecken die Liebhaber. daß die Chris¬
1977 2254 3182 2323 tine ine Stimme habe und singen könne etc. Des Komponisten
1975 2288 3185 2351 unverkennbare Begabung zeigt sich vor allem in der sehr kun¬
1968 2329 3180 2401 dig ausgeführten und wirksamen Instrumentation, Neumann
1969 2364 3190 2441 läßt die Sänger sich fast unausgesetzt des Sprechgesangs be¬
1962 2430 3188 2473 dienen und schafft hierdurch nicht nur ziemlich bedeutende
1962 2460 3183 2535 Schwierigkeiten, sondern = in Mangel eigener kräftiger Emp.
1967 2493 3181 2564 findung zugleich auch gähnende Monotonie, weil das Or¬
1963 2544 3183 2609 chester an tatsächlich svmphonischem Gehalt gar so wenig zu
1955 2571 3183 2636 sagen und mitzuteilen hat. Fatal wirkt die vollkommen gesin¬
1948 2655 3150 2733 nungs- und skrupellose Vermischung aller nur denkharen
3147 2703 3204 2756 86
1950 2713 3156 2773 Mittel und Stilarten, die hier zu einer gänzlich unfruchtbaren
1946 2751 3148 2813 Kreuzung förmlich gezwungen werden. Die Oper fand den
1937 2786 3157 2839 landesüblichen Premierenerfolg, und der anwesende Kompo¬
1949 2833 3157 2901 nist konnte sich zweimal zeigen. Die Wirkung des Stücks
1945 2876 3157 2921 aber ging unfraglich von Schnitzler selbst aus. Dank Kapell¬
1937 2918 3150 2975 meister Pollaks Fleiß fand eine ganz vorzügliche Auffüh¬
1938 2946 3162 3015 rung statt. Mizzi Marx stellte die so sympathische Ge¬
1933 2998 3148 3042 stalt der Cristine ergreifend dar. Louise Fladnitzers
1931 3032 3152 3082 Modistin war ein gutmütiges, lebensfroh in den Tag hinein¬
1936 3074 3144 3138 lebendes Frauenzimmer. Schroth gab dem Fritz den er¬
1929 3101 3154 3173 wünschten lyrischen Anstrich, Klinghammer assistierte
1928 3150 3148 3212 als Theodor aufs beste. Lüppertz stellte den betrogenen
1923 3188 3155 3261 Ehemann mit Würd und Energie dar, und Kase verlich dem
1925 3233 3138 3277 alten Weiring vär lich warme Töne. Dr. Loewenfelds
1921 3270 2810 3321 Inszenierung vercente volle Anerkennung.
2811 3279 3140 3334 So hatten sich
1927 3309 3153 3385 viele Kräfte bewegt — um einer musikdramatischen Niete
1931 3343 2091 3403 willen.
