3436 4320
914 135 1360 225 box 10/4
399 143 786 219 Liebelei
225 147 884 252 5. Sen eneenne
793 675 1199 739 Telefon 12801.
519 780 1501 858 nternehmen für Zeitungs-Ausschnitte.
1370 829 1571 900 Ausschnitt
650 844 1646 989 „OBSERVER“ Nr. 92
280 974 1653 1052 L österr. behördl. conc. Bureau für Zeitungsberichte u. Personalnachrie
452 1069 1544 1135 Wien, IX/1. Türkenstrasse 17.
671 1135 1337 1218 Filiale in Budapest: „Figyelé“ —
363 1209 1622 1287 Vertretungen in Berlin, Chicago, London, Newyork, Paris, Steckholm.
274 1333 822 1422 Ausschnitt aus:
1466 1305 1608 1415 —
274 1434 686 1571 von 4½ 7
578 1680 1607 1759 Nationaltheater. (Schnitzler: „Liebelei.“) Di
405 1733 1612 1819 „Geschichte von dem jungen, vornehmen-Wiener Stüdenten, der in
415 1777 1623 1839 eine unheilvolle Leidenschaft für ein „dämonisches“ Weib verstrickt,
425 1814 1619 1884 sich an der anspruchslosen und mit der Gegenwart zufriedenen
420 1852 1604 1902 Liebschaft mit einem süßen Mädel aus der Vorstadt erholen will,
426 1899 1611 1955 dabei aber das Unglück hat, gerade auf eine wahrhaft dämonische
420 1931 1619 1990 Tiefe der Leidenschaft zu treffen und das liebendste Herz zu brechen.
435 1974 1608 2036 diese Geschichte sahen wir neulich in einer Nachmittagsvorstellung
437 2002 1613 2066 wieder in neuer Besetzung über die Scene gehen. Die neue Mann¬
431 2041 1610 2109 schaft hatte dabei einen schweren Stand, denn die Aufführung von
433 2079 1612 2139 damals war sehr gut gewesen, sie fiel in die Blüthezeit unseres
423 2123 1624 2192 modernen realistischen Repertoires, bevor sein Styl noch überfeinert
425 2157 1614 2217 und übernaturalisirt war, aber die Neuen zogen sich mit großen
432 2195 1591 2258 Ehren aus der Affaire und legten schöne Talentproben ab. —
427 2232 1612 2296 Frl. Hilbert, unsere liebe Bekannte vom Ausstellungstheater und
428 2256 1630 2334 aus Augier's „Myska“, gab das Vorstadtmädel mit seiner ganzen In¬
427 2313 1616 2374 nerlichkeit und verhaltenen Gluth, wenn sie in den Augenblicken
440 2368 1627 2409 des stillen Glücks mehr Unbefangenheit und Natürlichkeit besessen
428 2389 1618 2442 hätte, wäre sie der schwierigen Rolle ganz vollkommen Herr ge¬
430 2426 1624 2491 worden. So schien ihr schweres Schicksal immerfort auf ihr zu
435 2466 1621 2520 lasten und ihre Todesahnungen brachen z. B. bei der Beschreibung
436 2504 1625 2564 des Bildes in allzu dentlicher Weise hervor. Aber wie hübsch wußte
438 2545 1621 2599 sie alle die Details, welche das scheinbar leichtsinnige Kind des
431 2574 1620 2637 Musikus in seiner Gemüthstiefe zeigen, zu einem Gesammtbilde
435 2619 1624 2679 zu sammeln. Es ist, nebenbei gesagt, erstaunlich, welch gewaltige
431 2664 1625 2705 Anleihe der moderne Dichter für seine angebliche Volksfigur bei
433 2693 1625 2770 Faust's Gretchen gemacht hat, die Fragen nach der Beschäftigung,
445 2734 1625 2799 die Erzählung vom Familienleben, eine Art Kalechisation, der Ein¬
429 2778 1621 2841 druck des Kämmerleins, „Was faßt mich für ein Wonnegraus!“ usw.,
287 2804 1656 2865 Tar 50 dieses moderne Greichen hat Frl. Hilbert, wie gesagt, sehr hübsch,
376 2839 1632 2893 100 verkörpert. — Frau Hübner war als Mizi Schlager recht resch
362 2893 1637 2954 200 und fesch und bis auf ein wenig Einförmigkeit im Ausdrucke ganz
362 2923 1692 2976 500 vorzüglich. Auch der eite Gast, Herr Jirikovsky, nahm sich auf .
311 2961 1631 3022 „ 1000 der Bühne des Nationaltheaters sehr gut aus, besser sogar als
423 2985 1725 3066 auf der kleinen Bühne, von der her wir ihn kennen, für welche 111
302 3047 1623 3115 Abonner seine Gestalt allzu imposant ist, während sie auf der großen Bühne
1620 3050 1731 3111 den
298 3084 1623 3151 Abonner in ihren richtigen Verhältnissen erscheint. Es ist aber eine betrüb¬
447 3109 1625 3179 liche Erscheinung, den das starke Geschlecht auf unserer Bühne zu¬
437 3151 1632 3222 gleich als das große sich präsentirt, das schöne Geschlecht dagegen
436 3199 1637 3240 immer niedlichere Exemplare ins Feuer schickt. Wie soll das zu¬
446 3230 1624 3280 sammengehen? Herr Vojan muß schon sehr seltsame Stellungen
445 3263 1627 3327 anneheen, wenn er zu seiner Dame nicht von oben herab sprechen
449 3303 1639 3371 will. Er war nebst Herrn Pstroß und Fr. Danzer selbdritt von
439 3354 1644 3394 der alten Besetzung zurückgeblieben und repräsentirte sie überaus
443 3382 1637 3436 würdig. — Der namenlose „Herr“ war diesmal in den Händen
450 3423 1635 3486 des Herrn Zelensky, der mit dem geheimnißvollen Kerl gut fer¬
1393 3458 1595 3532 Ar##
444 3473 669 3531 tig wurde.
2067 41 2193 128 6
1651 92 3102 206 I. österr. behördl. conc. Bureau für Zeitungsberichte u. Personalnschrichten
1854 170 2932 267 Wien. IX/1. Türkenstrasse 17.
2060 260 2711 340 Filiale in Budapest: „Figyelä“
1757 324 3015 418 Vertretungen in Berlin, Chicago, London, Newyork, Paris, Stockholm.
1671 387 2774 551 Ausschnitt aus: JTaste fiade
2649 541 2914 627 Scs0
1674 606 2117 701 vom 47
1949 767 2977 839 kr. Schnitzlerovo Milkovänf se sl. Hilber¬
1831 821 2963 896 tovou. Jest PöViHHöSti Väzné Zurnalistiky podporovati
1878 867 2958 922 v umeni vse, co jest Zivota schopno, co ma silu a bu¬
1840 919 2964 975 Idoucnost a co müze pfinésti obchaceni nasemu chudému
1847 947 2957 1016 Mänu. Povazoval jeme proto také vzdy a povazujeme
1853 986 2963 1043 do dnes za kus svého ükolu ujmouti se kazdého
1920 1029 2960 1080 ientu, v ktery jsme verili a jehcz zdärnému roz¬
1933 1073 2966 1120 se dély pfekazky. K tomu meli jsme ovsem v prvé
1852 1102 2954 1159 faue prilezitost u nascho divadla, kde vlädne neschop¬
1859 1134 2964 1206 nost spojená s protekcionäfstvim a v tomto snazeni
1855 1185 2963 1241 nezastavili jsme se ani, Sio-li o heredku, tfeba ze
1860 1218 2956 1283 podobné „rytifstvi“ v dnesni dobé jest dosti nezvyklé,
1864 1267 2963 1318 zastaralé a üsklebküm na pospas vydané. Vedli jsme
1860 1300 2960 1363 pfed lety horlivon kampan za uznáni o uplatnéni pi.
1867 1335 2968 1403 Hanny Kvapilové. Dnes kazdy deznävá, ze jsme za
1874 1386 2973 1438 dobrou véc bojovali. Nyni mohli bychom znovu zapociti
1874 1425 2973 1487 u zacky znamenité umelkyné. — Ku sic. Hilbertové
1867 1457 2976 1522 stavi se spräva Nár. Divadla se znämou velkopanskou
1870 1503 2957 1553 neväznosti, kterou se uz eproti mnchému talentu vy¬
1865 1541 2968 1585 znamenala. Dopfeje ji, aby vystoupila jedncu za sai¬
1866 1577 2977 1635 sonu; pri tom ale stälym oddalovänim vystoupeni, pro¬
1874 1635 2971 1677 tahovänim zkeusek etc. zpüsobi, ze sleens zanedbä
1873 1664 2976 1713 svuj saisonni engagement v Plzni. At nikdo nerikä, ze
1867 1712 2977 1763 O takovou malickost se spräva divadla nemüze starati.
1863 1737 2965 1787 Dbäti o dorost jest predni jeji povinnosti,
1871 1783 2980 1844 kterou si ostatné druhdy i näkladnym zfizerim drama¬
1875 1825 2976 1870 tické Skoly urédomovala. Jest hrichem na slibném ta¬
1873 1856 2972 1912 lentu slé. Hilbertovy, kdyz nechä se cely rok lezeti la¬
1875 1908 2980 1949 dem a radime slecné upfimné, aby se pfisté nedala
1877 1931 2968 1985 svädéti lehkomyslnou sprävou Nár. divadla a nezahazo¬
1716 1925 1875 1998 Für 5
1873 1976 2967 2045 vala cely rok svého miädi i svého uméleckého vyvoje
1875 2013 2961 2078 pro bludičku jediného odpoledniho vystoupeni v „zlaté“
1883 2050 2975 2113 kapliéce. Péknym üspéchem v Schnitzlerové Milkováni
1870 2093 2981 2161 prokázala sleöna poznovu, ze mä tolik uméleckého
1760 2121 1804 2168 „
1880 2144 2962 2187 fondu, aby s ni väzná Einohra deská počitala —
1877 2170 2973 2227 at uz v Praze, at jinde. Uloha Kristiny jest tezkym
1749 2196 1867 2252 Abonn
1880 2211 2974 2268 oriskem, a zvläst tezkym pro slecnu Hilbertovu, která
1743 2242 1872 2303 Abon
1878 2252 2978 2304 méla ji bräti po své uditelce. Ale prävé toto üskali
1887 2299 2988 2351 prekonala sleëna skvéle a dokázala, Ze znä samo¬
1889 2347 2994 2386 statné tvoriti. Pani Kvapilová zobrazila Kristinu
1880 2373 2979 2441 jako rozbolavénon némeckon Marketu s trvalym senti¬
1886 2394 2987 2464 mentälnim nadechem, siecna Hilbertova v rozumné
1890 2459 2984 2510 shodé se svymi prostredky predvedla prosté dövée,
1886 2497 2980 2545 na kterou prikvadila läska, jeji tiha i ütrapy s elemen¬
1883 2526 2988 2577 tärni nutnosti, jak se nejdastéji déje. Touha po'Stösti
1892 2567 2997 2635 ji uchvätila a Kristina Hilbertova se ji poddala s naivni
1882 2601 2999 2661 odevzdanosti, — tak jak otec jeji odporuöuje a schva¬
1888 2640 3002 2702 luje. Pi. Kvapilova zakotvila své pojeti ülohy v posledni
1885 2684 2993 2736 scéné hry, kdy se hrdinka zvedá k velké a Zihavè iro¬
1890 2725 3000 2785 nické obzalobé spolecnosti. Jeji Kristina byla po celou
1888 2775 2992 2823 hru obräcena vic do sebe, pripravujicjaksi sebe i diväky
1892 2804 2994 2863 na koneöné morälni käzáničko. Sié. Hilbertovase i po¬
1892 2845 2986 2902 sledni (herecky velice choulostivé) scény vyborné zho¬
1885 2892 2991 2955 stila, züstävajic verna svému soumérnému celkovému
1888 2918 2988 2979 pojeti ülohy a predstavujic stäle jen prosté décko, které
1890 2960 2993 3026 bezmocné podléhá vyssim Zivelnym silám. Jako se druhdy
1893 2996 2999 3067 poddala touze, — tak se na konec poddävá bolu ze
1892 3051 2997 3099 smrti miläcka. A pfivedena bolem svym k zoufalstvi,
2064 3075 3006 3128 — téméf neuvédomöle — krutä slova
1890 3090 2066 3145 vyrázi
1882 3117 3021 3184 pravdy. Hra sleëny Hilbertovy püsobila velmi silnym a!
1882 3168 3014 3236 hlubok ym dojmem. Lze Fici, ze v pravdé rozpälila obe¬
1893 3212 3006 3267 censtvo. Takovy üspéch — tfeba jen u odpoledniho
1887 3254 3000 3300 publika — by väude jinde dopomohl hereéce k tomu,
1892 3301 3007 3343 aby mohla vystoupiti znovu pfed obecen¬
1893 3326 3003 3368 stvem vedernim, a nikoliv jen jedinkrät.
1885 3358 3013 3415 Ovsem u nás pomähá vse ostatnf, jenom ne skutecná
1889 3403 3013 3465 zdatnost a proto opakujome: Ponévadz slö. Hilbertova
1894 3434 3002 3499 nemá ani protekce ani mochych pfimluvöich, at ne¬
1897 3483 3009 3533 uchäzi se o velmi pochybnou slävu byti élenem ustavu,
1882 3517 2999 3570 kde se talentové ubiji. At ustane v nehospodärném
1890 3568 3003 3606 obétováni cclych saison jedinému „Milkováni“. At jde
1899 3592 3005 3649 ven a pracuje. Isme jisti, ze dopracuje se péknych vy¬
1904 3635 3005 3698 sledkü. Tim Ze dovedla „Milkováni“ zmoci, ukäzala, Ze
1881 3675 3007 3736 jest Zivota schopná umelkyné. — Vedle sleöny Hilber¬
1893 3715 3006 3772 tovy znamenité si vedla pi. Hübnerová. Kdyz poprve
1896 3751 3011 3809 „Milkoväni“ studováno, nebyla tato üloha Stastné obsa¬
1890 3788 3008 3842 zena. Pi. Hübnerovon velmi ziskala; ba ucinila cely kus
1887 3837 3001 3884 sympatiétéjsim. Pan Jifikovsky, kterého znäme z Vysta¬
1901 3868 2997 3912 vistè a ze Smichova, pfevzal ülohu pana Sedlädka. Nie
1896 3904 2997 3966 nani nezkazil, ale také z ni nideho neudélal. Hned druby
1889 3952 3015 4008 den na Smichové ukázal, Ze umi vic. Pan Vojan, Pstros
1909 3987 2961 4061 i pi. Danzerová, hräli jak obyéejné, t. j. velmi dobre.
2972 1920 3104 1976 usive
2982 1960 3094 2016 irto.
2978 1998 3104 2053 albar
2988 2037 3120 2103 Toraus.
2993 2098 3179 2172 ist das
2986 2151 3173 2217 it es den
