3484 4256
469 171 835 244 iebelei
954 169 1398 266 box 12/1
264 185 853 287 5. 24
449 1687 1568 1745 lein Labia als sentimentale Christine und Suzanne
453 1730 1551 1797 Bachrich als lebenslustige und in Liebesaffären er¬
465 1773 1559 1837 fahrene Mizi, sowie die Herren Nadolowich (Fritz)
468 1830 1560 1873 und Wossiak (Theodor) hervorragend beteiligten. Herr
466 1877 1554 1940 Zador als Vater Weiring und Emma Seebold, die
456 1927 1559 1970 eine alte Ratschkatel gut charakterisierte, verdienen
456 1970 1556 2036 ebenfalls erwähnt zu werden. Herr v. Reznicek diri¬
452 2019 1054 2086 gierte umsichtig wie immer.
507 2067 1571 2120 Nichts ändern kann auch am Mißerfolg die wie
458 2114 1571 2175 immer in der Komischen Oper äußerst aufdringliche
461 2168 1569 2223 Claque. Mein Gott, das sollte sich doch verbessern
469 2216 1568 2268 lassen! Ich habe den Eindruck, daß in keinem Theater
454 2262 1561 2315 der Welt törichter geklatscht wird als hier. Könnte
455 2309 1568 2361 denn Herr Gregor nicht einen besonderen Regisseur
460 2368 1562 2431 engagieren, der diese Unglücksmenschen etwas in Zucht
468 2408 949 2469 und Ordnung brächte?
1325 2418 1527 2475 Carl Krebs.
950 2483 1060 2541 60
830 2571 1199 2644 Winterwald.
448 2635 1567 2723 Kraft suchen — Kraft suchen in allem, was da draußen lebt
458 2706 1554 2768 oder des Lebens Duft und Farbe hat, und sie finden, diese
465 2758 1564 2801 Kraft, in dem Quell der eigenen Brust, dem nimmermüden,
462 2801 1562 2871 der sich regt und quält und jubelt, so lange es noch vor¬
460 2851 1524 2917 wärts geht, ob über ein Weltmeer oder Nachbars Wiese.
500 2911 1551 2965 Ich verlasse das Haus zur Dämmerstunde und strebe dem
452 2948 1556 3034 nahen Walde zu. Es ist nicht die klare, blitzende Pracht der
1589 1685 2677 1736 letzten Tage. Am Himmel funkelt kein Stern, er hat sich
1603 1737 2689 1800 grau verhängt, es ist ein wenig wärmer geworden, und vom
1594 1781 2685 1830 Westen weht es herüber wie der Bote des Föhnwindes.
1599 1835 2696 1896 Aber noch hat der Winter Gewalt. Noch breitet es sich weiß,
1599 1878 2683 1939 und die kraftsuchende Seele braucht keine Frühlingstäuschung
1598 1934 2693 1983 zu fürchten. Nur wahren Winter, wahren Frühling! Ich
1605 1981 2695 2046 heiße es tief willkommen, als im Walde der Wind schweigt,
1601 2026 2689 2084 und der Hauch des Januar=Frostes mich wieder voll um¬
1604 2071 1725 2132 fängt.
1643 2120 2687 2182 Heilige Stille. Reine Frische. Märchenduft. ... Wenn
1604 2169 2688 2213 meine Augen blind wären, wenn meine Füße mich nicht mehr
1592 2230 2692 2287 bis in den Wald tragen würden — was wäre mir all die
1600 2278 2695 2333 Wahrheit? Bücher bei der Lampe? Dabei leben ist un¬
1603 2317 2693 2372 möglich. Armer Sehnsüchtiger, „Enttäuschter“. Aber du
1603 2362 2684 2422 kannst ja atmen, du kannst sehen und hören, gehen — schäme
1601 2412 2684 2472 dich. Ich schäme mich, doch es raunt in mir: auf der Höhe
1601 2465 2688 2523 der Empfindung bleiben ist uns versagt. Immanuel in
1607 2516 2687 2572 Königsberg, Wolfgang in Weimar — ihr habt auch oft
1601 2568 2689 2623 frierend am Ofen gestanden. Die Schöpfer, von denen wir
1605 2603 2249 2672 die Wahrheit unser selbst erlauschen.
1640 2644 2691 2716 Es singt einen leisen Gesang im Walde. Wer singt ihn?...
1603 2713 2685 2764 Die Tannen müssen es wissen. Sie stehen so feierlich lauschend
1595 2764 2683 2815 da und senken ihre mächtigen Arme, dem Schneesegen des
1596 2815 2687 2859 Himmels bereit. Aber sie haben schon viel davon empfangen,
1612 2863 2698 2923 in all den Tagen und Nächten, die ich im warmen Hause
1601 2907 2691 2956 verbracht. Das Menschlein geht nur eine Stunde durch
1608 2960 2707 3022 ihre heiligen Straßen. Es ist poetisch angeregt, raunen die
2726 1686 3386 1743 Bäume sich spottend zu. Zu Hause
2730 1720 3390 1798 über uns „dichten“, und wir sind wi
2731 1780 3366 1850 auch den Menschen nicht gerufen.
2730 1823 3380 1885 Tiefen unseres Gewirrs, von den
2730 1886 3388 1941 unserer Bewohner, die Flügel habe
2731 1927 3388 1996 elend sind? Unsere Tiere hungern un
2724 1983 3377 2041 die Tritte des Menschen im Walde
2730 2022 3392 2093 und krächzend entflattern sie zu fern
2770 2072 3399 2140 Nein, ihr Bäume. Poetisch anger
2729 2122 3397 2191 Ich habe euch nur lieb. Ich sehe e
2737 2179 3389 2231 weihten Schönheit. Das Leben dich
2724 2226 3396 2294 Mensch in einer froheren Stunde sei
2739 2277 3396 2336 seid in eurem leuchtenden Schneekle
2726 2324 3387 2386 Als ob nur der Frühling, der Blüten
2726 2369 3383 2435 und eure grünen Zweige mit zarten
2722 2421 3399 2477 heit wäre. Als ob ihr euch vorspiele
2728 2464 3393 2522 tiefen See der Wünsche liegt. Ihr
2726 2523 3395 2584 blüten bedeckt, ihr seht ganz freudig
2726 2564 3387 2625 Und nirgends eine Wurzel ohne Ki
2723 2625 3387 2672 stumpf ohne weißes Mützchen. Ihr
2742 2663 3396 2730 Erstarrung. Aber ihr wollt die Heili
2725 2711 3401 2777 nicht sehen lassen. Denn es ist n
2729 2759 3394 2820 Wintersnot muß immer wieder darc
2733 2809 3390 2874 Schlaf ist, Schlaf, und einst kommt
2770 2864 3384 2927 Ich werde plötzlich aufgeschreckt.
2736 2906 3390 2972 Gebüsch, und gleich darauf springt
2738 2962 3394 3020 über, mit hängender Zunge, die ma
