3392 4320
457 270 821 349 iebelei
263 268 962 386 S. 5—
960 254 1392 377 box 11/4
1909 219 2543 295 „ODOLIVEN
1688 296 2780 359 I. österr. behördl. konz. Unternehmen für Zeitungs-Ausschnitts
1827 336 2658 436 Wien, I., Concordiaplatz 4.
2009 408 2443 492 Verfretungen
1684 480 2760 543 in Berlin, Budapest, Chicago, Christiania, Genf, Kopen¬
1681 523 2766 584 hagen, London, Madrid, Mailand, Minneapolis, New-Vork,
1730 554 2740 625 Paris, Rom, San Franciaco, Stockholm, St. Petersburg.
2015 603 2454 654 (Ouellenangabe chne Gewähr).
1671 637 2058 705 Ausschnitt aus:
2061 628 2735 793 wute i ehtulcg
1669 715 2128 803 vom: 23.0IN 1909
1762 892 2614 999 Theater, Runct und Literatur.
1728 985 2761 1097 Städt. Franz=Josef=Theater. Gestern gelangte
1635 1058 2688 1132 das Drama Arthur Schnitzler's *Szerelmeskedése
1636 1093 2717 1197 (Liebelei) zum ersten Male auf unseter Bühne
1643 1168 2670 1229 zur Aufführung. Liebelei ist in Budapest am
1642 1225 2675 1303 15. Mai 1897 zum überhaupt ersten Male auf¬
1638 1278 2694 1341 geführt worden, und zwar in deutscher Sprache. Das
1638 1334 2682 1418 Ensemble des Burgtheaters gastirte im Lustspiel¬
1639 1385 2705 1491 theater und halte mit Schnitzler's Süßesmädelstück
1642 1463 2704 1529 einen durchschlagenden Erfolg. Vor etwa fünf Jahren
1632 1517 2702 1567 brachte — ebenfalls im Lustspieltheater und ebenfalls
1632 1566 2714 1634 in deulscher Sprache — Reinhardt's Truppe das
1641 1625 2687 1715 Wiener Stück zur Aufführung. Der Erfolg war be¬
1631 1699 2694 1791 deutend geringer, aber es war immerhin ein Erfolg.
1634 1748 2702 1836 11 Jahre nach der ersten Budapester Aufführung
1640 1819 2687 1882 folgte das Nationaltheater mit einer seichten unga¬
1638 1881 2702 1965 rischen Uebersetzung und das Drama fiel trotz Vilma
1639 1924 2690 2012 Medgyaßay durch — Grund genug dazu, daß
1636 1997 2693 2075 unsere Direktion es uns als Novität auftischte.
1634 2050 2687 2117 Schnitzler's „Liebelei“ ist ein spezifisches Wiener
1643 2107 2686 2166 Stück, dessen süßlicher Sentimentalismus bei uns
1637 2165 2687 2225 keinen Anklang findet. Das kleine Drama des Wiener!
1641 2218 2691 2302 „süßen Mädel's“, das mit einem Studenten eine
1642 2295 2682 2377 „Liebelei“ angebandelt hat und diese ernst nimmt, so
1640 2345 2703 2408 ernst, daß sie selbst in den Tod geht als sie erfährt,
1641 2408 2698 2456 daß er wegen einer Anderen im Duelle gefallen ist, daß
1632 2460 2691 2531 sie selbst ihm nichts anderes gewesen als ein flüchtiger
1635 2514 2697 2595 Tand — dieses Drama mag ja erschütternd sein, aber
1632 2587 2693 2649 es füllt keinen Theaterabend aus, es wirkt nicht auf
1639 2641 2694 2720 unfere an stärkere Emotionen gewöhnten Nerven. Die
1632 2698 2699 2774 Sprache Schnitzlers freilich wirkte selbst in der seichten
1642 2763 2699 2823 Verballhornung auf alle Feinschmecker; wir fanden da
1638 2826 2679 2888 Kern, Geist, kur; alle die Spuren des späteren Schnitzler.
1640 2877 2694 2952 Die Aufführung bot zwei durchwegs, einen theilweise
1640 2942 2701 2995 befriedigenden Moment. Frl. Hermine Haraßthy
1642 2998 2695 3056 hatte als Christine vollauf Gelegenheit, aus ihrer
1635 3056 2698 3109 eigenen Individualität heraus zu schöpfen und bot
1642 3120 2689 3196 deshalb eine treffliche, im Schlußakte geradezu er¬
1639 3182 2683 3260 schütternde Leistung. Und auch Ernst Czobor war
1636 3241 2688 3318 als flotter, ein wenig cynischer aber gutmüthiger
1635 3302 2692 3376 Wiener Student Dori Kaiser ganz am Platze und
1630 3359 2683 3430 kann diese Leistung getrost zu seinen besten rechnen.
1643 3400 2685 3481 Frl. Mariska Kiss spielte die Wiener Grisette Mizi
1639 3458 2699 3559 Schlager im ersten Akte mit einer Frische und Wärme,
1638 3535 2691 3605 mit wahren, herzensfreudigen Accenten, welche uns
1628 3593 2689 3683 fast vergessen ließen, daß sie in den weiteren Akten
1634 3645 2693 3705 ganz abflachte. Herr Desider Pärtos sollte den
1639 3705 2624 3771 Helden der Liebestragödie Fritz Lobheimer spielen -
1638 3771 2682 3838 was er bot, was aber steif, hölzern, gezwungen. Herr
1650 3828 2674 3897 Andreas Szeghö hat den Vater Christinens, den
1641 3896 2678 3957 alten Hans Weiring total verzeichnet; Weiring ist der
1635 3946 2678 4027 durch die Erfahrungen des Alters abgeklärte Philosoph
1646 4008 2671 4085 und Denker — Herr Szeghö hat einen gemüth¬
1651 4059 2690 4126 ichen, weinerlichen, schwachen Greis daraus gemacht.
