3484 4256
345 159 731 228 Liebelei
885 161 1341 243 box 13/8
323 211 751 265 —
986 1048 1381 1127 Telephon 12801.
1179 1200 1373 1293 un
838 1213 1113 1297 TE
232 1222 293 1294 2
298 1311 1373 1379 I. österr. behördl. konz. Unternehmen für Zeilungs¬
224 1290 296 1369 5
700 1351 968 1418 Ausschnitte
392 1400 1268 1471 Wien, I., Concordiaplatz 4.
651 1464 1022 1534 Vertretungen
291 1514 1379 1583 in Berlin, Budapest, Chicago, Christiania, Genf, Kopen¬
306 1566 1384 1625 hagen, London, Madrid, Mailand, Minneapolis, New Vork,
302 1616 1388 1667 Paris, Rom, San Francisce, Stockholm, St. Petersburg.
643 1649 1045 1702 (Quellenangabe ohne Gewähr.)
226 1710 737 1779 i Ausschnitt aus:
502 1746 919 1838 A. DEZ. 1908
634 1767 1441 1866 auustriertes Wiener Extrablat
293 1821 464 1907 vom:
986 1847 1156 1918 Wien
416 1946 1251 2052 Wiener Theatergeschichten.
745 2037 896 2096 XIV.
409 2072 1264 2167 Ein Besuch bei Artur Schnitzler.
443 2120 1337 2199 Gute Botschaft! Artur Schnitzler ist wieder
339 2162 1340 2246 an der Arbeit, um der deutschen Bühne eine Dich¬
339 2200 1347 2298 tung zu schenken. Nach einem Ausfluge in das Land
330 2259 1354 2337 des Romans ist er wieder zu seiner Liebe, zum
343 2287 1341 2372 Theater zurückgekehrt. Woher er den Stoff zu
341 2330 1363 2417 seinem neuen Schauspiele holte, darf ich ebenso
342 2371 1358 2459 wenig enthüllen, wie das Problem, das Schnitzler
343 2431 1358 2494 zu gestalten unternommen hat. Auch der Titel bleibt
341 2467 1356 2544 vorläufig Geheimnis. Da saß ich kürzlich mit
346 2510 1361 2593 dem Dichter in einem lauschigen Raume seiner Woh¬
357 2546 1351 2629 nung. Die Rede kam u. A. auf „Liebelei“
362 2589 1368 2666 die man zu Anfang des nächsten Jahres im
363 2623 1358 2708 Deutschen Volkstheater spielen wird. Mit
366 2669 1369 2753 Käthe Hannemann als Christel. Schnitzler hat eine
357 2711 1367 2787 sehr gute Meinung von dieser Künstlerin; obwohl
362 2774 1365 2844 sie aus dem Reiche stammt, glaubt er doch, sie werde
358 2790 1356 2896 die Figur der Wienerin lebenswahr verkörpern. „Denn“
394 2841 1371 2925 — also spricht der Dichter — „bei einer Schau¬
353 2879 1373 2965 spielerin entscheidet nicht die Aus¬
371 2931 1378 3023 sprache, sondern das Talent.“ Agnes
410 2965 1379 3056 Sorma, die in Berlin die Rolle der
373 3009 1381 3103 Christine kreirte, war ebenfalls keine Wienerin
380 3070 1383 3135 und wie echt, wie vollsaftig war sie als „süßzes
378 3097 1378 3186 Mädel“. Ebenso Adele Sanbrock, die erste Dar¬
378 3138 1388 3235 stellerin der Christine. — Von Mitterwurzer,
382 3182 1383 3269 der in „Liebelei“ eine Episode in den Vordergrund
372 3226 1392 3316 der Handlung schob, weiß Schnitzler eine bisher
382 3256 1392 3355 unbekannte Geschichte zu erzählen. Mitterwurzer
386 3308 1378 3396 drängte Schnitzler, er möge „Anatols Tod“
378 3347 1383 3442 schreiben, „weil ein solcher Kerl doch sterben muß“.
382 3405 1391 3482 Und Mitterwurzer schwebte vor, daß Anatol, wie
390 3439 1402 3522 Don Juan endigen müsse, bei einem Gastmahle,
395 3479 1406 3555 aus den Axmen berückender Weiber müßte ihn der
398 3548 687 3618 Teufel hasen
2635 1457 3033 1545 Telephon 12801.
2012 1631 2735 1721 MInTRRTTPLEH
1912 1679 1969 1733 2
1892 1711 3037 1776 O l. österr. behördl. konz. Unternehmen für Zeitungs-Ausschnitte
2057 1773 2931 1860 Wien, I., Concordiaplatz 4.
2281 1836 2702 1910 Vertretungen
1765 1835 1931 1948 —
1906 1885 3023 1940 O in Berlin, Budapest, Chicago, Christiania, Genf, Kopen¬
1890 1940 3019 1999 hagen, London, Madrid, Mailand, Minneapolis, New-Vork,
1996 1986 2992 2035 Paris, Rom, San Francisco, Stockholm, St. Petersburg.
1890 1992 1983 2031 0
2297 2021 2695 2076 (Quellenangabe ahns Gewähs.
1901 2060 2398 2140 = Ausschnitt aus:
2437 2146 2469 2173 .
2430 2090 3062 2198 Egyetértes, Budapest
1893 2139 1975 2186 933
2153 2116 2447 2225 5-061 1908
1874 2169 2120 2250 E vom:
2285 2214 2346 2281 1
1835 2212 2170 2297 Khrn Palilate
1944 2270 2871 2353 (*) Thälia. A Thäliäban holnap, szombaton
2023 2332 2881 2408 zler szinmüve, a „Hagyaték“ kerül sziure
1830 2357 2848 2439 mäsodször. Mohtesi jend egyfelvondsosdnak, a
1833 2415 2794 2490 „Hamu“-nak elörehirdetett elöadäsa szombatról
1837 2472 2856 2548 jöv5 hét csütörtökjére tolödott el, mert a „Hagyaték“
1845 2492 2845 2587 Velöadása egymagäban is teljesen kitölti az estét. □
2016 2539 2155 2597 A.
