3436 4256
282 225 671 302 Liebelei
259 233 1276 339 maa box 13//7
1814 1711 2974 1782 Ein wohltätiger Herzschlag, wohltätig für Milada und
515 1703 1740 1780 zugetan ist, ihr ganzes Zeben opfern? Ist das wahrschein.
524 1768 1732 1824 lich Milada soll die Verlobte Retlaffs verden oder bleiven,
151 1750 392 1854 kater.
1743 1765 2961 1844 für den Zuschauer, dem weitexe psychologische und and re
1746 1823 2986 1886 Sorgen erspart bleiben. Mit der Bühnenwirkung seines
524 1819 1727 1876 der, wie sie weiß, die Schwester ihres Jugendgeliebten zum
156 1832 455 1934 kanz Ulbrich. —
1736 1844 2914 1931 Versuches kann Herr Ulrich trotzdem zufrieden sein; ei
525 1870 1726 1925 Selbstmord getrieben? Nun. Milada rächt sich sozusagen
514 1913 1732 1976 an Retlaff: sie schenkt dem Dichter ihre volle Gunst, weigert
1734 1910 2934 1970 großer Lorbeerkranz und ein Beifall, der ihm gestattete, drei¬
515 1952 1732 2012 sich aber, seine Frau zu werden; sie würde ihm nur hinderlich
1740 1965 2955 2006 mal zu erscheinen, sind Lohn, der reichlich lohnet. Im Ernste:
171 1950 317 2036 errn D
382 1954 496 2040 franz
1736 2003 2954 2077 „Milada“ steht an Wert  Dichtung „Du gleichst dem Geist“
517 2018 1725 2070 sein auf der Bahn des Ruhmes, sie, die an einem schweren
242 2025 485 2083 pielzeit als
518 2051 907 2118 Herzleiden krankt.
1742 2047 2955 2109 sehr weit nach; letztere# auch später entstanden. — Ger
243 2065 495 2131 er Art Hoff¬
1746 2090 2953 2144 spielt wurde mit Lust und Liebe. Eine leidenschaftlich er¬
233 2110 500 2172 er in dem
597 2090 1728 2165 Da sitzt nun der Glückliche und Ahnungslose abends
1742 2132 2940 2196 regte und zärtliche, im Anzuge etwas überlavene Milada war
218 2148 527 2210 soll und mit
516 2152 1726 2209 nach seinem Erfolge im Restaurant und plaudert mit dem
1743 2177 2934 2240 Frl. Ella Hartmann; ein liebenswürdiger Poet Herr Dr.
182 2208 506 2260 taktigen Schau¬
519 2212 1731 2262 Leutnant darüber. Sein Freund, der junge Arzt Miladas,
1741 2230 2957 2296 Drach. Den gewissenlosen Retlaff spielte Herr Gerlach
219 2240 515 2302 Seite seiner
517 2257 1732 2308 kommt und beruhigt ihn zunächst über deren Befinden (sie
1739 2272 2837 2327 charakteristisch bestimmt. Herr Lehmann als Arzt
187 2286 244 2341 da
236 2292 282 2337 18
301 2281 516 2360 realistisch
516 2294 1727 2344 ist nach der Vorstellung in Ohnmacht gefallen); er überbringt
1741 2316 2952 2409 Herr Adami als Oberregisseur sind ganz blasse Lückenbüßer,
379 2335 502 2390 einz
510 2339 1722 2399 auch den seltsamen Wunsch der Künsilerin, der Dichter möge
1743 2364 2436 2443 der Leutnant taugt auch nicht viel.
368 2377 508 2436 r hat
519 2387 1503 2461 sofort abreisen, ohne nach Gründen zu forschen.
379 2415 500 2481 dem
606 2416 1726 2499 Milada kann ihm ja nicht sagen, daß der abwesende
1821 2436 2961 2522 Es folgte die hier gut bekannte „Liebelei“ von
295 2465 481 2524 erin der
509 2469 1727 2541 Retlaff plötzlich angekommen ist. Sie will den Geliebten
1736 2494 2956 2562 Schnitzler. Frl. Käte Busch entwickelte als Christine trotz
283 2497 500 2567 t ihr von
517 2538 1715 2594 vor einem Zusammentreffen mit Retlaff bewahren; sie weiß,
258 2546 504 2615 dichter vor
1731 2544 2962 2603 besserer Momente nicht die der Rolle notwendige Sentimen¬
515 2577 1720 2639 jener fahndet auf den Verführer seiner Schwester, um ihn
234 2600 344 2659 erisc
401 2597 472 2656 #
1738 2603 2948 2661 talität und Innigkeit. Daß Christine in den Tod läuft,
518 2623 1721 2680 zur Rechenschaft zu ziehen. Treffen sich beide, so muß einer
403 2646 505 2699 isse
1734 2641 2954 2706 glaubt man nach dem nicht genügend motivierenden Spiel im
517 2665 1727 2724 von ihnen fallen. Darum eilt sie, trotz ihrer hochgradigen
172 2678 498 2748 der Aufführung
1737 2698 2952 2754 Schlußakt nicht. Das echte Wiener süße Mädel“ mit all
520 2716 1713 2763 Herzbeschwerden, nach Mitternacht selbst noch in das Re¬
339 2732 504 2796 Leiden¬
1734 2715 2954 2783 seinem Leichtsinn und seiner Vergnügungssucht war da¬
511 2757 1714 2805 staurant, fleht ihren Bruder unter der schon besprochenen
1733 2780 2709 2839 gegen Frl. Gisa Dorn (Mizi). Die männlich
2730 2777 2957 2841 „goldene
526 2801 1726 2873 Enthüllung ihres Opfers für ihn an, eine Begegnung Lieds
1735 2822 2658 2877 Jugend“ Wiens in ihrer rücksichtslosen Selbs
2738 2817 2955 2877 t vertrat
511 2840 1724 2915 mit Retlaff zu verhindern, und hat auch den Geliebten durch
1735 2872 2714 2922 Herr Heinz Perino. Bei ihm trat der Cynis
2770 2867 2950 2928 s dieser
432 2873 1720 2958 r= f ihre Zärtlichkeiten schon zur Abreise bewogen. Da tritt
1739 2907 2945 2972 Gestalt mehr hervor, während früher Herr Widmann die
402 2943 1727 3000 äda Retlaff ein, den Lied übrigens dem Aeußern
1736 2949 2959 3012 blasierte Liebenswürdigkeit mehr betonte. Herr Lucas als
1329 2986 1713 3047 eine Unwahr¬
1203 2988 1343 3039 auch
405 2987 1115 3068 hon nach noch nicht kennt,
1743 2989 2968 3066 Fritz ließ es an Gefühl nicht mangeln; bei löblichem Be¬
390 3019 1722 3088 doch scheinlichkeit, wenn auch möglich. Retlaff ist seit
1727 3037 2950 3093 streben, den wirklichkeitstreuen Ton zu treffen, lief noch
510 3073 1712 3137 drei Tagen in der Stadt, die Eifersucht auf den
307 3080 512 3140 Bruber
1734 3087 2944 3134 mancherlei hohl Pathetisches mit unter. Ein wundervoller
510 3128 1713 3183 Dichter und ein verräterischer Brief Lieds an Milada hat
277 3123 445 3187 kannt
1724 3125 2957 3197 alter Papa und Musikus ist Herr Ebert eine überzeugende
513 3171 1724 3228 ihn bereits über deren Vergeben aufgeklärt. Er stellt nun
327 3170 511 3237 te. Den
1723 3173 2954 3216 alte Klatschbase voll neugieriger Teilnahme Frau Klinder.
512 3208 1725 3255 Lied zur Rede, Lied erfährt erst jetzt, daß Milada Braut
244 3216 364 3271 sich W
379 3216 506 3272 ilada
1735 3217 2945 3272 Herr Weiß stellte mit bestem Erfolge den gekränkten Ehe¬
196 3255 349 3313 dadurch
517 3254 1725 3321 ist, ein Duell ist unvermeidlich. Aber Retlaff ist, wie Milada
1726 3257 2053 3321 mann dar. —
2049 3266 2914 3318 Die „Liebelei“ ist jetzt auch als Oper zu
202 3272 501 3372 ehrloses Ver¬
510 3302 1722 3349 weiß, ein nie fehlender Schütze; als er sich jetzt zum Gehen
1741 3309 2959 3386 genießen; die lyrischen gefühlvollen Partien konnten einen
378 3347 493 3401 aber
185 3343 338 3401 ill uns
1732 3348 2763 3397 Komponisten wohl zu diesem Stoff verlocken###
515 3348 1718 3411 wendet mit den Worten: „Erwarten Sie morgen meine
382 3391 494 3451 Opfer
512 3392 1710 3459 Sekundanten!“, da verliert Milada jede Ueberlegung und
1820 3373 2948 3459 Es scheint übrigens, als würde zu viel Abwechslung im
362 3438 512 3493 ß der
171 3436 268 3490 finde
506 3435 1714 3501 verrät selber, was sie doch verschwiegen wis¬
1739 3441 2947 3482 Spielplan geboten. Die Vertiefung und Ausgestaltung leidet
172 3483 317 3542 twissen
380 3483 504 3546 klaffs
516 3469 1721 3537 sen wollte: „Laß ihn nicht gehen, Heinz! Er hat Deine
1729 3477 2947 3528 darunter. Warum wird nicht lieber manches Gute wieder¬
514 3524 1719 3576 Schwester in den Tod getrieben; es ist Retlaff, der
168 3527 506 3589 hig erträgt, und
1725 3527 2952 3591 holt? Der „Dornenweg“, in dem Frau Rieger=Mark
170 3573 504 3638 Gnade der Ver¬
506 3571 1716 3624 Verführer Deiner Schwester!“ Sofort stürzt sich Lied auf
1727 3572 2945 3642 die Mutter so erschütternd spielte, ist bisher nicht wiederholt
180 3609 502 3676 so minderwer¬
504 3615 1726 3671 den Feind, Milada wirft sich zwischen beide; ein Herzschlag
1730 3622 2955 3697 worden. Auch Apels Traumstück könnte gut noch eine Wie¬
169 3666 2183 3716 in Milada, die tötet sie. Während sich die Gegner um die Tote bemühen, derholung vertragen.
174 3705 939 3792 Jugendfreunde fällt der Vorhang.
2385 3696 2970 3812 Dr. Richard Lamel.
