3436 4192
372 156 749 228 Liebelei
827 146 1322 248 box 12/4
192 162 787 264 6. Sn
723 933 1219 994 (Quellenangabe onne Gewam.)
554 942 1417 1077 Aunstrirte Kronen-Zeitung, Wien
420 1015 847 1090 Ausschnitt aus:
801 1063 1090 1173 saonr#er
431 1121 575 1180 vom:
354 1172 841 1262 S eneeene
528 1245 1339 1368 Theater und Kunst.
468 1345 1514 1424 (Volb##=#en) Franz Neumanns Oper
385 1406 1511 1460 „Liebelei, die, wie schon berichtet, vorgestern in der
374 1425 1511 1499 Volksoper einen sehr netten Achtungserfolg errang, versucht,
375 1479 1509 1539 das Schuitzlariche—Meisterstück in der bestehenden Fassung
368 1515 1511 1576 durchzukomponeren, eigentlich eine Musikwidrigkeit, die nie¬
367 1556 1521 1598 mals gelingen konnte. Aber das technische Geschick Neumanns
371 1606 1516 1656 und die starke Wirkung des Sujets kommen dem Komponisiem
379 1642 1514 1701 zu Hilfe, der freilich oft die Untermalungen mit einem zu
365 1669 1508 1719 kühnen und schwerfälligen Orchesterapparat unternimmt. Die¬
370 1708 1521 1761 Darstellung nahm auch Vieles zu schwer. Fräulein Engel
369 1757 1502 1802 (Christine) schwelgte in großen Wagnerposen, Fräulein
369 1793 1498 1833 Röder gibt der Mizzi Schlager so gar keine wienerische
365 1824 1501 1890 Färbung. Famos Herr Brandt; Herr Lußmann leider
370 1879 1510 1926 viel zu sehr Operntenor, der auf schmetternde Wirkungen
356 1921 1502 1967 pausgeht. Aller Anerkennung wert Herr Bandler, Fräulein
352 1942 1507 2004 1 Macha, Herr Klein. Sehr hübsch die Inszenierung, außer¬
365 1993 1503 2029 ordentlich Kapellmeister Tittel, der wahre Wunder voll¬
353 2024 1504 2084 bringt. Der Komponist wurde oft gerufen. Zum Schlusse
364 2076 1512 2142 zeigte sich unter lebhafter Zustimmung auch Artur
346 2101 638 2161 Schnitzler.
1268 2121 1316 2221 900
662 2383 1472 2483 euelanburger“freindenblatt
380 2480 788 2557 Ausschnitt aus:
886 2520 1113 2603 160K 119
380 2610 537 2656 vom:
502 2642 1407 2744 Neumanns „Liebelei“=Oper in Wien.
908 2706 1391 2767 Oktober, telegraphiert
435 2716 794 2778 Aus Wien,
425 2747 1389 2818 uns unser L. K.=Korrespondent: Die in
438 2791 1394 2850 mehreren deutschen Städten aufgeführte Oper
439 2822 1388 2887 „Liebelei“ von dem Frankfurter Kapellmeister
437 2869 1400 2920 Franz Neumann wurde heutein der Bodk.s¬
436 2902 1395 2964 o#p#restmalig gegeben. Bei dem Umstakde,
441 2936 1396 3004 daß Artur Schnitzler in Wien lebt brachte man
443 2976 1389 3050 dem Werke von vornherein ein starkes Interesse
449 3014 1390 3076 entgegen. Darüber, daß des Wiener Dichters
445 3051 1394 3114 Meisterstück ohne jede Aenderung komponiert
448 3105 1398 3167 wurde, ist schon so viel Tinte verschrieben wor¬
441 3133 1398 3205 den, daß ich mir weiterer Bemerlungen füglich
447 3172 1391 3243 enthalten kann. So beschränke ich mich auf die
445 3194 1402 3269 Feststellung, daß die Oper bei glänzender Dar¬
449 3244 1413 3308 stellung sehr gefallen hat. Neumann erschien oft¬
434 3291 1372 3385 vor der Rampe, zum Schlusse auch Schnißler.
2008 224 2450 292 Ausschnitt aus:
2546 230 3068 382 Raktelt.-Vehtiuh van
2279 296 2568 366 16 10 1913
2010 319 2170 379 vom:
1932 453 2965 573 Theater, Kunst und Musik.
2400 542 2913 632 Wien, 15. Oktober 1913.
1961 609 2956 687 Volksoper. Der Frankfurter Kapellmeister Franz
1930 663 2965 717 Neumann wollte eine Oper komponieren. Er griff auf
1938 709 2958 774 die Bücherstelle, wo ihm Schnitzlers „Liebelei“ in
1924 756 2965 832 die Hand kam, und flugs komponierte Herr Neumann
1939 806 2970 877 das Buch mit Ausnahme des Titelblattes vom Anfang
1934 867 2962 917 bis zum Ende durch. Ein Unterfangen, das ebenso von
1928 911 2970 975 Kühnheit als von der Ueberzeugung des eigenen Könnens
1939 951 2974 1023 spricht. Ist es nicht ein Wagnis, ein für Opernzwecke nicht
1942 1011 2970 1065 eingerichtetes Buch, das in gewöhnlicher Prosa geschrieben ist
1932 1053 2976 1113 und im Dialog von Alltäglichkeiten wimmelt, in Musik setzen
1935 1103 2966 1158 zu wollen? Welches Können gehört dazu, drei Akte durchwegs
1937 1148 2968 1206 mit Parlandi auszufüllen, ohne den Hörer zu langweilen?
1926 1203 2977 1269 Der Komponist der „Liebelei“ vermochte nicht über alle
1939 1244 2970 1314 Klippen, die sich ihm in dem Schnitzlerschen Drama boten,
1938 1307 2966 1357 glatt hinwegzukommen, aber sein starkes Talent hat ihm
1929 1348 2971 1406 über manche Fährlichkeiten hinweggeholfen, an welchen
1939 1386 2980 1451 ein minder starkes Können gescheitert wäre. Die Musik zu
1935 1446 2974 1515 einem solchen Text kann lediglich illustrativ sein und
1931 1490 2969 1565 muß sich begnügen, das Wort zu untermalen. Schöne
1940 1555 2974 1606 Arien und Chöre, in denen der Komponist besonders
1932 1591 2979 1652 wirken könnte, gibt es hier nicht. Es wird einfach
1927 1632 2978 1708 das, was bei den Prosaaufführungen der „Liebelei“
1929 1687 2840 1758 gesprochen wird, rezitativ gesungen. Der Ko
1932 1738 2973 1789 der über eine starke Erfindungsgabe verfügt, wird
1931 1788 2985 1846 trotz des Fehlens eines geschlessenen Textes zuweilen arios
1938 1835 2972 1887 und versteht es, die jeweilige Stimmung sehr hübsch
1941 1892 2976 1944 musikalisch zu illustrieren. Zuweilen schießt er übers Ziel
1940 1931 2984 1991 und kleidet ganz banale Dinge in breite Kantilenen, wie
1937 1981 2982 2042 z. B. die Stelle „Ich möchte gern so hoch wohnen“ wenn
1928 2025 2988 2098 Fritz aus dem Fenster über die Dächer schaut. Sehr gut
1933 2081 2975 2136 hält der Komponist die einzelnen Figuren seiner Oper
1939 2131 2981 2188 auseinander. Der Leichtsinn Mizzis, die schwermütige
1934 2188 2984 2242 Sentimentalität Christinens, die Lustigkeit Theodors, wie die
1944 2228 2983 2289 ahnungsvolle Schwermut Fritzens finden ihren charakteristischen
1935 2275 2980 2337 Ausdruck. Für die Lustigkeit des Soupers mit den „süßen
1934 2323 2981 2388 Mädeln“ findet Neumann humoristische Töne, ebenso wie
1932 2383 2976 2434 er die Tratschsucht der Strumpfwirkersgattin trefflich
1944 2420 2976 2478 charakterisiert. Am besten gelingen dem Komponisten die
1932 2465 2975 2525 lyrischen Stellen, wenn er auch sehr charakteristische Unheil¬
1939 2503 2986 2576 motive zu erfinden wußte. Sehr schön ist das große Vor¬
1945 2565 2978 2619 spiel zum dritten Akt: die Schilderung des tragischen
1947 2615 2977 2660 Ausgangs. Es wäre wünschenswert gewesen, wenn dieses
1946 2667 2980 2730 Vorspiel gleich in den dritten Akt hinübergeleitet hätte;
1934 2718 2974 2775 man würde dann nicht durch das Beifallklatschen der
1938 2757 2983 2815 Zuhörer aus der Stimmung gerissen. Daß Neumann
1942 2804 2985 2877 in seinen musikalischen Anschauungen auf modernem
1932 2860 2977 2920 Boden steht, zeigt ja schon die Art, wie er sich sein
1943 2910 2976 2974 Opernbuch beschaffte. Doch ist er nur modern in
1934 2966 2969 3019 der Technik, sonst aber Melodiker durch und durch,
1945 3006 2968 3066 der selbst die kleinste Phrase wohlklingend gestaltet.
1930 3053 2975 3118 Das Publikum nahm die Novität überaus freundlich auf
1944 3110 2982 3148 und ließ sich ebenso von der Dramatik der Handlung, wie
1932 3154 2977 3205 von der fein illustrierenden Musik gefangen nehmen. Den
1939 3205 2981 3254 Hauptanteil an dem großen Erfolg der Oper, die schon
1939 3255 2977 3311 an dreiundzwanzig deutschen Bühnen zur Aufführung kam,
1943 3302 2980 3361 hat aber die ausgezeichnete Darstellung. Fräulein Engel
1945 3349 2979 3412 ist eine vortreffliche Darstellerin der rührenden Gestalt der
1939 3399 2976 3459 Christine. Sie spielt und singt die Partie ergreifend. Als
1933 3457 2980 3505 Gegenstück offenbart Fräulein Roeder als lustiges
1943 3493 2969 3547 Modistenmädel ein artiges Soubrettentalent. Herr Luß¬
1942 3533 2970 3612 mann leiht dem unglücklichen Fritz den strahlenden
1932 3596 2969 3649 Glanz seines Tenores und findet sich prächtig in
1943 3644 2969 3696 die Lyrik des dem Tod entgegengehenden Liebhabers,
1942 3687 2961 3738 während Herr Brand als sorglos=lustiger Lebemann
1943 3745 2978 3803 Theodor einen liebenswürdigen Humor entwickelt.
1929 3788 2967 3840 Herr Klein spielt den für seine verletzte Gattenehre
1931 3834 2971 3894 Genugtuung heischenden Ehemann mit vornehmer Würde
1939 3886 2970 3947 und Herr Bandler macht aus dem alten Geiger eine
1931 3936 2969 3992 rührende Gestalt. Sehr gut ist auch Frl. Macha in der
1931 3974 2968 4025 Rolle der tratschsüchtigen Nachbarin. Während Herr
1930 4025 2970 4076 Markowsky für eine stimmungsvolle Inszenierung der
1933 4080 2976 4140 Oper sorgte, hat sich Kapellmeister Tittel mit Hingebung
