3436 4224
309 195 718 274 Liebelei
857 195 1293 280 box 12/7
544 1177 1262 1328 Klose & Seidel
594 1296 1209 1392 Bureau für Zeitungsausschnitte
535 1344 1253 1457 Se in NO. 43, Georgenkichplatz 21
494 1509 1238 1636 Zeitung: Berliner Börsen-Zeitung
492 1570 632 1652 Ort:
825 1609 1000 1678 Berlin
500 1649 1235 1770 Datumt  i. —.
404 1952 1412 2029 —Franz Neumanns „Liebelei“ in der Volks¬
315 2003 1412 2056 bühne. Wollte Franz Neumann, als er das bekannte
321 2045 1406 2099 Scnitzlersche Schauspiel von A bis Z, Wort für Wort, ohne
317 2077 1405 2133 jede Auslässung unter Noten setzte, nun den Beweis dafür
329 2136 1411 2182 antreten, daß das Musikdrama, aus einem historischen Irrtum
330 2159 1404 2212 entstanden, von jeher kunstprinzipiell ein Unding war? Jeden¬
327 2208 1412 2250 falls konnte er nicht besser geführt werden, als durch das
327 2230 1418 2294 seltsame Experiment, ein naturalistisches Sprech= und zum
330 2266 1405 2336 großen Teil sogar Dialektdrama ohne jede Bearbeitung als
324 2314 1406 2369 Operntext zu nehmen. Es war bei einem solchen Versuch
335 2348 1419 2403 von vornherein selbstverständlich, daß sowohl das Wort
327 2388 1410 2450 leiden mußte, das seinem eigentlichen Wesen nach gar
329 2428 1407 2484 zur Geltung kommen kann, als die Musik, die denn auch
327 2466 1407 2519 über abgerissene rezitatorische Phrasen und melodramatisch
331 2506 1411 2558 malende Orchesterbegleitung kaum irgendwo hinauskommt.
331 2543 1406 2602 Das schon 1911 unter Gregor aufgeführte Werk fand auch
330 2601 1414 2632 diesmal eine verblüffend gute Darstellung. Haus Heinz
330 2631 1423 2675 Bollmann war spielerisch, gesanglich und aussprachlich ein
323 2660 1422 2717 glänzender Fritz. Desider Zador exzellierte ebenfalls nach
326 2699 1421 2751 diesen drei Richtungen als sein Freund Theodor, und Hell¬
332 2744 1420 2790 muth Berndsen rührte die Herzen als alter Hans Weie¬
337 2800 1426 2833 ring, Violinspieler am Josefstädter Theater. Von den Damen
335 2828 1423 2870 war am meisten Friedel Schwarz als leichtsinnige Mizzi
337 2850 1422 2918 am Platz, während die Christine Margarete Schlemüllers
324 2901 1424 2953 erst im letzten Akt voll überzeugte. Die musikalische Leitung
334 2946 1431 2987 war bei Eugen Gottlieb in guten Händen. Das
335 2968 1179 3035 Orchester genügte allen berechtigten Ansprüchen.
1253 2991 1391 3063 B.
1738 896 2422 1031 (lose & Seidel
1768 1013 2364 1079 Bureau für Zeitungsausschnitte
1700 1080 2418 1147 Berlin NO. 43, Georgenkirchplatz 21
1682 1233 1908 1319 Zeitung:
1683 1299 1829 1380 Ort:
1681 1373 1930 1447 Datum: —
1822 1615 2519 1710 Berliner Theaterbrief
1644 1699 2747 1752 Die Sommeroper, deren künsilerischer Leiter Maximilian
1589 1731 2746 1799 Motis ist, während Heinrich Neft die Geschäfte des Direktors
1587 1786 2753 1837 führt ist jetzt vom Wallnertheater in die Volksbühne über¬
1584 1802 2743 1875 gesledelt. Zum dritten Male spielt man jetzt dort Opern unter
1576 1851 2740 1899 derselben Leitung und unter Zuziehung des Blüthner¬
1587 1891 2744 1947 Orchesters. Wieder wirkt dort auch mit bestem Erfolg der sehr
1593 1925 2741 1991 tatkräftige, feinmusikalische Kapellmeister Eugen Gottlieb.
1661 1993 2749 2039 Hervorgeholt wurde des Deutschmähren Franz Neu¬
1590 2014 2751 2075 mann (geb. 1874) Oper Liebelei, die vor mehr als zehn
1585 2055 2744 2128 Jhren hier erfolgreich in Hans Gregors Komischer Oper auf¬
1580 2093 2744 2149 geführt worden ist, nachdem sie die Feuerprobe in Frankfurt
1591 2151 2759 2197 a. M., dem damaligen Wirkungsorte des Tonsetzers, sowie in
1587 2185 2250 2247 Köln und Leipzig bestanden hatte.
1663 2217 2677 2281 Mit ganz geringen Auslassungen ist Arthur Schnl
1586 2261 2761 2321 lers längst bühnenerprobtes, sehr wirkungsvolles gleichnami¬
1601 2300 2748 2362 ges Drama auf Wunsch des Dichters von Neümann wörtlich
1587 2320 2764 2390 komponiert worden. So sehr die Musik den hochtragischen
1595 2379 2756 2441 dritten Akt unterstützt, auch dem zweiten zugute kommt, so
1592 2414 2752 2485 lähmt sie doch vielfach die reinen Konversationsszenen des
1588 2453 2758 2516 ersten Aktes; überhaupt herrscht der Sprechgesang gar zu sehr
1591 2492 2769 2570 vor, liegt der musikalische Schwerpunkt gar zu sehr im Or¬
1598 2548 2763 2609 chester. Wenn aber Neumann auch stark von Puccini beeinflußt
1596 2572 2766 2627 erscheint, so fesselt sein Werk doch sehr, langweilt jedenfalls
1602 2610 2768 2680 nicht. Er hat manchen schönen Einfall, beherrscht das Orchester
1594 2655 2760 2722 prachwvoll, charakterisiert die Personen sehr glücklich und trifft
1604 2687 2758 2765 die Stimmung vortrefflich. In dieser Hinsicht ist der Gegensatz
1593 2729 2765 2795 zwischen der lustigen und lebendigen Souperszene und dem
1604 2762 2765 2834 dumpfen, schwülen, die Katastrophe ahnen lassenden Auftreten
1604 2813 2306 2868 des fremden Herrn äußerst gelungen.
1682 2837 2771 2922 Die erheblichen Schwierigkeiten des Werkes wurden im
1605 2893 2763 2952 wesentlichen glücklich überwunden. Vor allem wurde sehr gut
1601 2929 2774 3004 gespielt. Hervorragend besonders in der Schlußszene war die
1608 2977 2770 3041 hochmusikalische Margarete Schlemüller als Christine,
1603 3027 2452 3078 ausgezeichnet Desider Zador als Theodor.
1725 3107 2815 3224 Diese Aufführung wird sichetlich das allgemeine Interesse
1667 3147 2831 3265 auf das mit Unrecht etwas ins Hintertreffen geratene Werr
2391 3201 2753 3274 Prof. Dr. Au.
2634 3259 2749 3315 re
1666 3240 2098 3323 wieder gelenkt haben.
