3484 4256
300 163 684 241 Liebelei
152 166 692 277 5 S
827 138 1273 236 box 13/3
1422 799 1638 865 1. Oesterr.
1410 843 1763 895 behördl. konz.
1010 681 1371 897 OBSERVEI
1020 880 1766 931 Büro für Zeltungsnachrichten
1039 911 1768 993 WIEN I, WOLLZEILE 11
1731 1056 1817 1133 en
899 1043 1045 1145 213
1187 1050 1680 1154 Ur Allgemeine Zeituns
1672 1110 1755 1174 5
1429 1124 1606 1196 EU
1234 1116 1407 1208 24
701 1210 2378 1399 Anna Kallina, die Schlager=Mizzi der
782 1433 2302 1537 Mkbeieturauffügsung, ezahn!
704 1513 2439 1575 Noch lebendig steht in der Erinnerung der Bühne gezeigt wurden. Dennoch malte Schnitz¬
1548 1568 2439 1621 ler plastisch, lebendig die Wiener Atmesphäre,
636 1567 1535 1622 älteren Generation die erste Aufführung von
1540 1607 2434 1672 deren Hauch man heute noch spürt, wo schon
635 1622 1530 1665 Schnitzlers „Liebelei“, die jetzt eine Re¬
1552 1650 2437 1705 — unglaublich für viele — „Liebelei“ zu einem
633 1645 1528 1697 naissance erlebt, auf der Bühne (durch die
1538 1691 2444 1749 Zeitstück geworden ist, wo es im Kostüm ge¬
631 1686 1537 1743 Glanzaufführung der Josefstadt mit
1544 1719 2447 1790 spielt wird: „Liebelei“, das modernste vom
638 1744 1525 1795 Paula Wesselys erschütterndr Christine)
1549 1781 1779 1847 Modernen.
639 1784 1530 1847 und im Film. Es sind an die vierzig Jahre
644 1827 1535 1879 her, seit unter allen Anzeichen eines großen
1615 1805 2451 1880 Es muß daran erinnert werden, daß
644 1871 1524 1929 Ereignisses, einer Sensation, die Urauf¬
1542 1873 2461 1927 Adele Sandrock, heute eine der reizvollsten
639 1914 1536 1969 führung am 9. Oktobr 1895 in Szene ging.
1539 1910 2441 1973 alten Damen des Theaters, die Christine
630 1958 1525 2009 Der Theaterzettel, heute wertvolles Dokument
1538 1958 2446 2020 spielte. (Heute Paula Wessely!) Anna Kal¬
641 1993 1528 2047 der Theatergeschichte, zeigt Namen, die in¬
1550 1996 2450 2053 lina selbst spielte die leichtlebig=leichtfertige
639 2036 1538 2102 zwischen unauslöschlich in ihre Annalen ge¬
1552 2043 2447 2096 Schlager=Mizzi, das damalige „Mädl von
638 2082 1532 2141 schrieb.n sind: Sonnenthal und Mitter¬
1554 2090 2449 2147 heute“. Kutschera war ein elegant=melan¬
633 2120 1524 2192 wurzer. Aber auch Namen, deren Träter sich
1550 2109 2446 2184 cholischer Fritz, Karl Zeska ein heiter¬
629 2175 1539 2223 nech stramm unter den Lebenden befinden:
1544 2175 2433 2225 wienerischer Theodor. Sonnenthal spielte
633 2218 1533 2275 Adele Sandrock, Frau Kallina, Karl von
1555 2208 2448 2271 den alten Weyring, dem heute Hugo Thimig
642 2261 1541 2319 Zeska. Und erst vor wenigen Wochen hat man
1550 2251 2450 2313 seine Kunst leiht, und der im Film von
640 2305 1432 2355 Viktor Kutschera zu Grabe getragen.
1551 2297 2401 2369 Paul Hörbiger dargestellt wird.
668 2340 1506 2425 Frau Kallina, die „Schlager=Mizzi“ der
1611 2358 2459 2412 Es entbehrt nicht eines gewissen Reizes,
953 2396 1232 2458 Urpremiere,
1541 2387 2447 2456 Vergleiche zu ziehen zwischen heute und da¬
1554 2429 2462 2497 mals und die Künstler und Künstlerinnen ein¬
644 2416 1480 2509 erzählt heute wehmütig von dem Ereignis:
1551 2484 2459 2534 ander gegenüberzustellen, die in den neun¬
718 2475 1530 2535 „Jawohl“, sagt sie, „es war ein großes
1549 2520 2448 2587 ziger Jahren die Rollen spielten, die jetzt von
643 2528 1536 2586 Ereignis. Und obwohl inzwischen viel Zeit
1543 2566 2446 2623 ihren geistigen Enkelkindern dargestellt werden.
633 2578 1530 2632 verstrichen ist, neue Eindrücke die Erinnerung
1551 2613 2448 2668 Da ist Luise Ullrich, die im Film Frau
634 2613 1540 2681 verwischt haben, so bleibt es doch unver¬
1550 2648 2446 2709 Kallinas Schlager=Mizzi gibt, und
641 2650 1530 2720 geßlich. Es waren ver allem die herr¬
644 2700 1535 2756 lichen: schauspielerischen Leistun¬
1559 2697 2450 2751 Magda Schneider, die das Filmerbe der
638 2743 1540 2803 gen Sonnenthals und Mitterwur¬
1547 2738 2403 2787 Sandrock als Christine angetreten hat. —
634 2780 1540 2842 zers, die auf uns Mitspielern starken Ein¬
1615 2772 2453 2854 Das Burgtheater war bis jetzt im Besitz
638 2834 1537 2892 druck machten. Die paar Worte, die Mitter¬
1547 2834 2451 2890 des Aufführungsrechtes der „Liebelei“. Gegen¬
633 2868 1537 2935 wurzer als „fremder Herr“ zu sagen hatte,
1549 2877 2454 2935 wärtig hat die Josefstadt das Werk vertraglich
631 2915 1529 2971 waren erschütternd und prachtvoll, seine Auf¬
1559 2926 2144 2989 für zwei Jahre übernommen.
632 2956 1536 3011 fassung von der Rolle, in die man bei den
1621 2953 2450 3034 Die letzte Burgtheaterbesetzung war: Chri¬
640 2993 1534 3060 Proben starke Zweisel bezüglich ihrer Wirk¬
1545 3015 2447 3070 stine — Mayen, Schlager=Mizzi — Kra¬
645 3037 1538 3099 samkeit gesetzt hatte, erwies sich als richtig. In
1555 3072 2442 3128 mer, Fritz — Emmerich Reimers, Theodor
632 3088 1489 3139 ein paar Sätzen eroberte er das Publikum.
2097 3102 2448 3177 Treßler, der
1630 3103 2103 3170 Huber, Weyring —
715 3132 1540 3180 Ich selbst kann es heute wohl ruhig sagen:
1555 3147 2106 3213 fremde Herr — Höbling.
632 3170 1536 3237 ich hatte einen Separaterfolg. Zum Ausdruck
1620 3193 2451 3257 Wenn damals in den neunziger Jahren
643 3210 1549 3267 kam er durch eine ungemein herzliche
1546 3240 2452 3309 Wien erstaunt sein Ebenbild in Schnitzlers
642 3257 1546 3308 Widmung, die mir Schnitzler da¬
1556 3282 2447 3343 Stück, seine Menschen in dessen Figuren er¬
634 3303 1472 3359 mals in das Rollenbuch schrieb.“
1544 3329 2448 3389 blicken konnte, so freut man sich heute, einen
715 3354 1542 3393 Im Gespräch ersteht wieder die Zeit. in der
1555 3372 2446 3436 Blick in die Vergangenheit zu tun, die auf der
635 3380 1534 3446 die „Liebel.i“ das Licht der Oeffentlichkeit er¬
1544 3418 2446 3487 Bühne und auf der Filmleinwand lebendig
645 3422 1546 3467 blickte. Es war damals keineswegs selbstver¬
2276 3457 2429 3518 w. f.
1536 3448 1942 3528 wiedererstanden ist.
636 3468 1544 3538 ständlich, daß derart „lockere Dinge“ auf der
