3436 4256
968 85 1980 158 nbecen een Brete 1
962 132 1980 200 Coburg erscheinenden „Sprechsaal“ angestellten Ermittelungen
1986 151 2920 212 Worte nicht verstand. Am besten war er im zweiten
960 180 1974 235 von 1887 bis zur Vormesse d. J. beinahe verdoppelt habe,
1981 187 2950 242 wo ihn im Angesicht des Todes die Rührung übernein
965 221 1962 275 indem die Zahl der ausgestellten Musterläger in dem an¬
1976 232 2955 285 Frau Franck hat das mederne Greichen, Christine W
964 261 1979 319 gegebenen Zeitraum von 300 auf 520 gestiegen sei, man
1986 266 2947 319 ring, Im allen Phasen ihres Dornenweges vom E
950 288 1975 349 wohl die Annahme aussprechen dürfe, daß die von der Stadt
1974 307 2981 362 zücken des ersten Russes bis zur Selbstverleuggun,
943 343 2993 384 Leipzig für die Hebung ihrer Messen gebrachten Opfer nichtlsebenswahr vorgeführt. Ein Gegenstück rührender Herzlich¬
951 380 1599 435 vergeblich aufgewendet worden seien.
1962 381 2994 429 keit war ihr Vater, der Violinspieler Hans Weiring des
1975 414 3000 482 Herrn Körner, der Töne anschlug, die einen Stein er¬
1976 462 2993 512 weichen müßten. Herr Täger bewies mit den paar
991 473 1956 546 Sachsen und angrenzende Staaten.
1965 500 2990 560 Worten des beleidigten Ehemannes, was ein guter Schau¬
1988 536 2988 591 spieler aus einer Spisode zu machen vermag. Frl. Lauser¬
1017 526 1971 594 s Dresden. Der 9. Verbandstag der sächsischen
1985 569 3000 633 bach war die unretouchirte Photographie der geschwätzigen
949 584 1974 629 [Innungsverbände wurde am Montag in Gegenwart
970 621 1970 672 von Vertretern der Staatsregierung, der städtischen Behörde
1978 619 2987 666 Nachbarin, deren nie rastende Zunge überall Unheil an¬
967 656 1974 715 und der Handelskammer abgehalten. Von den 282 In¬
1986 657 2993 705 richtet. Herr Oberregisseur Grünberger sorgte sür
1978 694 2980 748 stimmungsvolle Umrahmung des bürgerlichen Trauerspiels
947 686 1967 741 nungen waren 124 Vertreter für etwa 200 Jnnuingen er¬
1978 734 2990 785 und die Zuschauer, d. h. die Wenigen, die die gähnende
957 736 1977 790 schienen. Nach längerer Besprechung über die Gründung
1972 770 2984 820 Leere belebten, hielten die große Anstrengung der Scha#¬
944 776 1982 813 landwirthschaftlicher und gewerblicher eingetragener Ge¬
1983 810 2679 879 spieler durch stürmischen Beifall schadlvs.
965 810 1977 864 lnossenschaften wurde ein Antrag genehmigt wonach eine
2583 830 2986 923 Mar Trau
958 851 1981 913 Kommission zu wählen ist, die das Interesse für gewerb¬
955 882 1980 943 liche Genossenschaften in Handwerkerkreisen fördern und
2001 905 2895 971 C Erstes Stiftungsfest der Gesellschaft####
957 928 1939 985 hierdurch für deren Errichtung Propaga machen soll.
1982 959 2865 1032 im Stadtgarten. „Der Lumpenkönig“ Ges##
987 979 1979 1034 #s Aus dem Müglitzthale. Am Sonntag unternahm
1978 990 2825 1051 in 4 Aufzügen von Georg Zimmermann die vor
927 1023 1977 1070 sein Dresdner Verein ene Omnibusparthie nach dem Geising.
1988 1034 2785 1092 im Carolatheater mehrere gut besuchte Wirderho
944 1058 1974 1109 Munter und vergnügt ging die Hinfahrt durchs Müglitzthal,
1985 1085 2756 1120 zielte, hat auch an Sonnt## im Stadtaarten
943 1106 1979 1145 jebeuso die Rückfahrt bis nach Häfelich bei Weesenstein. Du
1983 1112 2760 1163 Schuldigkeit gethn, denr die Zuschauer süßen
940 1134 1980 1192 lkam auf noch unaufgeklärte Weise der Vorsitzende des
1969 1162 2764 1215 Heringstonne zuse mmengepfercht. Herr Gustal
954 1161 1969 1220 Vereins unter die Räder eines Ommbus und wurde der¬
946 1200 2775 1260 artig verletzt, daß er nach ½ Stunde verschied. Er istshat das Stück nach Kräften herausgebracht. Er
1952 1234 2815 1294 den Schneidergesellen Reblich, gab sich auch redln
953 1251 1414 1301 Vater mehrerer Kinder.
993 1278 2868 1329 s Halle. Auf Grube „Marie“ bei Deuben verunglücktes damit und sang sein Couplet anständ.g. Des##
939 1336 2969 1371 lam Sonnabend der 25 Jahre alte Grubenschmied Otto Wilhelm und Sophie Klinkert, Carl Heppner und B###
1968 1348 2980 1401 Storch, sah jugendlicher geschminkt als dessen Tochter Leuist.
954 1366 1969 1416 [Breitrück aus Wildschütz; er mußte sofort nach dem hie¬
1974 1390 2984 1440 Elisabeth Bergmann, aus, Herr Arthur Flemmig hat sie
939 1385 1979 1461 sigen Knappschaftsk inkenhaus „Bergmannstrost“ überführt
954 1430 2989 1492 werden. — Daselbs wurden auch der 26 Jahre alte Gruben=mit dem Tapezierer Ferdinand Fröhlichs besser obge¬
960 1460 2989 1526 arbeiter Franz Wenda aus Oberröblingen und der 60jährigesunden als Herr Arthur Schlegei mit dem Frieorich
963 1510 2990 1566 Schweelereiarbeiter Franz Grunert aus Groitzschen auf= von Korden. Unbedingtes Lob müssen wir Frle Louise
958 1565 2982 1601 genommen. Ersterer hatte sich auf Grube „Adolf“ bei Hartmann für die schneidige Verrörperung des Dienst¬
1957 1573 2980 1642 mädchens Auguste Niedlich zollen. Frl. Martha Brenne
947 1596 1970 1651 Oberröblingen einen Armbruch zugezogen, letzterer gerieth
1953 1623 2998 1671 hätte mit dem Lehrjungen Emil denselben Erfolg erzielen
956 1627 1963 1687 mit beiben Beinen in glühenden Koks, wobei er schwere
1972 1650 2984 1705 können, wenn sie sicherer in der Rolle gewesen wers Herr
948 1666 1960 1731 Brandwunden erlitt. — In dem Nachbarorte Ostrau wurde
1968 1701 2968 1764 Gustav Kämmerer hat den Commissionär Schnell gut auf¬
961 1719 1958 1772 am Sonnabend der 14 Jahre alte Sohn des Maurers
1968 1734 2856 1794 gefaßt und trug mit den Sangesbrüdern Mehnert,
959 1756 1968 1804 [Dießner, als er aus der Hausthür trat, am rechten
1965 1782 2833 1828 Kaska und Dittrich zum drastischen Abschluß des
957 1797 1961 1845 Auge erheblich durch einen Armbrustbolzen verletzt, den ein
1968 1812 2894 1866 Aktes wesentlich bei. Das Publikum wurde nicht müd
962 1818 1954 1877 jüngerer Bruder, ohne das Heraustreten des Bruders zu
1973 1858 2962 1919 applaudiren. Wenn mehrere Personen auf der ##
952 1876 1957 1930 lbemerken, abgeschossen hatte. Der verletzte Knabe mußte
1966 1895 2940 1961 beschränkten Bühne zugleich agiren, drängt sich eine#
949 1902 1749 1967 in die kgl. Augenklinik ausgenommen werden.
1963 1931 2879 1981 Frage auf, ob es nicht möglich wäre die Bühm
988 1932 1965 2002 8 Düben a. d. Mulde. Vergangene Woche, vom 11.
1966 1978 2948 2023 Gewandhause nach vorn um 1 bis 2 Meter zu vergrüftt
933 1987 1961 2042 bis 19. d. M., wurde bei herrlichem Wetter das 50jährige
945 2028 1962 2078 Bestehen des Stadtparkes gefeiert. Wohl noch nie hatte
945 2067 1969 2123 Stadt und Park so viel Menschen in sich vereinigt, als in
2095 2065 2928 2154 Aus dem Vereinsleben. ün
941 2099 1971 2152 diesen Tagen. Die ehemaligen Dübener, an der Spitze der
2000 2113 2934 2190 V Leipziger Thierschutz=Verein. Infolge#
950 2142 1975 2192 Verein „Landsmannschaft Düben und Umg.“ in Berlin,
1969 2163 2883 2229 an Zughunden auf den Leipziger Chausseen vorko###
929 2182 1962 2238 hatten sich die Aufgabe gestellt, der Stadt, aus Liebe zur
1963 2216 2945 2262 Thierquälereien, gegen welhe sich die Hilfe der Polizpor
935 2232 1954 2280 Heimath, zu diesem Jubelfeste ein Ehrengeschenk zu über¬
943 2260 1973 2312 weisen, was denn auch durch Errichtung eines Germania¬
1960 2257 2836 2305 Gendarmerie als unzureichend erwiesen hat, hate
942 2290 1959 2358 Standbildes verwirklicht wurde. Dieses würdige Denkmal
1962 2297 2944 2381 Leipziger Thierschutz=Verem an die Leipziger Radicer
1958 2331 2808 2382 Vereinigungen mit der Bitte gewandt, die auch
953 2335 1967 2383 wurde am ersten Tage nach vorhergehendem Gottesdienste
1970 2363 2883 2429 Einzelfahrer hiermit wiederholt wird, den Thierschutz¬#
940 2371 1955 2432 feierlichst enthüllt und der Stadt übergeben. Das Denkmal:
932 2422 1962 2468 Liebe — Freude und Frieden darstellend, ist eine herrliche
1966 2417 2821 2470 bei der Erfüllung seiner schwierigen Aufgabe zu unt
929 2453 2829 2496 Zierde des schönen Parkes. Neben vielen andern Darbie=[Mau kann zwar nichts dagegen einwenden, wenn
928 2491 2845 2531 tungen ist das Kinderfest, welches am dritten Tage abge=liche kränkliche Personen oder Kinder sich auf Hun
923 2526 2813 2575 halten wurde, besonders hervorzuheben. Es war reichlich werke aufsetzen, aber oft lassen sich auch kräftigen
917 2574 2809 2618 ider Kinder gedacht; besonders der ärmeren, wofür die in zu Zweien von z. Th. schwächlichen Hunden heim
2613 2602 2952 2665 der Chaussee zcil
945 2605 2564 2656 Leipzig wohnenden Landsleute einen ansehnlichen Betrag Der herannahende Gendarm wird
927 2645 2931 2702 gespendet hatten. Weiter wurde in den Festtagen der Ge= von Weitem erka##it und kommt deshalb selten in disanf¬
949 2688 2950 2731 dank: laut, daß die auswärts lebenden Dübener sich die Anzeige erstatten zu können, dagegen wimmelt es Igell
951 2720 2844 2773 Aufgabe stellen sollen, einen ansehnlichen Betrag aufzu=]allen guten Wegen von Radfahrern, unter denen sich
1967 2747 2997 2812 mitleidige Persönlichkeiten genug befinden, welche derartige
944 2773 1959 2818 bringen, damit das in Aussicht gestellte Krankenhaus und
1962 2794 2989 2847 Uebertretungen durch Aufforderung zum Absitzen, und wo
942 2801 1959 2857 die Einführung von Diakonissen zum Wohle der Armen
934 2853 1959 2895 und Bedrängten von Stadt und Umgebung baldigst in An¬
1964 2843 2991 2896 dies nichts hilft, durch Anzeige an den Leipziger Thier¬
940 2880 1948 2939 griff genommen werden könne. Der Berliner Verein wird
1955 2867 2988 2935 schutz=Verein zu verhindern suchen. Der Verein wird solche
912 2913 1960 2978 damit beginnen. Wie man hört, wollen die in Leipzig
1953 2915 2980 2975 Anzeigen auf das nachdrücklichste zu verfolgen wissen.
918 2961 1946 3017 wohnenden Landsleute von Düben und Umg. zu einem
1954 2964 2987 3010 Anonyme Zuschriften können nicht berücksichtigt werden.
917 2995 1945 3056 Verein zusammentreten, um dies Werk fördern zu helfen.
1963 2988 3021 3044 Anzeigen sowie Anfragen sind an den Vorsitzenden des
1955 3039 2992 3079 Vereins, Herrn Dr. Rob. Klee, Johannisallee 23, oder an
914 3038 1421 3097 Möge dies bald geschehen!
1921 3078 3004 3139 den Schriftführer, Herrn Max Rabe, Ferdinand Rhodestr. 7.
1926 3105 2159 3178 zu richten.
975 3089 1151 3192 he
1140 3129 1755 3219 Theater und Musik.
2030 3129 2987 3200 Verein „Edelrose“ Leipzig. Am Sonntag feierte
1941 3175 2988 3243 der jugendliche Verein im „Casino zum Rosenthal“ sein
1242 3194 1672 3270 Neues Theater.
2875 3218 2985 3281 icher
1943 3223 2867 3289 2. Stistungsfest. ein Fest, wie es schöner und gemüthl
980 3237 1959 3328 Gewitterschauer. Lustspiel (?) in 1 Act von Pail¬
1947 3272 2823 3323 nicht vorkommt. Die Herren Richter, Lange und
900 3302 2805 3356 leron, übersetzt von Dora Düncker. Liebelei. Schau=serfüllten ihre Pflicht tadellos. Das meiste Vergn
932 3336 2799 3389 spiel (?) in 3 Acten von Arthur Schnitzler. Die Direktionsreiteten u. A. die beiden humoristischen Ensembleseen
937 3366 2806 3428 hat uns zwei Novitäten unter falscher Flagge geboten.  dem Heirathsbureau" und „Aufruhr in der Mieths
940 3427 2817 3473 „Gewitterschauer“ ist kein Lustspiel, sondern ein Schauspiel, Dieselben wurden exact und mit großen Heiterkeits
933 3444 1958 3508 und zwar ein schlechtes, und „Liebelei“ ist kein Schauspiel,
1951 3468 2834 3521 aufgeführt, ebenso wie die Schlußnummern „Cay
930 3503 1950 3559 sondern ein Trauerspiel, und zwar ein gutes. In dem Ein¬
1942 3505 2847 3545 Rusticana“, „Sicilianisches Liebesabenteuer“ Herr
915 3545 1948 3591 lakter läßt sich Jeanne von Thiais von Louis von Nohant
1950 3543 2912 3584 heben sind dabei: die Herren Lange, Hartung, Gärtne
920 3581 2947 3644 eaus einem in der Nähe der italienischen Grenze liegenden Pflugbeil und Blüthgen, sowie sämmtliche mitwirkende
929 3618 2930 3676 Schlosse entführen. Eine halbe Stunde Wegs von der Vereinsdamen. Den Glanzpunkt des Programms liefer
930 3658 2918 3712 Grenze wird Nohants Wagen unbrauchbar und die Flücht= Herr Holzweißig und Frl. Ida Mertz mit der Wied¬
922 3694 2870 3750 linge müssen während eines Gewitters in einer Schmuggler=der Duoscene „Kriegers Heimkehr“. Beide spif
930 3735 2742 3790 schänke Aufenthalt nehmen Da holt sie die Tante, Frau Rollen entzückend. Auch der Vorstandsdame,
923 3767 1943 3832 von Castelli, ein und häuft alle Schmach auf die Männer,
1950 3767 2881 3832 gebührt alle Ehre für das ausgezeichnete Festl. %
923 3806 2866 3853 um Jeanne zur Rückkehr zu bewegen. Als das alles nichts sie dem Verein zur Feier gedichtet hat. Stüt
910 3849 2735 3908 lnützt, schließt sie das Pärchen ein, nimmt ihm den Wagenfall lohnte alle Darstellenden. Auch von
916 3888 2725 3961 lfort und kehrt mit nach Schmugglern suchenden Gensdarmen aliedern gedichtete Lieder wurden von allen ?
