<?xml version="1.0" encoding="UTF-8" standalone="yes"?>
<PcGts xmlns="http://schema.primaresearch.org/PAGE/gts/pagecontent/2013-07-15" xmlns:xsi="http://www.w3.org/2001/XMLSchema-instance" xsi:schemaLocation="http://schema.primaresearch.org/PAGE/gts/pagecontent/2013-07-15 http://schema.primaresearch.org/PAGE/gts/pagecontent/2013-07-15/pagecontent.xsd">
    <Metadata>
        <Creator>prov=University of Rostock/Institute of Mathematics/CITlab/Gundram Leifert/gundram.leifert@uni-rostock.de:name=ONB_Newseye_GT_M1+(htr_id=10810)::::v=2.4.2
prov=University of Rostock/Institute of Mathematics/CITlab/Tobias Gruening/tobias.gruening@uni-rostock.de:name=de.uros.citlab.module.baseline2polygon.B2PSeamMultiOriented:v=2.4.2
prov=University of Rostock/Institute of Mathematics/CITlab/Tobias Gruening/tobias.gruening@uni-rostock.de:name=/mnt/transkribus/LA/DEA/URO/LA_news_onb_att.pb:de.uros.citlab.segmentation.CITlab_LA_ML:v=2.4.2
Transkribus</Creator>
        <Created>2019-10-07T11:53:24.474+02:00</Created>
        <LastChange>2019-10-09T05:24:55.842+02:00</LastChange>
        <TranskribusMetadata docId="223992" pageId="9507901" pageNr="590" tsid="16622701" status="IN_PROGRESS" userId="40391" imgUrl="https://files.transkribus.eu/Get?id=CWCQPHUACQZKMBHYPSEFXIUB&amp;fileType=view" xmlUrl="https://files.transkribus.eu/Get?id=ASNKDGEHMEYCOVHLUOYLZDQI" imageId="6197447"/>
    </Metadata>
    <Page imageFilename="223992_0590.jpeg" imageWidth="3436" imageHeight="4256">
        <ReadingOrder>
            <OrderedGroup id="ro_1711445905943" caption="Regions reading order">
                <RegionRefIndexed index="0" regionRef="r1"/>
                <RegionRefIndexed index="1" regionRef="r2"/>
                <RegionRefIndexed index="2" regionRef="r3"/>
            </OrderedGroup>
        </ReadingOrder>
        <TextRegion orientation="0.0" id="r1" custom="readingOrder {index:0;}">
            <Coords points="260,214 260,274 917,274 917,214"/>
            <TextLine id="r1l1" custom="readingOrder {index:0;}">
                <Coords points="433,251 788,250 786,180 754,172 713,190 683,180 634,201 595,198 580,184 518,202 500,188 431,189"/>
                <Baseline points="442,246 467,244 493,242 519,242 545,241 571,240 597,240 622,239 648,239 674,238 700,238 726,236 752,236 778,234"/>
                <TextEquiv>
                    <Unicode>Liebelei</Unicode>
                </TextEquiv>
            </TextLine>
            <TextLine id="r1l2" custom="readingOrder {index:1;}">
                <Coords points="251,274 297,285 342,254 545,294 926,252 926,227 828,238 788,206 724,244 445,243 381,235 308,184 253,183"/>
                <Baseline points="260,238 292,243 325,248 358,252 391,256 424,259 457,261 489,262 522,263 555,264 588,264 621,264 654,263 687,263 719,262 752,260 785,259 818,258 851,257 884,256 917,255"/>
                <TextEquiv>
                    <Unicode>5. S1</Unicode>
                </TextEquiv>
            </TextLine>
            <TextEquiv>
                <Unicode>Liebelei
5. S1</Unicode>
            </TextEquiv>
        </TextRegion>
        <TextRegion orientation="0.0" id="r2" custom="readingOrder {index:1;}">
            <Coords points="950,139 950,300 1374,300 1374,139"/>
            <TextLine id="r2l1" custom="readingOrder {index:0;}">
                <Coords points="942,225 1045,265 1160,238 1276,278 1382,270 1384,187 1175,178 1109,205 1047,192 1024,203 985,177 942,202"/>
                <Baseline points="950,242 976,240 1003,239 1029,239 1056,240 1082,241 1109,242 1135,244 1162,245 1188,246 1215,248 1241,249 1268,250 1294,249 1321,248 1347,247 1374,244"/>
                <TextEquiv>
                    <Unicode>box 11/1</Unicode>
                </TextEquiv>
            </TextLine>
            <TextEquiv>
                <Unicode>box 11/1</Unicode>
            </TextEquiv>
        </TextRegion>
        <TextRegion orientation="0.0" id="r3" custom="readingOrder {index:2;}">
            <Coords points="1818,88 1818,4045 3281,4045 3281,88"/>
            <TextLine id="r3l1" custom="readingOrder {index:0;}">
                <Coords points="2122,126 2576,127 2576,84 2544,70 2512,89 2405,89 2361,68 2342,87 2217,83 2190,57 2121,59"/>
                <Baseline points="2131,119 2156,118 2182,118 2207,118 2233,117 2259,117 2284,117 2310,117 2336,117 2361,117 2387,116 2413,116 2438,115 2464,115 2490,113 2515,112 2541,110 2567,108"/>
                <TextEquiv>
                    <Unicode></Unicode>
                </TextEquiv>
            </TextLine>
            <TextLine id="r3l2" custom="readingOrder {index:1;}">
                <Coords points="1978,176 3213,146 3212,113 3148,109 1977,126"/>
                <Baseline points="1988,170 2048,170 2109,170 2170,170 2231,170 2291,169 2352,168 2413,167 2474,167 2534,165 2595,164 2656,163 2717,162 2777,160 2838,158 2899,156 2960,154 3020,152 3081,149 3142,147 3203,144"/>
                <TextEquiv>
                    <Unicode>Die Bühnenschicksale der beiden Schnitzlerschen Stücke in Breslau</Unicode>
                </TextEquiv>
            </TextLine>
            <TextLine id="r3l3" custom="readingOrder {index:2;}">
                <Coords points="1914,220 3221,187 3202,147 1913,188"/>
                <Baseline points="1923,217 1987,216 2051,215 2116,214 2180,213 2245,212 2309,211 2373,210 2438,209 2502,207 2567,206 2631,205 2695,203 2760,202 2824,200 2889,199 2953,197 3017,195 3082,193 3146,191 3211,189"/>
                <TextEquiv>
                    <Unicode>sind sehr verschiedenartig ausgefallen. Während wir von der so heiter ein¬</Unicode>
                </TextEquiv>
            </TextLine>
            <TextLine id="r3l4" custom="readingOrder {index:3;}">
                <Coords points="1918,267 3223,231 3171,193 1917,223"/>
                <Baseline points="1927,261 1991,259 2055,258 2120,257 2184,256 2248,255 2313,254 2377,252 2441,251 2506,250 2570,248 2634,247 2699,245 2763,244 2827,243 2892,241 2956,240 3020,238 3085,237 3149,236 3214,234"/>
                <TextEquiv>
                    <Unicode>setzenden und tragisch endenden „Liebelei“ früher eine ganz vorzügliche,</Unicode>
                </TextEquiv>
            </TextLine>
            <TextLine id="r3l5" custom="readingOrder {index:4;}">
                <Coords points="1911,296 3223,269 3180,237 1910,259"/>
                <Baseline points="1919,302 1983,300 2048,299 2113,298 2178,296 2242,295 2307,294 2372,293 2437,292 2501,290 2566,289 2631,288 2696,286 2760,285 2825,283 2890,281 2955,279 3019,277 3084,275 3149,272 3214,270"/>
                <TextEquiv>
                    <Unicode>von der übermüthig lustigen Scene „Abschiedssouper“ aus dem Anatol¬</Unicode>
                </TextEquiv>
            </TextLine>
            <TextLine id="r3l6" custom="readingOrder {index:5;}">
                <Coords points="1923,351 3212,331 3225,283 1922,316"/>
                <Baseline points="1931,345 1995,343 2059,341 2124,340 2188,338 2252,337 2317,335 2381,333 2445,332 2510,330 2574,329 2638,327 2703,326 2767,324 2831,323 2896,321 2960,320 3024,318 3089,317 3153,315 3218,314"/>
                <TextEquiv>
                    <Unicode>Cyklus eine ganz ungenügende Aufführung erhielten, hat sich das Verhältniß</Unicode>
                </TextEquiv>
            </TextLine>
            <TextLine id="r3l7" custom="readingOrder {index:6;}">
                <Coords points="1917,406 3224,359 3111,321 1916,357"/>
                <Baseline points="1925,387 1989,385 2053,383 2118,382 2182,380 2247,378 2311,377 2376,375 2440,374 2505,372 2569,371 2633,369 2698,367 2762,366 2827,365 2891,363 2956,362 3020,360 3085,358 3149,357 3214,355"/>
                <TextEquiv>
                    <Unicode>zwischen beiden Stücken diesmal umgekehrt. Die im letzten Berichte aus¬</Unicode>
                </TextEquiv>
            </TextLine>
            <TextLine id="r3l8" custom="readingOrder {index:7;}">
                <Coords points="1831,401 1850,401 1857,397 1873,401 1884,399 1887,403 1900,404 1905,410 1910,404 1919,404 1919,357 1901,357 1885,342 1871,351 1861,348 1841,364 1831,365"/>
                <Baseline points="1839,389 1875,387 1911,389"/>
                <TextEquiv>
                    <Unicode>Fü</Unicode>
                </TextEquiv>
            </TextLine>
            <TextLine id="r3l9" custom="readingOrder {index:8;}">
                <Coords points="1910,436 3231,413 3230,374 1909,404"/>
                <Baseline points="1919,432 1984,430 2049,428 2114,426 2179,424 2244,423 2309,421 2375,419 2440,418 2505,416 2570,415 2635,413 2700,411 2765,410 2831,408 2896,406 2961,405 3026,403 3091,401 3156,400 3222,398"/>
                <TextEquiv>
                    <Unicode>gesprochene Hoffnung, unser Gast werde als Christine wie als Annie den</Unicode>
                </TextEquiv>
            </TextLine>
            <TextLine id="r3l10" custom="readingOrder {index:9;}">
                <Coords points="1924,478 3229,443 3205,406 2933,403 1923,432"/>
                <Baseline points="1933,472 1997,471 2061,470 2126,469 2190,467 2254,465 2319,464 2383,462 2447,460 2512,459 2576,457 2640,456 2705,454 2769,453 2833,451 2898,449 2962,448 3026,447 3091,446 3155,445 3220,444"/>
                <TextEquiv>
                    <Unicode>ihrer Darstellung beider Rollen vorausgehenden Ruf rechtfertigen, ist nur</Unicode>
                </TextEquiv>
            </TextLine>
            <TextLine id="r3l11" custom="readingOrder {index:10;}">
                <Coords points="1926,512 3196,499 3231,459 1925,480"/>
                <Baseline points="1934,512 1998,512 2062,511 2127,510 2191,509 2256,508 2320,507 2385,506 2449,504 2514,503 2578,501 2642,499 2707,497 2771,496 2836,494 2900,492 2965,491 3029,490 3094,488 3158,487 3223,485"/>
                <TextEquiv>
                    <Unicode>bezüglich der letzteren in Erfüllung gegangen. Frau Niese's Vorführung</Unicode>
                </TextEquiv>
            </TextLine>
            <TextLine id="r3l12" custom="readingOrder {index:11;}">
                <Coords points="1921,556 3232,539 3103,491 1920,527"/>
                <Baseline points="1930,558 1994,556 2059,555 2123,553 2188,551 2253,550 2317,548 2382,547 2446,545 2511,543 2576,542 2640,540 2705,538 2769,537 2834,535 2898,534 2963,532 3028,531 3092,529 3157,528 3222,526"/>
                <TextEquiv>
                    <Unicode>der mit ebenso gutem Appetite wie Verliebtheit ausgestatteten Balleteuse</Unicode>
                </TextEquiv>
            </TextLine>
            <TextLine id="r3l13" custom="readingOrder {index:12;}">
                <Coords points="1922,603 3019,595 3199,582 3236,539 1922,566"/>
                <Baseline points="1932,599 1996,598 2061,596 2126,595 2191,594 2256,592 2320,591 2385,590 2450,588 2515,587 2580,585 2644,584 2709,582 2774,581 2839,580 2904,578 2968,576 3033,575 3098,573 3163,572 3228,571"/>
                <TextEquiv>
                    <Unicode>Annie, die Anatol's Wunsch nach einer Trennung durch Eingeständniß</Unicode>
                </TextEquiv>
            </TextLine>
            <TextLine id="r3l14" custom="readingOrder {index:13;}">
                <Coords points="1923,655 3224,621 3223,575 3166,574 1922,604"/>
                <Baseline points="1932,640 1996,640 2060,638 2124,637 2188,636 2253,635 2317,634 2381,632 2445,631 2509,629 2574,628 2638,627 2702,625 2766,624 2830,622 2895,621 2959,619 3023,618 3087,617 3151,616 3216,615"/>
                <TextEquiv>
                    <Unicode>ihres neuen Verhältnisses zuvorkommt, war eine Prachtleistung, welche für</Unicode>
                </TextEquiv>
            </TextLine>
            <TextLine id="r3l15" custom="readingOrder {index:14;}">
                <Coords points="1815,637 1829,639 1834,634 1843,634 1852,639 1857,633 1866,637 1882,633 1891,638 1896,635 1904,638 1918,634 1917,603 1894,603 1875,587 1868,591 1862,589 1859,593 1836,584 1827,591 1814,588"/>
                <Baseline points="1823,629 1851,627 1880,628 1909,627"/>
                <TextEquiv>
                    <Unicode>Ab</Unicode>
                </TextEquiv>
            </TextLine>
            <TextLine id="r3l16" custom="readingOrder {index:15;}">
                <Coords points="1818,668 1829,668 1832,672 1838,668 1855,680 1869,684 1882,675 1909,696 1924,698 1925,646 1911,646 1895,636 1890,640 1881,632 1871,637 1858,633 1853,639 1842,633 1819,632"/>
                <Baseline points="1827,666 1856,665 1885,667 1915,668"/>
                <TextEquiv>
                    <Unicode>Abo</Unicode>
                </TextEquiv>
            </TextLine>
            <TextLine id="r3l17" custom="readingOrder {index:16;}">
                <Coords points="1923,693 3168,672 3238,624 1922,654"/>
                <Baseline points="1932,685 1996,683 2061,682 2126,680 2191,679 2256,678 2321,676 2386,675 2451,673 2516,672 2581,671 2645,669 2710,668 2775,667 2840,665 2905,664 2970,662 3035,660 3100,658 3165,656 3230,654"/>
                <TextEquiv>
                    <Unicode>die vorangehende dreiactige Langeweile eine etwas kurze, doch in der kurzen</Unicode>
                </TextEquiv>
            </TextLine>
            <TextLine id="r3l18" custom="readingOrder {index:17;}">
                <Coords points="1930,729 3157,712 3226,702 3225,652 1929,697"/>
                <Baseline points="1939,727 2002,726 2066,725 2130,723 2194,722 2258,721 2322,720 2386,719 2450,717 2514,716 2578,715 2641,713 2705,712 2769,710 2833,708 2897,706 2961,705 3025,702 3089,700 3153,698 3217,695"/>
                <TextEquiv>
                    <Unicode>Scene intensive Entschädigung gewährte. Wie man die „Liebelei“ in ihrer</Unicode>
                </TextEquiv>
            </TextLine>
            <TextLine id="r3l19" custom="readingOrder {index:18;}">
                <Coords points="1921,772 3228,745 3227,703 3062,700 1921,749"/>
                <Baseline points="1931,771 1995,769 2059,768 2124,766 2188,765 2253,764 2317,763 2382,762 2446,761 2511,760 2575,758 2639,757 2704,755 2768,754 2833,752 2897,751 2962,748 3026,747 3091,744 3155,741 3220,738"/>
                <TextEquiv>
                    <Unicode>schleppend farblosen Darstellung gar nicht wieder als dasselbe Stück er¬</Unicode>
                </TextEquiv>
            </TextLine>
            <TextLine id="r3l20" custom="readingOrder {index:19;}">
                <Coords points="1812,787 1838,797 1852,796 1868,802 1888,797 1894,803 1902,796 1919,796 1921,757 1907,757 1894,751 1860,755 1841,744 1813,747"/>
                <Baseline points="1821,790 1851,789 1881,791 1911,792"/>
                <TextEquiv>
                    <Unicode>Inha</Unicode>
                </TextEquiv>
            </TextLine>
            <TextLine id="r3l21" custom="readingOrder {index:20;}">
                <Coords points="1922,806 3242,802 3198,741 1922,780"/>
                <Baseline points="1931,807 1996,807 2061,807 2126,807 2191,807 2256,806 2321,805 2386,804 2451,803 2516,802 2581,801 2646,799 2711,798 2776,796 2841,794 2906,792 2971,790 3036,788 3101,786 3166,783 3232,781"/>
                <TextEquiv>
                    <Unicode>kannte, das einstens im mustergültigen Zusammenspiel der Herren Höfer und</Unicode>
                </TextEquiv>
            </TextLine>
            <TextLine id="r3l22" custom="readingOrder {index:21;}">
                <Coords points="1817,831 1849,841 1862,839 1872,846 1883,839 1886,843 1894,841 1899,836 1933,843 1933,799 1903,795 1894,802 1885,797 1860,802 1853,796 1839,798 1818,792"/>
                <Baseline points="1826,827 1858,828 1891,827 1924,829"/>
                <TextEquiv>
                    <Unicode>blä</Unicode>
                </TextEquiv>
            </TextLine>
            <TextLine id="r3l23" custom="readingOrder {index:22;}">
                <Coords points="1819,869 3242,847 3241,803 3145,786 1819,843"/>
                <Baseline points="1828,866 1898,862 1968,860 2038,856 2109,854 2179,852 2249,850 2319,848 2390,847 2460,845 2530,844 2600,843 2671,841 2741,840 2811,838 2881,837 2952,835 3022,833 3092,830 3162,827 3233,825"/>
                <TextEquiv>
                    <Unicode>wonn Lettinger, Frl. Jurberg und Frau Sorma mit unwiderstehlicher Heiterkeit</Unicode>
                </TextEquiv>
            </TextLine>
            <TextLine id="r3l24" custom="readingOrder {index:23;}">
                <Coords points="1812,903 3238,878 3158,830 1811,889"/>
                <Baseline points="1820,908 1890,905 1960,902 2031,900 2101,897 2172,895 2242,893 2313,892 2383,890 2454,888 2524,887 2594,886 2665,884 2735,883 2806,882 2876,880 2947,879 3017,877 3088,875 3158,873 3229,871"/>
                <TextEquiv>
                    <Unicode>Leber und wehmüthiger Theilnahme auf uns wirkte, so mußte man auch gestehen,</Unicode>
                </TextEquiv>
            </TextLine>
            <TextLine id="r3l25" custom="readingOrder {index:24;}">
                <Coords points="1810,947 3168,930 3244,884 1809,926"/>
                <Baseline points="1818,944 1888,943 1959,941 2030,939 2101,938 2172,937 2243,935 2314,934 2385,932 2456,931 2527,930 2597,929 2668,927 2739,926 2810,924 2881,923 2952,921 3023,919 3094,918 3165,915 3236,913"/>
                <TextEquiv>
                    <Unicode>theiln daß wir das „Abschiedssouper“ erst jetzt in seiner übersprudelnden, etwas frechen</Unicode>
                </TextEquiv>
            </TextLine>
            <TextLine id="r3l26" custom="readingOrder {index:25;}">
                <Coords points="1933,993 3241,958 3200,920 1932,954"/>
                <Baseline points="1941,984 2005,983 2070,981 2134,980 2199,979 2263,977 2328,976 2392,975 2457,974 2521,973 2586,972 2651,971 2715,970 2780,969 2844,967 2909,966 2973,964 3038,962 3102,960 3167,958 3232,955"/>
                <TextEquiv>
                    <Unicode>Laune kennen gelernt haben. Zwar wurde Frau Niese auch in dem Einacter</Unicode>
                </TextEquiv>
            </TextLine>
            <TextLine id="r3l27" custom="readingOrder {index:26;}">
                <Coords points="1936,1031 3211,1015 3246,970 1935,986"/>
                <Baseline points="1945,1027 2009,1026 2074,1025 2138,1023 2203,1022 2268,1021 2332,1020 2397,1019 2462,1017 2526,1016 2591,1015 2656,1014 2720,1013 2785,1011 2850,1010 2914,1009 2979,1007 3044,1006 3108,1005 3173,1003 3238,1002"/>
                <TextEquiv>
                    <Unicode>von den Mitspielenden nicht sonderlich unterstützt. Den klugen Freund Max</Unicode>
                </TextEquiv>
            </TextLine>
            <TextLine id="r3l28" custom="readingOrder {index:27;}">
                <Coords points="1926,1068 3246,1052 3140,1005 1926,1027"/>
                <Baseline points="1936,1070 2001,1069 2066,1069 2131,1068 2196,1067 2261,1066 2326,1064 2391,1063 2456,1062 2521,1060 2586,1059 2651,1057 2716,1055 2781,1054 2846,1052 2911,1050 2976,1049 3041,1048 3106,1047 3171,1046 3237,1045"/>
                <TextEquiv>
                    <Unicode>denkt man sich bei Zusammenfassung der fünf von den sieben Anatolscenen,</Unicode>
                </TextEquiv>
            </TextLine>
            <TextLine id="r3l29" custom="readingOrder {index:28;}">
                <Coords points="1927,1103 2831,1115 3220,1095 3243,1055 1927,1067"/>
                <Baseline points="1937,1113 2001,1112 2066,1110 2131,1109 2196,1108 2261,1107 2326,1106 2391,1105 2456,1104 2521,1103 2586,1102 2650,1100 2715,1099 2780,1098 2845,1097 2910,1095 2975,1093 3040,1091 3105,1090 3170,1088 3235,1085"/>
                <TextEquiv>
                    <Unicode>* in denen er mitspielt*), doch etwas anders als den bloßen Lebemann, wie</Unicode>
                </TextEquiv>
            </TextLine>
            <TextLine id="r3l30" custom="readingOrder {index:29;}">
                <Coords points="1939,1157 3260,1152 3259,1085 1938,1111"/>
                <Baseline points="1947,1158 2012,1156 2077,1155 2142,1153 2207,1152 2273,1150 2338,1149 2403,1148 2468,1146 2533,1145 2599,1144 2664,1142 2729,1141 2794,1140 2859,1138 2925,1136 2990,1135 3055,1133 3120,1131 3185,1129 3251,1126"/>
                <TextEquiv>
                    <Unicode>ihn Herr Marx darstellte. Herr Schlaghammer machte seine Sache recht</Unicode>
                </TextEquiv>
            </TextLine>
            <TextLine id="r3l31" custom="readingOrder {index:30;}">
                <Coords points="1941,1213 3253,1158 1940,1171"/>
                <Baseline points="1949,1203 2013,1201 2078,1198 2143,1196 2208,1194 2272,1193 2337,1191 2402,1190 2467,1189 2531,1188 2596,1187 2661,1186 2726,1185 2790,1184 2855,1182 2920,1181 2985,1179 3049,1177 3114,1175 3179,1172 3244,1170"/>
                <TextEquiv>
                    <Unicode>gut, aber der Schnitzler'sche Anatol, der liebenswürdige, leichtsinnige wiener</Unicode>
                </TextEquiv>
            </TextLine>
            <TextLine id="r3l32" custom="readingOrder {index:31;}">
                <Coords points="1941,1250 3248,1220 3247,1175 1941,1214"/>
                <Baseline points="1950,1246 2014,1243 2079,1241 2143,1238 2208,1236 2272,1235 2337,1234 2401,1232 2466,1231 2530,1230 2595,1229 2659,1228 2724,1227 2788,1226 2853,1225 2917,1224 2982,1222 3046,1220 3111,1218 3175,1215 3240,1212"/>
                <TextEquiv>
                    <Unicode>Don Juan der Gegenwart mit dem halbärztlichen Einschlage des psychologi¬</Unicode>
                </TextEquiv>
            </TextLine>
            <TextLine id="r3l33" custom="readingOrder {index:32;}">
                <Coords points="1937,1301 3245,1253 3225,1213 1936,1251"/>
                <Baseline points="1945,1290 2009,1287 2074,1285 2138,1283 2203,1280 2268,1279 2332,1277 2397,1276 2461,1275 2526,1274 2591,1273 2655,1272 2720,1271 2784,1270 2849,1268 2913,1267 2978,1265 3043,1263 3107,1260 3172,1258 3237,1255"/>
                <TextEquiv>
                    <Unicode>schen Beobachters von Typen süßer Mädels und dömonischer Frauen war</Unicode>
                </TextEquiv>
            </TextLine>
            <TextLine id="r3l34" custom="readingOrder {index:33;}">
                <Coords points="1927,1348 3264,1322 3262,1260 1926,1300"/>
                <Baseline points="1935,1333 2004,1331 2073,1328 2143,1326 2212,1324 2282,1322 2351,1321 2420,1320 2490,1318 2559,1317 2629,1315 2698,1314 2768,1313 2837,1311 2906,1310 2976,1308 3045,1307 3115,1305 3184,1303 3254,1301"/>
                <TextEquiv>
                    <Unicode>auch er nicht. Wie solche pikante Scenen im Chambre separée auch an den</Unicode>
                </TextEquiv>
            </TextLine>
            <TextLine id="r3l35" custom="readingOrder {index:34;}">
                <Coords points="1932,1363 3249,1357 3235,1304 1932,1344"/>
                <Baseline points="1942,1373 2006,1372 2071,1370 2136,1368 2201,1367 2266,1366 2331,1364 2396,1363 2461,1362 2526,1360 2591,1359 2655,1358 2720,1357 2785,1356 2850,1355 2915,1353 2980,1352 3045,1351 3110,1349 3175,1348 3240,1346"/>
                <TextEquiv>
                    <Unicode>Darsteller der kleinen Kellnerrolle Anforderungen stellen, hat uns ehemals</Unicode>
                </TextEquiv>
            </TextLine>
            <TextLine id="r3l36" custom="readingOrder {index:35;}">
                <Coords points="1941,1413 3189,1405 3255,1393 3254,1351 1940,1377"/>
                <Baseline points="1950,1415 2014,1414 2079,1413 2144,1411 2209,1410 2274,1409 2338,1407 2403,1406 2468,1405 2533,1403 2598,1402 2662,1401 2727,1399 2792,1398 2857,1397 2922,1396 2986,1394 3051,1393 3116,1392 3181,1391 3246,1390"/>
                <TextEquiv>
                    <Unicode>im Lobetheater der unvergeßliche Max Löwe als dienstbeflissener Kellner im</Unicode>
                </TextEquiv>
            </TextLine>
            <TextLine id="r3l37" custom="readingOrder {index:36;}">
                <Coords points="1936,1460 3252,1438 3210,1392 1935,1428"/>
                <Baseline points="1945,1459 2009,1458 2074,1457 2139,1455 2204,1454 2269,1453 2334,1451 2399,1450 2464,1448 2529,1447 2594,1446 2658,1444 2723,1443 2788,1441 2853,1440 2918,1438 2983,1437 3048,1435 3113,1434 3178,1432 3243,1430"/>
                <TextEquiv>
                    <Unicode>letzten Acte der „Cyprienne“ gezeigt. Den schwerfälligen Herrn Kurzbuch</Unicode>
                </TextEquiv>
            </TextLine>
            <TextLine id="r3l38" custom="readingOrder {index:37;}">
                <Coords points="1948,1521 3253,1474 3169,1436 1947,1466"/>
                <Baseline points="1956,1502 2020,1501 2084,1499 2149,1498 2213,1497 2278,1495 2342,1494 2406,1493 2471,1491 2535,1490 2600,1488 2664,1487 2728,1486 2793,1485 2857,1484 2922,1482 2986,1481 3050,1480 3115,1479 3179,1478 3244,1477"/>
                <TextEquiv>
                    <Unicode>mit dieser Aufgabe zu betrauen, heißt die Erfordernisse des pikanten Ein¬</Unicode>
                </TextEquiv>
            </TextLine>
            <TextLine id="r3l39" custom="readingOrder {index:38;}">
                <Coords points="1937,1535 3057,1537 3248,1497 1937,1516"/>
                <Baseline points="1947,1545 2011,1544 2076,1542 2140,1541 2205,1540 2270,1538 2334,1537 2399,1535 2464,1534 2528,1533 2593,1532 2658,1530 2722,1529 2787,1527 2852,1526 2916,1525 2981,1523 3046,1522 3110,1521 3175,1520 3240,1518"/>
                <TextEquiv>
                    <Unicode>acters verkennen. Aber so sehr das „Abschiedssouper“ durch glückliche Be¬</Unicode>
                </TextEquiv>
            </TextLine>
            <TextLine id="r3l40" custom="readingOrder {index:39;}">
                <Coords points="1946,1586 3259,1572 3162,1516 1945,1559"/>
                <Baseline points="1955,1590 2019,1588 2084,1586 2149,1584 2214,1582 2278,1581 2343,1579 2408,1578 2473,1576 2537,1575 2602,1573 2667,1572 2732,1571 2796,1570 2861,1568 2926,1567 2991,1566 3055,1565 3120,1564 3185,1563 3250,1563"/>
                <TextEquiv>
                    <Unicode>setzung der drei männlichen Rollen noch gewinnen kann, die Entscheidung</Unicode>
                </TextEquiv>
            </TextLine>
            <TextLine id="r3l41" custom="readingOrder {index:40;}">
                <Coords points="1947,1635 3263,1604 3166,1564 1946,1596"/>
                <Baseline points="1955,1631 2019,1629 2084,1627 2149,1625 2214,1623 2279,1622 2344,1620 2409,1619 2474,1617 2539,1616 2604,1614 2668,1613 2733,1612 2798,1611 2863,1610 2928,1609 2993,1607 3058,1606 3123,1605 3188,1604 3253,1602"/>
                <TextEquiv>
                    <Unicode>über seinen Eindruck liegt doch bei der Darstellung der Annie, und die kann</Unicode>
                </TextEquiv>
            </TextLine>
            <TextLine id="r3l42" custom="readingOrder {index:41;}">
                <Coords points="1943,1672 3268,1655 3210,1607 1942,1635"/>
                <Baseline points="1951,1675 2016,1674 2081,1671 2147,1669 2212,1668 2277,1666 2343,1664 2408,1663 2473,1661 2539,1659 2604,1658 2669,1656 2735,1654 2800,1653 2865,1652 2931,1651 2996,1649 3061,1648 3127,1647 3192,1646 3258,1645"/>
                <TextEquiv>
                    <Unicode>man sich nicht eindrucksvoller gespielt denken, als es durch Frau Hansi Niese</Unicode>
                </TextEquiv>
            </TextLine>
            <TextLine id="r3l43" custom="readingOrder {index:42;}">
                <Coords points="1944,1742 3180,1704 3268,1693 3267,1655 1942,1673"/>
                <Baseline points="1953,1723 2018,1719 2083,1716 2148,1713 2214,1711 2279,1709 2344,1707 2410,1705 2475,1703 2540,1702 2606,1700 2671,1699 2736,1698 2801,1697 2867,1695 2932,1694 2997,1693 3063,1691 3128,1690 3193,1688 3259,1686"/>
                <TextEquiv>
                    <Unicode>geschah. Die urwüchsige Genußfreude und geradezu naive Unbefangenheit,</Unicode>
                </TextEquiv>
            </TextLine>
            <TextLine id="r3l44" custom="readingOrder {index:43;}">
                <Coords points="1943,1770 3265,1739 3247,1691 1943,1736"/>
                <Baseline points="1953,1763 2018,1761 2083,1758 2148,1756 2213,1754 2278,1752 2343,1750 2409,1749 2474,1747 2539,1745 2604,1744 2669,1742 2734,1741 2799,1739 2865,1738 2930,1737 2995,1736 3060,1735 3125,1734 3190,1733 3256,1732"/>
                <TextEquiv>
                    <Unicode>welche den Gedanken an einen moralischen Maßstab der Dinge gar nicht</Unicode>
                </TextEquiv>
            </TextLine>
            <TextLine id="r3l45" custom="readingOrder {index:44;}">
                <Coords points="1939,1816 3270,1775 3269,1742 3172,1735 1938,1772"/>
                <Baseline points="1947,1808 2012,1805 2078,1803 2144,1800 2210,1797 2275,1795 2341,1794 2407,1792 2473,1790 2538,1789 2604,1788 2670,1786 2736,1785 2801,1784 2867,1783 2933,1781 2999,1780 3064,1778 3130,1777 3196,1775 3262,1773"/>
                <TextEquiv>
                    <Unicode>zu fassen vermag, ist bei der Niese'schen Annie so voll von prächtigstem</Unicode>
                </TextEquiv>
            </TextLine>
            <TextLine id="r3l46" custom="readingOrder {index:45;}">
                <Coords points="1940,1853 3275,1818 3274,1784 3089,1781 1939,1818"/>
                <Baseline points="1949,1848 2014,1846 2080,1845 2146,1843 2212,1841 2278,1839 2344,1837 2409,1835 2475,1834 2541,1832 2607,1830 2673,1828 2739,1826 2805,1824 2870,1823 2936,1822 3002,1821 3068,1820 3134,1820 3200,1819 3266,1819"/>
                <TextEquiv>
                    <Unicode>Humor durchtränkt, daß niemand so leicht diesem Zauber widerstehen kann.</Unicode>
                </TextEquiv>
            </TextLine>
            <TextLine id="r3l47" custom="readingOrder {index:46;}">
                <Coords points="1952,1884 3183,1876 3261,1865 3260,1821 1951,1850"/>
                <Baseline points="1961,1888 2025,1886 2090,1884 2154,1882 2219,1881 2283,1879 2348,1878 2412,1876 2477,1875 2541,1873 2606,1872 2671,1871 2735,1869 2800,1868 2864,1867 2929,1866 2993,1865 3058,1864 3122,1862 3187,1861 3252,1860"/>
                <TextEquiv>
                    <Unicode>Die derbe Frechheit der Balleteuse weiß Frau Niese ebenso natürlich und</Unicode>
                </TextEquiv>
            </TextLine>
            <TextLine id="r3l48" custom="readingOrder {index:47;}">
                <Coords points="1953,1931 3185,1919 3260,1912 3259,1865 1952,1897"/>
                <Baseline points="1962,1930 2026,1928 2090,1927 2155,1925 2219,1924 2284,1922 2348,1920 2413,1919 2477,1917 2542,1916 2606,1914 2670,1912 2735,1911 2799,1909 2864,1908 2928,1906 2993,1905 3057,1903 3122,1902 3186,1900 3251,1899"/>
                <TextEquiv>
                    <Unicode>lustig zum Ausdruck zu bringen wie die derbe Treuherzigkeit von Raimund's</Unicode>
                </TextEquiv>
            </TextLine>
            <TextLine id="r3l49" custom="readingOrder {index:48;}">
                <Coords points="1956,1984 2883,1946 2882,1918 2784,1911 1955,1948"/>
                <Baseline points="1964,1970 2009,1969 2054,1968 2100,1968 2145,1967 2191,1966 2236,1965 2282,1964 2327,1963 2373,1962 2418,1960 2463,1959 2509,1958 2554,1957 2600,1956 2645,1955 2691,1954 2736,1953 2782,1952 2827,1950 2873,1949"/>
                <TextEquiv>
                    <Unicode>kreuzbraver, aber frauenzimmerlich kleinlicher Rosel.</Unicode>
                </TextEquiv>
            </TextLine>
            <TextLine id="r3l50" custom="readingOrder {index:49;}">
                <Coords points="2033,2013 3184,2004 3260,1986 3260,1949 2033,1983"/>
                <Baseline points="2041,2009 2101,2009 2162,2008 2222,2007 2283,2006 2343,2005 2404,2004 2464,2003 2525,2002 2585,2001 2646,2000 2707,1999 2767,1997 2828,1996 2888,1995 2949,1994 3009,1993 3070,1992 3130,1991 3191,1990 3252,1989"/>
                <TextEquiv>
                    <Unicode>Seltsam erscheint es, daß eine Natur und Kunst so reizend vereinende</Unicode>
                </TextEquiv>
            </TextLine>
            <TextLine id="r3l51" custom="readingOrder {index:50;}">
                <Coords points="1956,2063 3263,2036 3209,1991 1955,2027"/>
                <Baseline points="1965,2055 2029,2054 2093,2053 2158,2052 2222,2051 2287,2049 2351,2048 2415,2046 2480,2045 2544,2043 2609,2042 2673,2040 2737,2039 2802,2038 2866,2037 2931,2036 2995,2035 3059,2034 3124,2033 3188,2033 3253,2033"/>
                <TextEquiv>
                    <Unicode>Darstellerin über die Grenzen ihrer Fähigkeit sich dermaßen täuschen kann,</Unicode>
                </TextEquiv>
            </TextLine>
            <TextLine id="r3l52" custom="readingOrder {index:51;}">
                <Coords points="1957,2102 3228,2085 3263,2037 1956,2064"/>
                <Baseline points="1966,2102 2030,2099 2094,2096 2159,2094 2223,2092 2288,2091 2352,2089 2417,2088 2481,2087 2546,2086 2610,2086 2674,2085 2739,2084 2803,2083 2868,2082 2932,2081 2997,2080 3061,2078 3126,2077 3190,2075 3255,2073"/>
                <TextEquiv>
                    <Unicode>daß sie die ernste träumerische Christine unter ihre Gastspielrollen aufnimmt.</Unicode>
                </TextEquiv>
            </TextLine>
            <TextLine id="r3l53" custom="readingOrder {index:52;}">
                <Coords points="1952,2152 3272,2118 3212,2075 1951,2102"/>
                <Baseline points="1961,2147 2026,2144 2091,2142 2156,2139 2221,2137 2286,2135 2351,2134 2416,2133 2481,2131 2546,2130 2612,2129 2677,2128 2742,2127 2807,2126 2872,2125 2937,2123 3002,2122 3067,2120 3132,2118 3197,2117 3263,2114"/>
                <TextEquiv>
                    <Unicode>Frau Niese würde die resolute Mizi Schlager, die leichtfertige Modistin</Unicode>
                </TextEquiv>
            </TextLine>
            <TextLine id="r3l54" custom="readingOrder {index:53;}">
                <Coords points="1950,2186 3273,2172 3231,2120 1949,2152"/>
                <Baseline points="1959,2189 2024,2187 2089,2185 2154,2183 2220,2181 2285,2180 2350,2178 2415,2177 2481,2175 2546,2174 2611,2173 2676,2171 2742,2170 2807,2168 2872,2167 2937,2165 3003,2164 3068,2163 3133,2161 3198,2160 3264,2158"/>
                <TextEquiv>
                    <Unicode>a. D., in deren Rolle jetzt Fräulein Konrad zwar ihre Vorgängerin</Unicode>
                </TextEquiv>
            </TextLine>
            <TextLine id="r3l55" custom="readingOrder {index:54;}">
                <Coords points="1953,2232 3273,2205 3272,2161 1953,2193"/>
                <Baseline points="1963,2235 2028,2232 2093,2229 2158,2226 2223,2225 2288,2222 2353,2221 2418,2219 2483,2217 2548,2216 2613,2215 2678,2213 2743,2212 2808,2211 2873,2210 2938,2209 3003,2207 3068,2206 3133,2204 3198,2202 3264,2200"/>
                <TextEquiv>
                    <Unicode>(Frl. Jurberg) keineswegs zu ersetzen vermochte, doch mit großem Fleiße</Unicode>
                </TextEquiv>
            </TextLine>
            <TextLine id="r3l56" custom="readingOrder {index:55;}">
                <Coords points="1966,2276 3225,2256 3281,2203 1965,2245"/>
                <Baseline points="1974,2276 2038,2273 2103,2270 2168,2267 2233,2266 2298,2264 2363,2262 2428,2260 2493,2259 2558,2258 2623,2257 2687,2256 2752,2255 2817,2254 2882,2253 2947,2252 3012,2251 3077,2249 3142,2248 3207,2246 3272,2244"/>
                <TextEquiv>
                    <Unicode>eine sehr anerkennenswerthe, gute Leistung bot, etwas derber, aber mit</Unicode>
                </TextEquiv>
            </TextLine>
            <TextLine id="r3l57" custom="readingOrder {index:56;}">
                <Coords points="1964,2321 3227,2301 3281,2251 1963,2281"/>
                <Baseline points="1973,2318 2038,2315 2103,2311 2168,2309 2233,2307 2298,2305 2363,2304 2428,2303 2493,2301 2558,2301 2623,2300 2688,2299 2753,2297 2818,2296 2883,2295 2948,2294 3013,2292 3078,2290 3143,2288 3208,2286 3273,2283"/>
                <TextEquiv>
                    <Unicode>starker humoristischer Wirkung spielen. Für die Verkörperung der Christine</Unicode>
                </TextEquiv>
            </TextLine>
            <TextLine id="r3l58" custom="readingOrder {index:57;}">
                <Coords points="1968,2373 3280,2331 3102,2288 1967,2333"/>
                <Baseline points="1977,2359 2041,2356 2106,2354 2171,2352 2235,2350 2300,2349 2365,2347 2429,2346 2494,2344 2559,2343 2624,2342 2688,2341 2753,2340 2818,2339 2882,2337 2947,2336 3012,2335 3076,2333 3141,2331 3206,2329 3271,2327"/>
                <TextEquiv>
                    <Unicode>fehlen ihr alle Voraussetzungen. Schon durch die erzwungene Dämpfung</Unicode>
                </TextEquiv>
            </TextLine>
            <TextLine id="r3l59" custom="readingOrder {index:58;}">
                <Coords points="1969,2407 3280,2374 3279,2337 3213,2333 1968,2370"/>
                <Baseline points="1977,2400 2041,2399 2106,2397 2170,2396 2235,2394 2300,2393 2364,2391 2429,2390 2494,2389 2558,2387 2623,2386 2688,2385 2752,2384 2817,2382 2882,2380 2946,2379 3011,2378 3076,2376 3140,2374 3205,2373 3270,2370"/>
                <TextEquiv>
                    <Unicode>und in die Höhe Pressung ihres tiefen Organs bekommt ihre Christine</Unicode>
                </TextEquiv>
            </TextLine>
            <TextLine id="r3l60" custom="readingOrder {index:59;}">
                <Coords points="1974,2452 3281,2432 3280,2391 1973,2416"/>
                <Baseline points="1982,2446 2046,2444 2111,2442 2175,2440 2240,2438 2304,2437 2369,2435 2433,2433 2498,2432 2562,2430 2627,2428 2691,2427 2756,2425 2820,2424 2885,2423 2949,2421 3014,2420 3078,2419 3143,2418 3207,2417 3272,2416"/>
                <TextEquiv>
                    <Unicode>etwas Erzwungenes, Unfreies. Ihre äußere Erscheinung und, was wir</Unicode>
                </TextEquiv>
            </TextLine>
            <TextLine id="r3l61" custom="readingOrder {index:60;}">
                <Coords points="1970,2489 3283,2494 3282,2431 3216,2422 1970,2463"/>
                <Baseline points="1980,2487 2044,2486 2109,2485 2174,2483 2238,2482 2303,2480 2368,2479 2432,2478 2497,2476 2562,2475 2627,2473 2691,2472 2756,2470 2821,2469 2885,2468 2950,2467 3015,2466 3079,2465 3144,2464 3209,2464 3274,2464"/>
                <TextEquiv>
                    <Unicode>über die jugendliche Christine hören, stehen mit einander in Widerspruch.</Unicode>
                </TextEquiv>
            </TextLine>
            <TextLine id="r3l62" custom="readingOrder {index:61;}">
                <Coords points="2089,2551 3273,2533 3249,2478 3093,2473 2088,2496"/>
                <Baseline points="2097,2540 2155,2540 2213,2540 2272,2539 2330,2538 2389,2538 2447,2537 2505,2536 2564,2535 2622,2533 2681,2532 2739,2531 2797,2530 2856,2528 2914,2527 2973,2526 3031,2524 3089,2523 3148,2521 3206,2520 3265,2519"/>
                <TextEquiv>
                    <Unicode>)Max tritt außer in der im Lobetheater bereits gespielten „Frage an</Unicode>
                </TextEquiv>
            </TextLine>
            <TextLine id="r3l63" custom="readingOrder {index:62;}">
                <Coords points="1977,2603 3181,2577 3273,2534 1976,2552"/>
                <Baseline points="1985,2585 2052,2583 2119,2582 2186,2581 2254,2580 2321,2579 2388,2578 2456,2577 2523,2576 2590,2575 2658,2573 2725,2572 2792,2571 2860,2569 2927,2567 2994,2566 3062,2564 3129,2563 3196,2561 3264,2559"/>
                <TextEquiv>
                    <Unicode>das Schicksal“ noch auf in „Episode", „Agonie", „Anatols Hochzeits¬</Unicode>
                </TextEquiv>
            </TextLine>
            <TextLine id="r3l64" custom="readingOrder {index:63;}">
                <Coords points="1970,2634 3054,2618 3245,2603 3273,2561 1969,2599"/>
                <Baseline points="1979,2627 2043,2625 2107,2623 2171,2621 2236,2619 2300,2616 2364,2615 2428,2614 2493,2612 2557,2611 2621,2610 2685,2609 2750,2607 2814,2606 2878,2605 2942,2604 3007,2603 3071,2601 3135,2600 3199,2599 3264,2597"/>
                <TextEquiv>
                    <Unicode>morgen“. Anatol und seine jeweilige Geliebte allein finden wir in den</Unicode>
                </TextEquiv>
            </TextLine>
            <TextLine id="r3l65" custom="readingOrder {index:64;}">
                <Coords points="2916,2649 2999,2654 3029,2644 3090,2657 3102,2646 3118,2658 3139,2641 3177,2651 3224,2637 3278,2661 3282,2593 3147,2609 3072,2602 3055,2615 2984,2603 2915,2617"/>
                <Baseline points="2925,2644 2951,2644 2978,2644 3005,2644 3032,2644 3058,2643 3085,2643 3112,2643 3139,2642 3165,2641 3192,2640 3219,2638 3246,2636 3273,2633"/>
                <TextEquiv>
                    <Unicode>Arthur Schnitzler's</Unicode>
                </TextEquiv>
            </TextLine>
            <TextLine id="r3l66" custom="readingOrder {index:65;}">
                <Coords points="1987,2684 2315,2677 2368,2645 2464,2666 2833,2651 2832,2614 2796,2607 2624,2612 2596,2638 2480,2614 1986,2641"/>
                <Baseline points="1995,2670 2036,2666 2077,2664 2119,2662 2160,2659 2202,2658 2243,2656 2284,2655 2326,2654 2367,2653 2409,2652 2450,2651 2491,2651 2533,2650 2574,2650 2616,2649 2657,2648 2698,2647 2740,2646 2781,2645 2823,2643"/>
                <TextEquiv>
                    <Unicode>„Weihnachtseinkäufen“ und in den „Denksteinen“.</Unicode>
                </TextEquiv>
            </TextLine>
            <TextLine id="r3l67" custom="readingOrder {index:66;}">
                <Coords points="1989,2715 3264,2708 3283,2661 1988,2683"/>
                <Baseline points="1997,2704 2060,2702 2124,2700 2188,2698 2252,2697 2316,2695 2380,2693 2444,2692 2508,2691 2572,2690 2636,2688 2699,2688 2763,2687 2827,2686 2891,2685 2955,2684 3019,2683 3083,2682 3147,2681 3211,2680 3275,2679"/>
                <TextEquiv>
                    <Unicode>„Anatol“ illustrirt von W. Coschell. Erste bis dritte Auflage. Berlin,</Unicode>
                </TextEquiv>
            </TextLine>
            <TextLine id="r3l68" custom="readingOrder {index:67;}">
                <Coords points="1966,2754 2033,2748 2071,2767 2228,2740 2296,2760 2319,2740 2453,2738 2453,2718 2417,2699 2316,2693 2277,2709 2144,2699 1999,2713 1965,2691"/>
                <Baseline points="1975,2743 2001,2741 2027,2740 2053,2739 2079,2738 2105,2738 2131,2737 2157,2736 2183,2736 2210,2735 2236,2735 2262,2735 2288,2734 2314,2734 2340,2734 2366,2733 2392,2733 2418,2733 2445,2732"/>
                <TextEquiv>
                    <Unicode>S. Fisches, Verlag. 1901.</Unicode>
                </TextEquiv>
            </TextLine>
            <TextLine id="r3l69" custom="readingOrder {index:68;}">
                <Coords points="1959,2808 3265,2785 3264,2735 1959,2767"/>
                <Baseline points="1969,2800 2033,2799 2097,2797 2161,2796 2226,2795 2290,2794 2354,2794 2419,2793 2483,2792 2547,2792 2612,2791 2676,2791 2740,2790 2804,2789 2869,2788 2933,2787 2997,2786 3062,2785 3126,2783 3190,2781 3255,2779"/>
                <TextEquiv>
                    <Unicode>Frau Niese verfügt durch ungewöhnlich frohe Geberlaune der Natur</Unicode>
                </TextEquiv>
            </TextLine>
            <TextLine id="r3l70" custom="readingOrder {index:69;}">
                <Coords points="1951,2854 3255,2821 3254,2781 1951,2812"/>
                <Baseline points="1960,2844 2024,2842 2088,2841 2152,2840 2217,2839 2281,2838 2345,2837 2410,2837 2474,2836 2538,2836 2603,2835 2667,2835 2731,2834 2795,2833 2860,2832 2924,2831 2988,2829 3053,2827 3117,2824 3181,2822 3246,2818"/>
                <TextEquiv>
                    <Unicode>über so viel, sie hat durch reife Kunst dies ihr verliehene Talent er¬</Unicode>
                </TextEquiv>
            </TextLine>
            <TextLine id="r3l71" custom="readingOrder {index:70;}">
                <Coords points="1956,2886 3255,2892 3267,2831 1956,2850"/>
                <Baseline points="1966,2887 2030,2885 2095,2884 2159,2883 2224,2882 2289,2881 2353,2881 2418,2880 2483,2880 2547,2880 2612,2880 2677,2879 2741,2878 2806,2877 2871,2877 2935,2875 3000,2873 3065,2871 3129,2868 3194,2865 3259,2861"/>
                <TextEquiv>
                    <Unicode>freulichst ausgebildet, daß sie wahrlich nicht nöthig hätte, ihre Eigenart</Unicode>
                </TextEquiv>
            </TextLine>
            <TextLine id="r3l72" custom="readingOrder {index:71;}">
                <Coords points="1948,2935 3262,2929 3261,2878 3208,2868 2261,2909 1947,2882"/>
                <Baseline points="1957,2928 2021,2927 2086,2926 2151,2925 2216,2925 2280,2924 2345,2923 2410,2922 2475,2922 2539,2921 2604,2920 2669,2919 2734,2918 2798,2917 2863,2916 2928,2914 2993,2913 3057,2912 3122,2911 3187,2909 3252,2907"/>
                <TextEquiv>
                    <Unicode>zu unterdrücken, um Rollen zu spielen, für welche sie die nöthige</Unicode>
                </TextEquiv>
            </TextLine>
            <TextLine id="r3l73" custom="readingOrder {index:72;}">
                <Coords points="1958,2981 3260,2953 3259,2907 1958,2937"/>
                <Baseline points="1968,2973 2032,2971 2096,2970 2160,2969 2224,2968 2289,2967 2353,2966 2417,2965 2481,2964 2545,2963 2610,2962 2674,2961 2738,2960 2802,2959 2866,2958 2931,2957 2995,2955 3059,2954 3123,2953 3187,2952 3252,2950"/>
                <TextEquiv>
                    <Unicode>Poesie und Tragik nun einmal nicht besitzt. Echter, kerngesunder</Unicode>
                </TextEquiv>
            </TextLine>
            <TextLine id="r3l74" custom="readingOrder {index:73;}">
                <Coords points="1960,3014 3265,2987 3019,2946 1959,2982"/>
                <Baseline points="1968,3016 2032,3014 2096,3013 2161,3012 2225,3011 2290,3010 2354,3009 2418,3007 2483,3007 2547,3006 2612,3005 2676,3003 2740,3003 2805,3001 2869,3000 2934,2999 2998,2998 3062,2996 3127,2994 3191,2993 3256,2991"/>
                <TextEquiv>
                    <Unicode>Humor, wie er in Frau Niese lebt, taucht unter den Bühnenkünstlern</Unicode>
                </TextEquiv>
            </TextLine>
            <TextLine id="r3l75" custom="readingOrder {index:74;}">
                <Coords points="1958,3053 3218,3053 3256,2999 1957,3014"/>
                <Baseline points="1967,3057 2031,3056 2095,3055 2159,3054 2223,3053 2287,3052 2351,3051 2415,3050 2479,3049 2543,3049 2607,3048 2671,3047 2735,3045 2799,3044 2863,3043 2927,3042 2991,3041 3055,3039 3119,3037 3183,3035 3247,3033"/>
                <TextEquiv>
                    <Unicode>der Gegenwart so selten auf, daß wir ihr für dessen Bewährung</Unicode>
                </TextEquiv>
            </TextLine>
            <TextLine id="r3l76" custom="readingOrder {index:75;}">
                <Coords points="1951,3103 3160,3097 3258,3081 3257,3039 1950,3067"/>
                <Baseline points="1959,3103 2023,3101 2087,3099 2152,3097 2216,3096 2281,3095 2345,3094 2410,3093 2474,3092 2539,3091 2603,3090 2667,3090 2732,3089 2796,3088 2861,3087 2925,3086 2990,3085 3054,3083 3119,3082 3183,3080 3248,3079"/>
                <TextEquiv>
                    <Unicode>dankbar genug sein würden, und nicht weiteres fordern, um an</Unicode>
                </TextEquiv>
            </TextLine>
            <TextLine id="r3l77" custom="readingOrder {index:76;}">
                <Coords points="1958,3140 3154,3140 3260,3127 3260,3081 1958,3108"/>
                <Baseline points="1968,3144 2032,3142 2096,3140 2160,3139 2224,3137 2289,3136 2353,3136 2417,3135 2481,3134 2545,3134 2610,3133 2674,3133 2738,3132 2802,3131 2866,3130 2931,3129 2995,3127 3059,3125 3123,3123 3187,3120 3252,3117"/>
                <TextEquiv>
                    <Unicode>ihrer Künstlerschaft uns bewundernd zu erfreuen. Wie schwer der wirk¬</Unicode>
                </TextEquiv>
            </TextLine>
            <TextLine id="r3l78" custom="readingOrder {index:77;}">
                <Coords points="1958,3201 3263,3168 3227,3126 1957,3139"/>
                <Baseline points="1967,3185 2031,3184 2095,3183 2160,3182 2224,3181 2288,3180 2353,3179 2417,3178 2481,3177 2546,3177 2610,3176 2674,3175 2739,3174 2803,3173 2867,3172 2932,3171 2996,3169 3060,3168 3125,3166 3189,3165 3254,3163"/>
                <TextEquiv>
                    <Unicode>liche Humor anzutreffen ist, hat gerade die diesmalige Aufführung der</Unicode>
                </TextEquiv>
            </TextLine>
            <TextLine id="r3l79" custom="readingOrder {index:78;}">
                <Coords points="1956,3220 3271,3218 3231,3167 1956,3197"/>
                <Baseline points="1965,3229 2029,3228 2094,3226 2159,3224 2224,3223 2289,3222 2353,3221 2418,3219 2483,3218 2548,3218 2613,3217 2677,3216 2742,3215 2807,3214 2872,3213 2937,3213 3001,3212 3066,3211 3131,3210 3196,3209 3261,3208"/>
                <TextEquiv>
                    <Unicode>„Liebelei“ wieder bewiesen. Daß Herr Marx ein trefflicher Komiker ist,</Unicode>
                </TextEquiv>
            </TextLine>
            <TextLine id="r3l80" custom="readingOrder {index:79;}">
                <Coords points="1948,3268 3208,3266 3269,3217 1948,3238"/>
                <Baseline points="1958,3272 2023,3270 2088,3268 2153,3266 2218,3265 2283,3264 2348,3263 2413,3262 2478,3261 2543,3260 2609,3260 2674,3259 2739,3258 2804,3257 2869,3256 2934,3256 2999,3255 3064,3253 3129,3252 3194,3250 3260,3248"/>
                <TextEquiv>
                    <Unicode>der mit vollem künstlerischen Ernst auch Charakterrollen auszuführen ver¬</Unicode>
                </TextEquiv>
            </TextLine>
            <TextLine id="r3l81" custom="readingOrder {index:80;}">
                <Coords points="1946,3330 3260,3301 3231,3255 1945,3285"/>
                <Baseline points="1955,3318 2019,3315 2084,3313 2149,3310 2214,3308 2278,3307 2343,3305 2408,3304 2473,3302 2537,3302 2602,3301 2667,3300 2732,3299 2796,3298 2861,3298 2926,3297 2991,3297 3055,3296 3120,3295 3185,3295 3250,3294"/>
                <TextEquiv>
                    <Unicode>steht, braucht man nicht erst hervorzuheben. Allein wie er früher in anders</Unicode>
                </TextEquiv>
            </TextLine>
            <TextLine id="r3l82" custom="readingOrder {index:81;}">
                <Coords points="1962,3362 3151,3359 3262,3345 3262,3313 1962,3328"/>
                <Baseline points="1971,3361 2035,3357 2099,3355 2163,3352 2227,3350 2291,3349 2355,3348 2420,3347 2484,3346 2548,3346 2612,3346 2676,3346 2740,3345 2804,3345 2869,3345 2933,3344 2997,3343 3061,3342 3125,3340 3189,3338 3254,3336"/>
                <TextEquiv>
                    <Unicode>gearteten Aufgaben neben Herrn Höfet wirkte, so vermag er auch heute</Unicode>
                </TextEquiv>
            </TextLine>
            <TextLine id="r3l83" custom="readingOrder {index:82;}">
                <Coords points="1953,3407 2938,3408 3262,3388 3262,3349 1953,3364"/>
                <Baseline points="1963,3401 2027,3399 2092,3397 2156,3396 2221,3394 2285,3394 2350,3393 2414,3392 2479,3391 2543,3390 2608,3390 2673,3389 2737,3388 2802,3388 2866,3387 2931,3386 2995,3385 3060,3383 3124,3381 3189,3379 3254,3377"/>
                <TextEquiv>
                    <Unicode>Herrn Höfer, für den sich noch immer kein Nachfolger gefunden hat, nicht</Unicode>
                </TextEquiv>
            </TextLine>
            <TextLine id="r3l84" custom="readingOrder {index:83;}">
                <Coords points="1956,3452 3218,3436 3264,3386 1955,3408"/>
                <Baseline points="1965,3443 2029,3442 2094,3441 2158,3439 2223,3438 2287,3438 2352,3437 2416,3437 2481,3436 2545,3435 2610,3435 2674,3434 2739,3433 2803,3432 2868,3431 2932,3429 2997,3427 3061,3425 3126,3423 3190,3419 3255,3416"/>
                <TextEquiv>
                    <Unicode>zu ersetzen. Die scharfe und spitze, wie sich auch im „Abschiedssouper“</Unicode>
                </TextEquiv>
            </TextLine>
            <TextLine id="r3l85" custom="readingOrder {index:84;}">
                <Coords points="1955,3482 3268,3464 3267,3430 3118,3427 1955,3467"/>
                <Baseline points="1964,3486 2028,3484 2093,3483 2158,3482 2222,3480 2287,3479 2352,3478 2416,3477 2481,3477 2546,3476 2611,3475 2675,3474 2740,3474 2805,3473 2869,3472 2934,3471 2999,3470 3063,3468 3128,3467 3193,3466 3258,3464"/>
                <TextEquiv>
                    <Unicode>wieder zeigte, gerne der Caricatur zustrebende Komik unseres hochgeschätzten</Unicode>
                </TextEquiv>
            </TextLine>
            <TextLine id="r3l86" custom="readingOrder {index:85;}">
                <Coords points="1962,3527 3190,3523 3271,3507 3271,3468 1962,3493"/>
                <Baseline points="1972,3528 2036,3526 2101,3524 2165,3523 2230,3521 2294,3520 2359,3519 2423,3519 2488,3518 2552,3517 2617,3517 2681,3516 2746,3516 2810,3515 2875,3514 2939,3513 3004,3511 3068,3510 3133,3508 3197,3506 3262,3503"/>
                <TextEquiv>
                    <Unicode>Herrn Marx und der behäbig abgerundete, gutmüthige Humor Höfer's sind</Unicode>
                </TextEquiv>
            </TextLine>
            <TextLine id="r3l87" custom="readingOrder {index:86;}">
                <Coords points="1962,3569 3264,3566 3273,3505 1961,3537"/>
                <Baseline points="1971,3571 2035,3569 2100,3568 2165,3566 2229,3565 2294,3564 2359,3563 2423,3562 2488,3561 2553,3560 2618,3559 2682,3559 2747,3558 2812,3557 2876,3556 2941,3555 3006,3554 3070,3552 3135,3551 3200,3548 3265,3547"/>
                <TextEquiv>
                    <Unicode>sehr verschiedene Eigenschaften, und man kann von einem Darsteller nicht</Unicode>
                </TextEquiv>
            </TextLine>
            <TextLine id="r3l88" custom="readingOrder {index:87;}">
                <Coords points="1962,3602 3277,3601 3276,3562 3168,3553 1962,3573"/>
                <Baseline points="1972,3612 2036,3611 2101,3610 2166,3609 2231,3608 2295,3607 2360,3606 2425,3604 2490,3604 2554,3602 2619,3601 2684,3600 2749,3599 2813,3598 2878,3597 2943,3596 3008,3595 3072,3594 3137,3593 3202,3591 3267,3590"/>
                <TextEquiv>
                    <Unicode>beide verlangen. Wer Höfer's Theodor, Lettinger's herzgewinnenden Herrn</Unicode>
                </TextEquiv>
            </TextLine>
            <TextLine id="r3l89" custom="readingOrder {index:88;}">
                <Coords points="1968,3665 3214,3653 3267,3639 3267,3595 1967,3620"/>
                <Baseline points="1977,3655 2041,3654 2105,3652 2169,3651 2233,3650 2297,3649 2361,3648 2425,3647 2489,3646 2553,3646 2617,3645 2681,3644 2745,3644 2809,3643 2873,3643 2937,3642 3001,3641 3065,3640 3129,3639 3193,3638 3258,3637"/>
                <TextEquiv>
                    <Unicode>Fritz, bei dessen Verkörperung man Christinens innige Liebe begriff, ge¬</Unicode>
                </TextEquiv>
            </TextLine>
            <TextLine id="r3l90" custom="readingOrder {index:89;}">
                <Coords points="1958,3691 3258,3692 3277,3642 1957,3659"/>
                <Baseline points="1967,3700 2032,3698 2097,3696 2162,3695 2227,3693 2292,3692 2357,3691 2422,3690 2487,3689 2552,3689 2617,3688 2682,3687 2747,3686 2812,3685 2877,3685 2942,3684 3007,3683 3072,3682 3137,3681 3202,3679 3268,3678"/>
                <TextEquiv>
                    <Unicode>sehen hat, wird in der Darstellung des Freundespaares durch die Herren</Unicode>
                </TextEquiv>
            </TextLine>
            <TextLine id="r3l91" custom="readingOrder {index:90;}">
                <Coords points="1961,3743 3274,3734 3273,3690 3128,3678 1961,3704"/>
                <Baseline points="1971,3739 2035,3738 2100,3738 2165,3737 2229,3736 2294,3735 2359,3735 2423,3734 2488,3733 2553,3732 2618,3731 2682,3730 2747,3729 2812,3728 2876,3727 2941,3726 3006,3725 3070,3724 3135,3723 3200,3721 3265,3720"/>
                <TextEquiv>
                    <Unicode>Marx und Schlaghammer trotz der von beiden gebotenen Leistungen</Unicode>
                </TextEquiv>
            </TextLine>
            <TextLine id="r3l92" custom="readingOrder {index:91;}">
                <Coords points="1968,3795 3267,3779 3237,3726 1968,3750"/>
                <Baseline points="1976,3780 2040,3780 2104,3779 2168,3779 2232,3778 2296,3777 2360,3777 2424,3776 2488,3775 2552,3774 2616,3773 2680,3772 2744,3771 2808,3770 2872,3769 2936,3767 3000,3766 3064,3764 3128,3763 3192,3761 3257,3759"/>
                <TextEquiv>
                    <Unicode>mit Bedauern einen ganz bedenklichen Rückgang unseres Schauspiels fest¬</Unicode>
                </TextEquiv>
            </TextLine>
            <TextLine id="r3l93" custom="readingOrder {index:92;}">
                <Coords points="1968,3835 3194,3817 3266,3780 1968,3791"/>
                <Baseline points="1977,3825 2041,3824 2105,3823 2169,3822 2233,3821 2297,3821 2361,3820 2425,3819 2489,3818 2553,3817 2617,3817 2681,3815 2745,3814 2809,3813 2873,3812 2937,3811 3001,3810 3065,3808 3129,3806 3193,3804 3258,3802"/>
                <TextEquiv>
                    <Unicode>stellen müssen. Wenn auch das Eintreten Herrn Ziegel's als des ge¬</Unicode>
                </TextEquiv>
            </TextLine>
            <TextLine id="r3l94" custom="readingOrder {index:93;}">
                <Coords points="1954,3880 3250,3863 3267,3803 1953,3832"/>
                <Baseline points="1963,3866 2027,3865 2092,3864 2157,3863 2222,3862 2287,3861 2351,3860 2416,3859 2481,3859 2546,3858 2611,3858 2675,3857 2740,3856 2805,3855 2870,3854 2935,3853 2999,3852 3064,3850 3129,3849 3194,3847 3259,3845"/>
                <TextEquiv>
                    <Unicode>kränkten Gatten und Herrn Müller's, der Christinens Vater natürlich</Unicode>
                </TextEquiv>
            </TextLine>
            <TextLine id="r3l95" custom="readingOrder {index:94;}">
                <Coords points="1966,3915 3177,3910 3276,3867 1965,3878"/>
                <Baseline points="1974,3908 2038,3907 2103,3907 2168,3906 2232,3905 2297,3904 2362,3903 2426,3902 2491,3901 2556,3900 2621,3899 2685,3898 2750,3897 2815,3896 2879,3895 2944,3894 3009,3893 3073,3892 3138,3892 3203,3891 3268,3891"/>
                <TextEquiv>
                    <Unicode>und rührend gab, einen Gewinn für diese beiden Rollen bedeutete, so</Unicode>
                </TextEquiv>
            </TextLine>
            <TextLine id="r3l96" custom="readingOrder {index:95;}">
                <Coords points="1968,3967 3238,3949 3277,3910 1968,3914"/>
                <Baseline points="1977,3953 2041,3950 2106,3949 2170,3947 2235,3946 2299,3945 2364,3944 2428,3943 2493,3943 2557,3942 2622,3942 2687,3941 2751,3941 2816,3940 2880,3939 2945,3939 3009,3938 3074,3937 3138,3936 3203,3934 3268,3932"/>
                <TextEquiv>
                    <Unicode>wurde doch die Gesammtdarstellung der „Liebelei“ zu einer Niederlage un¬</Unicode>
                </TextEquiv>
            </TextLine>
            <TextLine id="r3l97" custom="readingOrder {index:96;}">
                <Coords points="1966,4003 3142,3980 3290,4012 3289,3945 3188,3937 1966,3962"/>
                <Baseline points="1975,3994 2040,3993 2105,3992 2170,3991 2236,3990 2301,3989 2366,3988 2432,3987 2497,3987 2562,3986 2628,3985 2693,3985 2758,3984 2823,3984 2889,3984 2954,3983 3019,3983 3085,3983 3150,3983 3215,3983 3281,3983"/>
                <TextEquiv>
                    <Unicode>seres Schauspiels, ein Unrecht gegen den Dichter, dessen Werk in dieser</Unicode>
                </TextEquiv>
            </TextLine>
            <TextLine id="r3l98" custom="readingOrder {index:97;}">
                <Coords points="1969,4055 2799,4036 2798,3998 2738,3994 1968,4004"/>
                <Baseline points="1977,4033 2017,4034 2058,4035 2098,4035 2139,4035 2180,4035 2220,4035 2261,4035 2301,4034 2342,4033 2383,4032 2423,4031 2464,4030 2504,4029 2545,4028 2586,4027 2626,4026 2667,4026 2707,4025 2748,4025 2789,4025"/>
                <TextEquiv>
                    <Unicode>Entstellung gar nicht wieder zu erkennen war.</Unicode>
                </TextEquiv>
            </TextLine>
            <TextEquiv>
                <Unicode>
Die Bühnenschicksale der beiden Schnitzlerschen Stücke in Breslau
sind sehr verschiedenartig ausgefallen. Während wir von der so heiter ein¬
setzenden und tragisch endenden „Liebelei“ früher eine ganz vorzügliche,
von der übermüthig lustigen Scene „Abschiedssouper“ aus dem Anatol¬
Cyklus eine ganz ungenügende Aufführung erhielten, hat sich das Verhältniß
zwischen beiden Stücken diesmal umgekehrt. Die im letzten Berichte aus¬
Fü
gesprochene Hoffnung, unser Gast werde als Christine wie als Annie den
ihrer Darstellung beider Rollen vorausgehenden Ruf rechtfertigen, ist nur
bezüglich der letzteren in Erfüllung gegangen. Frau Niese's Vorführung
der mit ebenso gutem Appetite wie Verliebtheit ausgestatteten Balleteuse
Annie, die Anatol's Wunsch nach einer Trennung durch Eingeständniß
ihres neuen Verhältnisses zuvorkommt, war eine Prachtleistung, welche für
Ab
Abo
die vorangehende dreiactige Langeweile eine etwas kurze, doch in der kurzen
Scene intensive Entschädigung gewährte. Wie man die „Liebelei“ in ihrer
schleppend farblosen Darstellung gar nicht wieder als dasselbe Stück er¬
Inha
kannte, das einstens im mustergültigen Zusammenspiel der Herren Höfer und
blä
wonn Lettinger, Frl. Jurberg und Frau Sorma mit unwiderstehlicher Heiterkeit
Leber und wehmüthiger Theilnahme auf uns wirkte, so mußte man auch gestehen,
theiln daß wir das „Abschiedssouper“ erst jetzt in seiner übersprudelnden, etwas frechen
Laune kennen gelernt haben. Zwar wurde Frau Niese auch in dem Einacter
von den Mitspielenden nicht sonderlich unterstützt. Den klugen Freund Max
denkt man sich bei Zusammenfassung der fünf von den sieben Anatolscenen,
* in denen er mitspielt*), doch etwas anders als den bloßen Lebemann, wie
ihn Herr Marx darstellte. Herr Schlaghammer machte seine Sache recht
gut, aber der Schnitzler'sche Anatol, der liebenswürdige, leichtsinnige wiener
Don Juan der Gegenwart mit dem halbärztlichen Einschlage des psychologi¬
schen Beobachters von Typen süßer Mädels und dömonischer Frauen war
auch er nicht. Wie solche pikante Scenen im Chambre separée auch an den
Darsteller der kleinen Kellnerrolle Anforderungen stellen, hat uns ehemals
im Lobetheater der unvergeßliche Max Löwe als dienstbeflissener Kellner im
letzten Acte der „Cyprienne“ gezeigt. Den schwerfälligen Herrn Kurzbuch
mit dieser Aufgabe zu betrauen, heißt die Erfordernisse des pikanten Ein¬
acters verkennen. Aber so sehr das „Abschiedssouper“ durch glückliche Be¬
setzung der drei männlichen Rollen noch gewinnen kann, die Entscheidung
über seinen Eindruck liegt doch bei der Darstellung der Annie, und die kann
man sich nicht eindrucksvoller gespielt denken, als es durch Frau Hansi Niese
geschah. Die urwüchsige Genußfreude und geradezu naive Unbefangenheit,
welche den Gedanken an einen moralischen Maßstab der Dinge gar nicht
zu fassen vermag, ist bei der Niese'schen Annie so voll von prächtigstem
Humor durchtränkt, daß niemand so leicht diesem Zauber widerstehen kann.
Die derbe Frechheit der Balleteuse weiß Frau Niese ebenso natürlich und
lustig zum Ausdruck zu bringen wie die derbe Treuherzigkeit von Raimund's
kreuzbraver, aber frauenzimmerlich kleinlicher Rosel.
Seltsam erscheint es, daß eine Natur und Kunst so reizend vereinende
Darstellerin über die Grenzen ihrer Fähigkeit sich dermaßen täuschen kann,
daß sie die ernste träumerische Christine unter ihre Gastspielrollen aufnimmt.
Frau Niese würde die resolute Mizi Schlager, die leichtfertige Modistin
a. D., in deren Rolle jetzt Fräulein Konrad zwar ihre Vorgängerin
(Frl. Jurberg) keineswegs zu ersetzen vermochte, doch mit großem Fleiße
eine sehr anerkennenswerthe, gute Leistung bot, etwas derber, aber mit
starker humoristischer Wirkung spielen. Für die Verkörperung der Christine
fehlen ihr alle Voraussetzungen. Schon durch die erzwungene Dämpfung
und in die Höhe Pressung ihres tiefen Organs bekommt ihre Christine
etwas Erzwungenes, Unfreies. Ihre äußere Erscheinung und, was wir
über die jugendliche Christine hören, stehen mit einander in Widerspruch.
)Max tritt außer in der im Lobetheater bereits gespielten „Frage an
das Schicksal“ noch auf in „Episode", „Agonie", „Anatols Hochzeits¬
morgen“. Anatol und seine jeweilige Geliebte allein finden wir in den
Arthur Schnitzler's
„Weihnachtseinkäufen“ und in den „Denksteinen“.
„Anatol“ illustrirt von W. Coschell. Erste bis dritte Auflage. Berlin,
S. Fisches, Verlag. 1901.
Frau Niese verfügt durch ungewöhnlich frohe Geberlaune der Natur
über so viel, sie hat durch reife Kunst dies ihr verliehene Talent er¬
freulichst ausgebildet, daß sie wahrlich nicht nöthig hätte, ihre Eigenart
zu unterdrücken, um Rollen zu spielen, für welche sie die nöthige
Poesie und Tragik nun einmal nicht besitzt. Echter, kerngesunder
Humor, wie er in Frau Niese lebt, taucht unter den Bühnenkünstlern
der Gegenwart so selten auf, daß wir ihr für dessen Bewährung
dankbar genug sein würden, und nicht weiteres fordern, um an
ihrer Künstlerschaft uns bewundernd zu erfreuen. Wie schwer der wirk¬
liche Humor anzutreffen ist, hat gerade die diesmalige Aufführung der
„Liebelei“ wieder bewiesen. Daß Herr Marx ein trefflicher Komiker ist,
der mit vollem künstlerischen Ernst auch Charakterrollen auszuführen ver¬
steht, braucht man nicht erst hervorzuheben. Allein wie er früher in anders
gearteten Aufgaben neben Herrn Höfet wirkte, so vermag er auch heute
Herrn Höfer, für den sich noch immer kein Nachfolger gefunden hat, nicht
zu ersetzen. Die scharfe und spitze, wie sich auch im „Abschiedssouper“
wieder zeigte, gerne der Caricatur zustrebende Komik unseres hochgeschätzten
Herrn Marx und der behäbig abgerundete, gutmüthige Humor Höfer's sind
sehr verschiedene Eigenschaften, und man kann von einem Darsteller nicht
beide verlangen. Wer Höfer's Theodor, Lettinger's herzgewinnenden Herrn
Fritz, bei dessen Verkörperung man Christinens innige Liebe begriff, ge¬
sehen hat, wird in der Darstellung des Freundespaares durch die Herren
Marx und Schlaghammer trotz der von beiden gebotenen Leistungen
mit Bedauern einen ganz bedenklichen Rückgang unseres Schauspiels fest¬
stellen müssen. Wenn auch das Eintreten Herrn Ziegel's als des ge¬
kränkten Gatten und Herrn Müller's, der Christinens Vater natürlich
und rührend gab, einen Gewinn für diese beiden Rollen bedeutete, so
wurde doch die Gesammtdarstellung der „Liebelei“ zu einer Niederlage un¬
seres Schauspiels, ein Unrecht gegen den Dichter, dessen Werk in dieser
Entstellung gar nicht wieder zu erkennen war.</Unicode>
            </TextEquiv>
        </TextRegion>
    </Page>
</PcGts>
