3484 4256
334 173 694 245 Liebele
278 167 1304 271 box 13/7
1733 183 2563 315 Deutsches Theater
2631 277 2762 356 8
1631 320 2666 413 Schlußvorstellung des deutschen Theaters
1541 403 2747 483 Liebelei. — Schauspiel in 3 Akten von Arthur Schnitzler
1589 464 2757 548 Vor 15 Tagen öffneten sich die Pforten des Theaters,
1550 531 2755 587 um die Wiener Künstlerschar freudig willkommen zu
1547 577 2749 637 heißen, und heute herrscht schon wieder lantlose Stille im
1541 630 2749 687 kleinen Theatersaale. Der Vorhang, der nach der gestrigen
1547 669 2763 737 Vorstellung fiel, wird erst nach langer Zeit wieder in die
1557 729 1824 799 Höhe gehen.
1652 748 2764 829 Zum Abschied wählte das deutsche Ensemble die
1559 819 2769 885 „Liebelei“, das erste erfolgreiche Stück des berühmten
1549 888 2769 936 Wiener Bühnendichters Arthur Schnitzler, das auf all¬
1556 924 2777 980 gemein menschlichen Erleben aufgebaut, auch heute, nach
1562 970 2771 1031 31 Jahren, auf den Zuschauer tiefen Eindruck ausübt. Es
1552 1010 2776 1090 ist das Trauerspiel eines schlichten Bürgermädchens, das
1564 1067 2774 1133 ihr Herz ganz hingegeben hat und dafür ein ganzes Män¬
1554 1127 2769 1197 nerherz gewonnen zu haben glaubi, jedoch nach dem plötzli¬
1559 1164 2766 1236 chen Tode des Geliebten, der in einem Duell für eine an¬
1557 1223 2770 1294 dere Frau fiel, erfährt, daß die Beziehungen für ihm nur
1571 1265 2778 1328 eine Liebelei gewesen seien. Es ist der Zusammenstoß zweier
1560 1319 2771 1380 Weltanschauungen über die Liebe, die von einigen als ernste
1569 1371 2782 1428 Lebensfrage, von anderen als Zerstreuung, Erholung auf¬
1576 1428 1845 1497 gesaßt wird.
1662 1448 2767 1530 Die gestrige Vorstellung war eine der besten Auffüh¬
1566 1509 2782 1577 rungen, die wir vom Wiener Schauspielensemble während
1562 1557 2776 1631 des kurzen Gastspieles zu sehen bekamen. Die zweierlei
1570 1605 2795 1672 Menschentypen waren durch Frl. Schefranek und
1567 1675 2779 1722 Herrn Grünert, sowie durch Frl. Baumgartner
1581 1719 2797 1772 und Herrn Sima vertreten. Frl. Baumgartner war ein
1570 1773 2786 1838 reizendes, gemütliches, in der Liebe recht rasche Abwechs¬
1583 1828 2787 1880 lung liebendes („wer denkt im Mai an August") Wiener
1571 1854 2791 1928 Mädel, Herr Sima ein flott lebender Wiener Student, der
1576 1902 2794 1990 mit der Liebe ebenfalls nicht viel Aufsehens macht. Die
1578 1959 2798 2026 Rolle des ernst liebendes jungen Mannes spielte Herr
1588 2012 2794 2080 Grünert mit steigender Gestaltungskraft. Die Hauptheldin
1589 2074 2798 2118 des gestrigen Abends war aber entschieden Frl. Schefra¬
1591 2119 2809 2195 nek, nicht nur durch die vom Autor ihr zugedachte Rolle,
1592 2153 2796 2223 sondenn hauptsächlich durch ihre erstrangige künstlerische
1589 2210 2808 2274 Glanzleistung. Sie spielte nicht, sie überlebte die von Szene
1592 2243 2810 2328 zu Szene wachsende Liebe und die fürchterliche Enttäu¬
1593 2319 2805 2375 schung, welche sich im dritten Akte in schauerlichen Leiden¬
1596 2341 2798 2413 schaftsausbrüchen austobt. Wir bewunderten während der
1588 2393 2804 2476 Gastspielzeit stets das starke Talent dieser jungen Künstle¬
1594 2446 2797 2517 rin, aber niemals ahnten wir, daß ihr ungeröhnliches
1590 2509 2805 2567 Können auch in so tragische Höhen reiche. Der unwilltür
1593 2537 2798 2626 liche und unwiderstehliche Wiener Humor widerspiegelte sich
1599 2623 2805 2665 in der Kabinettfigur der Strumpfwirkersfrau, welche Frau¬
1587 2643 2799 2724 Prandau mit fein unterstrichenen Zügen unübertreff¬
1598 2693 2802 2766 lich charakterisierte. Ebenfalls eine Figur aus dem Lehen
1601 2743 2795 2816 stellte Herr Czell in der Rolle des verständnisvollen
1590 2783 2819 2868 Vaters dar, der durch das Unglück seines heißgeliobien
1593 2863 2512 2917 Töchterleins vollkommen zerknirscht wurde.
1687 2881 2813 2984 Seinen Schmerz, den er in den Schlußworten des
1604 2940 2808 3021 Stückes — „Sie kommt nicht wieder!“— ausspricht, ems¬
1594 2990 2812 3073 fand und teilte jeder Zuschauer; den Gefühlen des Publi¬
1605 3035 2808 3117 kums mengte sich aber noch das Leid um den Verlust zu,
1602 3091 2820 3165 die deutsche Gesellschaft wieder geraume Zeit entbeh¬
1600 3160 2813 3213 ren zu müssen. Nachdem der Vorhang fiel, wollte der Bei¬
1607 3203 2825 3272 fall kein Ende nehmen, und erreichte den Höhepunkt, als
1607 3257 2822 3314 Direktor Strial die Bühne betrat und inmitten seiner
1601 3276 2822 3361 Künstlerschar mit vielen Verbeugungen für die Gunst des
1597 3353 2815 3415 Temesvarer Publikums dankte. Und die armen, verlassenen
1613 3387 2811 3462 Temesvarer scheiden schweren Herzens von den vorzüg¬
1605 3444 2820 3503 lichen Wiener Künstlern, die wir lieb gewonnen und denen
1613 3495 2826 3559 wir eine Reihe unindlich schöner Abende zu verdanken
1602 3552 2817 3603 haben. Gleichzeitig dringen wir unbedingt darauf, daß die
1609 3583 2820 3645 Direktion Mittel finde, nach Absolvierung des jetzigen
1613 3649 2816 3709 Programmes wieder nach Temesvar zurückzukehren und
1617 3692 2579 3758 zwar nicht nur für so kurze Zeit, wie letzthin.
1702 3735 2842 3803 Mit Freude haben wir ihr Kommen begrüßt, mit den
1609 3782 2821 3857 besten Wünschen lassen wir sie scheiden. Und wir sind über¬
1606 3832 2834 3912 zeugt, daß auch Hatzfeld, Orawitza und Lugosch, wohin sie
1617 3897 2835 3950 ihr Künstlerweg nun führt, die Dankbarkeit für ihre Kul¬
1607 3934 2841 4012 turleistung ebenso warm im Ausdruck verfrüren werden,
1620 4004 2329 4065 wie es in Temesvar der Fall war.
