3436 4320
437 170 765 238 iebele
240 151 1374 270 5. .1 box 10/5
716 1547 1860 1612 „Bocksprünge" von Hirschberger und Kraatz errang am
1880 1569 3176 1625 Fasern ihres Herzens klar und rührt uns zu Thränen über das Geschick
588 1604 1788 1665 Carl=Schulze=Theater in Hamburg einen stürmischen Erfolg.
1884 1610 3161 1660 dieses einfachen Mädchens dieser Christine. Es war dies die zweite
711 1647 1858 1690 „Die Einzige", Drama in 3 Akten von Max Petzold, welches
1889 1650 3148 1702 Rolle, in welcher Fr. Sorma auftrat und mit derselben hat sie womöglich
587 1685 1863 1735 bereits in Halle mit großem Erfolge zur Darstellung gelangte, ist vom
1889 1680 3158 1743 einen noch größeren, noch vollgültigeren Beweis ihrer Künstlerschaft er¬
585 1728 1869 1784 Königlichen Schauspielhause in Berlin zur Aufführung ange¬
1882 1725 3155 1783 bracht, wie mit ihrer „Nora“, denn wenn bei der „Nora“ die Handlung.
595 1766 939 1825 nommen worden.
1891 1751 3136 1816 die Situation schon hilfreich zur Seite stehen und die Wirkung ihr
721 1797 1862 1848 Im Saison=Theater zu Nachen wird Sudermanns „Glück im
1887 1806 3116 1860 Leistung vertiefen, so ist sie in „Liebelei“ ganz und gar auf it
593 1842 1868 1895 Winkel“ auch diesen Sommer wieder in das Repectoir ausgenömmen
1891 1842 3083 1898 innere Schaffenskraft, ihr eigenes künstlerisches Können angewi
596 1884 766 1938 werden.
1887 1890 3061 1935 Stürmische Hervorrufe nach jedem Aktschluß lohnten der Künstleri¬
715 1899 1862 1973 Das Tivoli=Theater in Kiel bereitet folgende Werke vor: „Die
1872 1921 3074 1986 ihre künstlerisch vollendete Leistung. Auch diesmal zeichnete sich
591 1945 1858 2008 Schmetterlingsschlacht“ von Sudermann, „Fiddicke und Sohn“
1882 1954 3140 2007 Ensemble des Irving Place=Theaters durch verständnißvolles Eingeh¬
1875 2004 3155 2052 auf die Intentionen des Dichters sowohl wie des Gastes aus. Das
601 1996 1864 2053 von Keller und Herrmann, „Seine Gewesene“ von Breutano
594 2035 1866 2090 und Tellheim, „Schmetterlinge“ von Mannstädt, „Frau
1890 2042 3151 2086 Stück war von Fr. Sorma selbst mit großer Sorgfalt in Scene gesetzt.
598 2075 1854 2131 Lieutenant“ von Ferrier=Mars und „Bocksprünge“ von Hirsch¬
1888 2080 3161 2134 Die Ausstattung war eine äußerst stimmungsvolle. Heute Abend wird
1883 2118 2323 2175 „Liebelei“ wiederholt.
588 2115 995 2179 berger und Kraat.
724 2145 1868 2209 „Sascha“ von Hirschberger und „Heirath auf Probe“ nach
2000 2145 3148 2206 Im Sommertheater zu Stade werden folgende Stücke zur Auf¬
596 2175 1867 2239 Gerö=Buchbinder von Jean Kren werden im Laufe des Sommers
1882 2196 3156 2239 führung gelangen: „Die officielle Frau“ von Olden, „Der große
1894 2234 3157 2282 Prophet“ von Treptow, „Der kleine Lord“ von Burnet, „Trilby“
593 2240 1711 2306 in Holst's Theater in Braunschweig zur Aufführung gelangen.
1896 2273 3151 2324 von Lederer „Die Schmetterlingsschlacht von Sudermann,
715 2270 1872 2319 Auch in Graz ist „Nachruhm“ jüngst mit lebhaftem Erfolge
1884 2309 3165 2369 „Lumpengefindel“ von Wolzogen, „Die schöne Ungarin“ von
595 2314 1868 2365 gegeben worden. Wir empfehlen den Schlager allen den Sommer¬
593 2358 1852 2411 bühnen als Zug= und Kassenstück, die ihn noch nicht gegeben haben.
1884 2349 3155 2405 Mannstädt und Keller, „Frau Lientenant“ von Ferrier=Mars.
717 2400 1859 2447 In Bernarts Theater in Aachen kam Sudermann's „Mori¬
1879 2385 3141 2432 „Ein Ehrenwort“ von Hartleben und „Der große Komet“
1878 2421 2383 2488 von Laufs und Jacoby.
594 2422 1740 2481 turi“ am 19. April mit sensationellem Erfolge zur Aufführung.
714 2463 1866 2515 Wie dem „Berliner Börsen=Courier“ aus Wien geschrieben
2010 2465 3157 2517 „Ein Rabenvater“ kommt in den Sommertheatern zu Baden¬
1879 2507 2611 2566 Baden und Mannheim zur Aufführung.
597 2501 1855 2554 wird, ließ der Deutsche Kaiser sich anläßlich der am Mittwoch beim
597 2546 1868 2589 deutschen Botschafter Grafen Eulenburg stattgehabten Soirée die Herren
1997 2529 3172 2603 In Metz wird „Ein armes Mädel“ von Krenn und Lindau
1879 2579 2185 2636 in Seene gehen.
594 2583 1859 2632 des Udel=Quartetts wie auch dessen Begleiter am Clavier, den Compo¬
1999 2597 3154 2672 Das Ensemble des Stadt=Theaters in Freiburg i. V. wird in
592 2625 1859 2676 nisten der im Berliner Opernhause mit bestem Erfolge aufgeführten Oper
599 2665 1852 2718 „Enoch Arden“, (Dichtung von C. W. Marschnek Victor Haus¬
1883 2660 3167 2711 Offenburg, Lahr, Waldkirch, Emmendingen und Müllheim „Miran¬
597 2700 1857 2760 mann, vorstellen. Mit lebhaftem Interesse hörte der Kaiser, daß die
1891 2701 2816 2754 dolina“ von Emil Pohl zur Aufführung bringen.
603 2753 1852 2794 von Hansmann componirte Oper in seinem berliner Opernhause zur
2007 2727 3159 2791 „Die Lüge“ Schauspiel in vier Akten von Wilhelm Fischer ist
601 2779 1872 2821 Aufführung gelangte, und dürfte schon eine der nächsten Aufführungen
1878 2784 3154 2823 am Stadttheater in Straßburg i. E. mit durchschlagendem Erfolg in
595 2819 1191 2876 des „Enoch Arden“ besuchen.
1887 2821 3159 2869 Scene gegangen. Die dortigen Blätter berichten hierüber: „Straß¬
1889 2856 3160 2912 burger Tageblait“: Eine Novität stand gestern Abend auf dem
704 2859 1864 2909 * Am Irving Place=Theater in Newyork ist Schnitzler's „Liebelei“
1881 2903 3141 2958 Programme, ein Schauspiel von Wilhelm Fischer, das er „Die Lüge“
603 2895 1867 2945 mit durchschlagendem Erfolge in Scene gegangen. Der „Newyorker
1877 2941 3158 2991 betitelt hat. Die eigentliche Spannung der Handlung tritt erst mit dem
600 2941 1861 2991 Figaro“ berichtet hierüber: Das Schnitzler'sche Stück „Liebelei“
601 2977 1864 3026 erinnert als solches an die Beschreibung der Herstellung einer Kanone:
1883 2980 3160 3028 dritten Akte ein. Aus der Arbeit sieht noch sehr viel der Novellist heraus,
1882 3018 3157 3057 im Uebrigen verspricht der Antor dereinst schöne Früchte zu zeitigen.
596 3015 1859 3063 man ninimt ein Loch, macht eine eiserne Einfassung d'ium und die
600 3048 1861 3101 Kanone ist fertig. Ein solches Loch, ein solcher leerer Raum ist die
1899 3057 3162 3107 Was die Aufführung anbelangt, so war sie unter Hrn. Ackermann's¬
600 3099 1869 3144 Handlung in „Liebelei“. Aber wie hat es der Autor verstanden,
1888 3086 3168 3149 Regie im Großen und Ganzen eine gute. Das gut besetzte Haus nahm
607 3126 1868 3173 dieses Nichts mit einer Anzahl interessanter Scenen zu umspinnen. Der
1877 3131 3171 3181 die Darbietung Fischers liebevoll auf, so daß das Stück einen freund¬
607 3168 1861 3217 Dichter läßt seine Heldin alle Qualen der Liebe, der Eifersucht, des
1883 3170 3160 3226 lichen Erfolg erzielte der den Autor zu weiterem glücklichen Schaffen
602 3204 1874 3249 Schmerzes über den Verlust des Geliebten durchmachen, legt uns alle
1875 3199 2194 3260 anspornen wird.
2225 3214 3163 3262 „Straßburger Bürger=Zeitung": So haven¬
1318 3255 1993 3386 Movität deg 6
2000 3289 2422 3371 ers in Berlin:
