3248 4320
399 182 672 249 Liebe
240 169 1367 280 5. Macei box 10/1
1533 919 1690 986 — —
685 914 1515 986 Der ——— U
1794 954 3038 1036 Am 11. Mai d. J. wurde dieser Reformplan der patremstit un
689 950 1745 1028 Geld genug besitzt, um sowohl in Wien als auch
691 1011 3038 1078 anderswo Redactionen nichtchristlichen Bekenntnisses, türkischen Regierung übergeben; es ist aber seither lichen Organ
2901 1047 3045 1106 E 1
1712 1098 3045 1146 behandelt und nirgends Behagen am Frivolen zeigt, so ist! das Schmerzlic
1014 1120 1433 1207 geuilleton.
1711 1142 2746 1192 die Antheilnahme des Publicums eine lebhafte Unterstützt
2750 1130 3052 1191 gegen unerhört
2751 1172 3029 1232 mißbilligten. 9
1730 1167 2744 1226 wurde der Erfolg des Autors durch eine treffliche Darstel¬
2745 1208 3031 1267 jeden Verdacht
1718 1217 2744 1268 lung. Frl. Sandrock spielte frei von der Bruft weg;
911 1218 1527 1310 K. K. Hofburgtheater.
2745 1242 3053 1308 wie Professor 1
1718 1259 2750 1298 sie ließ der Empfindung ungehemmten Lauf. Die Scenen
2737 1294 3051 1346 gemeine Stimn
1725 1295 2742 1342 mit dem Vater — einer Gestalt ähnlich der des Miller in
760 1300 1732 1366 Der erfte Novitätenabend hat uns gleich zwei neue
2741 1319 3051 1396 Juden sind uns
2130 1336 2745 1383 führte sie mit einer Ohr und Auge
1718 1328 2139 1387 „Kabale und Liebe“ —
685 1337 1718 1405 Stücke gebracht: den Einacter „Rechte der Seele“
1723 1376 2746 1421 überzeugenden Beredtsamkeit der Miene, Geberde und
2817 1378 3054 1436 „In der T
690 1390 1728 1439 von Guiseppe Giacosa und das dreiactige Schau¬
1730 1404 2741 1466 Sprache durch. Herr Sonnenthal in der letzterwähnten
2744 1415 3049 1476 gegriffene Jude
693 1422 1726 1482 spiel „Liebelei“ von Arthur Schnitzler. Der
1729 1454 2740 1496 Gestalt war von rührender Einfachheit. Das leichtfertig¬
2738 1456 3061 1519 [Hinderni
681 1463 1720 1528 italienische Dichter bietet uns eine interessante psycho¬
1719 1487 2742 1538 forglose Mädchen spielte Frl Kallina mit munterer
2745 1496 3059 1559 Erneueru.
691 1500 1727 1558 logische Studie. Eine Frau opfert der Pflicht ihre sündige
1720 1533 2737 1572 Unbefangenheit. Herr Mitterwurzer erhob eine
2750 1536 3022 1592 Ew. Majestät
689 1549 1721 1597 Liebe. Und doch ist das Opfer vergebens gebracht. Der
1727 1571 2741 1619 kleine Rolle zu besonderer Bedeutung. Sonst machten sich
2747 1569 3046 1631 Dem Volke m
682 1572 1724 1647 Mann, der wegen unerwiderter Leidenschaft sein Leben
1726 1604 2746 1651 noch die Herren Zeska und Kutschera um den
2752 1610 3051 1676 Berliner schlech
682 1623 1720 1671 durch eine Kugel vernichtete, stellt sich als Schatten zwischen
1715 1645 2739 1689 Abend verdient. Für den Autor fehlte es nicht an Aus¬
2740 1651 3036 1713 von Juden in
681 1660 1717 1728 die Eheleute und löst das Band, das sie zusammenhält.
1719 1690 1964 1752 zeichnungen.
2733 1688 3040 1747 sie wirkt, jede
690 1702 1722 1755 Die Frau, deren Tugend bisher stark genug war, um allen
2745 1730 3032 1791 Zwei dieser I
693 1742 1725 1791 Verlockungen ihres Herzens zu widerstehen, findet nachträg¬
2735 1776 3031 1828 aus dem Lesez
683 1767 1730 1841 lich nicht die Kraft, dem Todten zu entsagen, und dieser
1810 1778 2649 1865 Stöcker und Kaiser Wilhelm I.
2738 1810 2982 1866 ausgestoßen
687 1812 1731 1871 Schuld folgt die Sühne. Die Studie ist, wie gesagt, sehr
2736 1842 3022 1907 frechen Aeußer
682 1863 1726 1910 interessont, nicht frei von dem Eindruck des Geklügelten
1956 1843 2520 1931 (Ein Beitrag zur Judenfrage.)
2750 1894 3004 1943 müsse nach
682 1893 1726 1954 und Gemachten, aber stark in der dramatischen Wirkung.
1793 1894 2747 1969 Als der protestantische Berliner Hofprediger
2745 1925 3022 1983 „Börsencourie
686 1918 1720 2001 Diese wurde noch durch ein meisterhaftes Spiel erhöht, durch
1717 1956 2752 2013 [Stöcker in seiner Bekämpfung der Fortschrittspartei
2753 1974 3013 2030 mit Herrn v.
685 1981 1714 2030 den gedankenreich pointirten Dialog der Frau Hohen¬
1721 2002 3016 2054 auch das wucherische Judenthum angriff und Zeitungen an
687 2012 1719 2061 fels und des Herrn Hartmann die das unglückliche
1719 2049 3031 2103 dabei als Beispiel den Berliner Ober=Börseuner daß das Blatt
680 2042 1719 2113 Ehepaar darstellten. In solcher Wiedergabe war der Erfolg des
2740 2090 3039 2143 leumdungen v#
1724 2089 2741 2149 Bleichröder anführte, wurde er, wie ihm hinter¬
687 2087 1722 2145 Einacters gesichert. — Das zweite Stück, „Liebelei“
2731 2124 3035 2181 Aber es ist ger
1722 2124 2748 2187 bracht wurde, beim Kaiser Wilhelm I. zum ersten
691 2128 1724 2185 von Schnitzler, ist, namentlich im ersten Aote, nicht frei
2732 2161 3040 2221 frussischer
687 2175 1713 2221 von Bedenklichkeiten, von denen sich nun einmal die moderne
1715 2171 2744 2231 Male angeschwärzt. Der (damalige) Hofprediger richtete
694 2209 1718 2266 Bühne nicht loszusagen vermag. Die Ausschreitungen der
1727 2200 3033 2271 eine Vertheidigungsschrift an seinen Monarchen, dieslichen Mä
2730 2244 3038 2295 Gelegenheit der
694 2234 1717 2305 Liebe sind ihr Lebenselement. Zweisellos ist der Autor
1713 2262 2745 2334 jetzt wieder von ihm veröffentlicht wird; sie ist für die
2735 2286 3046 2350 sechsten Schöpft
695 2284 1709 2338 mit der Bühne und ihren Künsten aufs innigste vertraut.
1718 2306 3025 2367 Berliner antisemische Bewegung und deren hauptsäch= und auch den
688 2326 1715 2382 Ja, man kann sagen, daß das ganze Stück aus nichts
1720 2358 2738 2409 lichsten Führer (besonders zur damaligen Zeit) zu be¬
2731 2362 3030 2412 [erste Mast
685 2369 1712 2425 Anderem besteht, als aus einer Aneinanderreihung solcher
1714 2398 2743 2467 zeichnend, als daß wir sie mit Stillschweigen übergehen
2736 2392 3052 2453 Juden Sonnem
686 2407 1713 2461 kleiner Künste. Durch ein Hinyalten der Handlung, durch
2722 2440 3056 2494 Blate Süddeutse
1716 2438 2140 2507 dürften. Sie lautet:
682 2442 1715 2513 Hinausschieben jener Motive, die dem Handeln der Per¬
2734 2476 3060 2546 der Selbstmorde
1785 2465 2739 2531 „Durch die Zeitungen geht gegenwärtig die beiliegende
694 2479 1721 2539 sonen zu Grunde liegen, sind Situationen herbeigeführt,
2734 2520 2955 2586 dienst her.
1721 2515 2741 2577 Notiz. Der Börsencourier, das gemeinste Blatt Berlins,
694 2512 1715 2576 die effectvoll sind und die dramatische Spannung erhalten.
2804 2535 3061 2615 „Mit dieser
1717 2554 2743 2616 vielleicht ganz Guropas (hier ist in der „deutschen Evan¬
689 2556 1719 2620 Wer kennt sie nicht, die illegitimen Verhältnisse? Sie sind
2742 2580 3059 2651 Juden in hohen
1712 2600 2735 2655 gelischen Kirchenzeitung", in welcher Stöcker seinen Brief
685 2594 1706 2652 eine traurige Erscheinung unserer, von der Moral leider
2731 2634 3074 2691 strebungen zur Hi#
1715 2648 2747 2696 veröffentlicht, die Bemerkung eingeschaltet: „Damals!
687 2641 1713 2692 wenig angekränkelten Zeit. Die Eine, sentimental, nimmt
2743 2670 3083 2730 Aeußerungen der
1717 2679 2740 2732 war es wirklich so!), hat dieselbe, offenbar doch nach Mit¬
688 2683 1717 2732 die Sache ernst auf, die Andere, sanguinisch, lebt luftig in
2737 2714 3080 2771 Löwe) Natürlich
1722 2710 2742 2766 theilungen des Herrn v. Bleichröder zuerst veröffentlicht.
690 2719 1716 2798 die Welt hinein. Von beiden Sorten führt uns der
2744 2747 3093 2812 Treiben der Jude
1410 2750 1718 2820 glauben an
1720 2762 2749 2808 Das unverkennbare Bestreben dieser indiscreten Publication
1272 2763 1426 2812 Wir
693 2763 1291 2820 Autor ein Exemplar vor.
2740 2798 3086 2847 Die vorige Landt
1712 2798 2747 2850 geht dahin, Eure Majestät als Gegner der gegen die An¬
688 2801 1711 2864 die Wahrhaftigkeit der einen wie der
2746 2829 3093 2893 oberschlesischen Ne
1488 2833 1719 2883 sind aber
1722 2848 2745 2891 maßungen des Judenthums gerichteten deutschen Bewegung
1217 2833 1457 2898 Figur,
690 2845 1234 2902 anderen weiblichen
1719 2874 3073 2921 darzustellen. Dem gegenüber erscheint es mir als Pflicht, den jüdischer Wucher
691 2880 1714 2935 von keiner erbaut. Trotzalledem weiß uns Schnitzler zu
1718 2913 3084 2961 Thatbestand dieses Kampfes, an dem auch ich persönlich be= einem unzerreißba
682 2916 1708 2968 reizen, zu interessiren und zu spannen. Auch aufrichtige
676 2945 3092 3018 Rührung gab es genug, und weil er seine Sache mit Ernst theiligt bin, gegen Mißdeutung zu sichern. Ich würde auf ich geltend gemack
964 3008 1716 3183 Gp 1170 0
