3436 4256
351 164 727 239 Liebelei
298 206 833 275 10  en en ae
849 163 1327 249 box 13/4
1962 77 2936 158 Wresen, din w iche Danstrete varsielle erzasst uin
1945 139 2521 184 ihren künstlerischen Werdegang.
1820 189 2964 249 Meine künstlerische Laufbahn, die vom Film zum Theater
1715 233 2952 304 geführt hat, entbehrt eigentlich jeder Romantik. Ich muß vor
1725 285 2947 337 allem eingestehen, daß ich eine der wenigen Schauspielerinnen
1733 318 2953 393 bin, die nicht von zu Hause durchgegange sind, sondern mich mit
1720 370 2955 440 Erlaubnis meiner Eltern einem künstlerischen Beruf zugewendet
1718 413 2950 494 habe. Ich stamme auch weder aus fürstlichem, noch aus ganz
1721 473 2956 527 niedrigem Hause, sondern aus einer rein bürgerlichen Familie.
1716 521 2960 586 Mein Vater ist in Berlin Redakteur und hat nicht sehr viele
1711 569 2945 618 Beziehungen zur Kunst, empfindet besonders die Musik als ein
1717 614 2944 681 störendes Geräusch. Dafür bin ich von Seite meiner Mutter,
1721 664 2948 725 die in ihrer Jugend Sängerin war, künstlerisch schwer belastet
1712 711 2948 770 und habe daher von frühester Jugend auf davon geträumt,
1714 747 2952 823 einmal selbst eine große Opernsängerin zu werden. Dann hat
1711 818 2944 867 mich eines Tages der Film requiriert, und zwar wieder auf
1716 857 2941 910 ganz unromantischem Wege, indem mich ein Filmgewältiger
1719 903 2930 949 gesehen und für diese Kunst zumindest äußerlich geeignet be¬
1718 939 2942 1012 funden hat. Es ist vielleicht ganz interessant, wenn ich erwähne,
1710 995 2935 1042 daß der erste große Film, in dem ich vor das Publikum treten
1712 1042 2944 1110 durfte, die erste Fassung von Schnitzlers „Liebel=!“ war, die
1709 1076 2943 1163 seinerzeit noch als stummer Film von den Wiener Regisseuren
1718 1144 2388 1194 Kolm und Fleck inszeniert wurde.
1819 1175 2958 1246 Damals bin ich zum erstenmal nach Wien gekommen, da
1718 1230 2946 1301 eine Reihe von Aufnahmen für „Liebelei“ in dieser schönen
1717 1274 2935 1330 Stadt gemacht wurden. Ich habe dann noch in zwei weileren
1713 1324 2945 1396 Filmen mitgewirkt, die im Schönbrunner Atelier ausgenommen
1703 1379 2927 1441 wurden, von denen wieder einer ein Schnitzlersches Schauspiel
1716 1426 2932 1485 zum Vorwurf hatte, nämlich „Freiwild“. Damals bin ich
1716 1470 2932 1544 freilich wenig in Wien herumgekommen, da ich in Hietzing
1716 1521 2929 1582 wohnte und während der täglich von früh bis zum Abend
1710 1558 2932 1627 stattfindenden Aufnahmen nicht Zeit fand, Wien genauer
1706 1611 2024 1672 kennenzulernen.
1823 1659 2013 1718 Während
2013 1653 2934 1710 ich dann in Berlin beim Film und später
1721 1695 2941 1772 beim Tonfilm tätig war, erwachte immer wieder von neuem
1709 1751 2932 1807 in mir die Lust zum Theater, weshalb ich in Berlin Gesang¬
1707 1801 2940 1859 stunden nahm, und zwar bei der gleichen Lehrerin, die auch
1718 1848 2937 1897 Irene Eisinger ausgebildet hatte. Da ich nun merkwürdiger¬
1705 1899 2938 1960 weise im Tonfilm nicht Gelegenheit gehabt hatte, mich als
1722 1985 2933 2046 Sängerin zu betätigen, trat ich einmal versuchsweise in Berlin
1712 2032 2948 2085 als Ottilie im „Weißen Rößl“ auf und erzielte einen so großen
1715 2086 2942 2133 Erfolg, daß ich beschloß, die nächste Gelegenheit zu benutzen,
1714 2133 2935 2192 um einmal eine Rolle in einer Operette oder Revue zu kreieren.
1716 2185 2945 2242 Als mich daher Direktor Marischka einlud, in der nächsten
1720 2229 2941 2286 Stadttheaterrevue die Hauptvolle darzustellen, nahm ich diesen
1716 2270 2947 2330 Antrag mit Freuden an und fühle mich vorderhand, in eifrigster
1725 2318 2950 2388 Probenarbeit begriffen, ganz in meinem Element. Ich kann
1721 2371 2941 2437 endlich singen und tanzen nach Herzenslust und habe in meiner
1725 2418 2944 2479 Rolle, als eine Dorfbewohnerin, die ihre Erziehung in der
1722 2470 2940 2532 Stadt genossen hat und nun in ihre Heimat zurückkehrt,
1718 2517 2947 2580 Gelegenheit, mich einmal vollständig auszuleben. Ich bin auch
1718 2563 2940 2611 sehr glücklich, daß es Direktor Marischka ist, der meine ersten
1715 2603 2939 2675 Schritte auf der Bühne leitet. Man kann nicht genug
1714 2655 2933 2717 bewundern, wie er vom Morgen bis zum Abend auf der Probe
1709 2703 2938 2767 tätig ist, jedem der Darsteller etwas Wertvolles zu sagen hat,
1717 2759 2948 2815 von künstlerischen Einfällen übersprudelt, am Abend selbst eine
1719 2801 2934 2855 Rolle spielt und nach der Vorstellung auch noch für Proben oder
1718 2854 2934 2933 Konferenzen zur Verfügung steht. Ich fühle mich überhaupt
1722 2897 2868 2953 inmitten des Mar ischka- Ensembles
1712 2950 2886 3032 sehr vohl und werde sowohl von den
1709 3007 2853 3073 negisseuren und Autoren, wie auch
1716 3058 2909 3138 von den Kollegen gerade zu verwöhnt,
1721 3124 2823 3191 so dass mir, die ich ganz allein
1707 3159 2834 3230 in einer frenden Stadt bin, doch
1710 3220 2908 3301 ein Stück Heimat vorgetäuscht vird.
1719 3285 2875 3357 Ich freue mich nur auf eines: wenn
1721 3343 2798 3408 die Proben endlich zu Ende sein
1711 3391 2864 3479 werden, bin ich fest entschlossen,
1710 3450 2790 3528 das Wiener Leben einmal richtig
1702 3487 2876 3577 kennenzulernen. Dazu habe ich näm¬
1708 3558 2867 3629 lich weder seinerzeit während mei¬
1702 3614 2848 3685 ner Filmtätigkeit noch jetzt wäh¬
1698 3673 2836 3727 rend der Vorbereitungen zu meinem
1713 3725 2742 3799 er sten Viener Bühnendebüt Zeit
1701 3772 2311 3853 und Musse gehabt.
