3392 4320
419 158 778 245 Liebelei
901 168 1393 284 box 11/5
239 159 815 281 5. LLELEEI
615 961 978 1066 — „
485 1007 1577 1100 Taglöhner, die auf der Fahrgasse an der Mehlwage den
1568 1015 2728 1131 v. Zobeltitz Erzherzogin (Bes.), 2. Tital (Ll. von se.
2798 1049 3340 1137 2 und Zielrichter Herr H.
473 1076 1572 1153 Fußsteig versperrten und den Weisungen der Schutzleute
1570 1093 3360 1192 Sydow), 3. Nickelkönig (Lt. v. Moßner). 4 liefen. Tot. des Zeitnehmers hatte Herr F. Schlesich
475 1118 1121 1208 nicht Folge leisteten, verhaftet.
1551 1106 3360 1221 25:10, Pl. 14, 14:10. — Rauenthaler Jagd=Rennen. 3000 frudern war von gutem Wind und stch
1548 1182 3365 1275 Mark. 3000 Meter. 1. Lt. O. v. Zobeltitz' Diving günstigt. Es wurde von dem Sieger e
1540 1224 3359 1320 [Bell (Busch), 2. Blumenhanne (Gaedicke), 3. Common I. Vierer: 1. Offenbacher R.=V. Hellas
936 1250 1129 1341 S
1545 1271 1887 1342 M mrcu
2163 1275 2412 1357 c ne
1559 1331 3361 1421 stur Schnitzler die Opor „Liebelei"*), die mann, der von Puccini und Massenet
593 1264 1452 1420 Kant, Hiteratur und Tienter.
1559 1375 2637 1449 gestern auf unserer Bühne ihre Uraufführung erlebte.
2634 1394 3357 1461 hat, besonders glücklich den im erste
512 1396 1540 1488 „Liebelei“, Oper von Franz Neumann.
1563 1421 3361 1516 Ein artiger Zufall fügt es, daß auch das gleichnamige vorherrschenden Konversationsion get#
479 1458 1564 1532 [Uraufführung im Frankfurter Opern¬
1570 1480 3336 1566 Schauspiel von Frankfurt aus erfolgreich in die einzelnen Personen eine musikalisch
923 1522 1132 1601 haus.)
1568 1523 3344 1611 Welt ging; es wurde im hiesigen Schauspielhause am frakteristik verliehen ist. Wie einfach
1559 1567 2517 1633 11. Januar 1896 zum allererstenmale gegeben.
509 1554 1566 1656 Seit sechs Jahren ist Franz Neumann als Ka¬
2624 1576 3365 1667 net z. B. das ruhige As=dur=Terzentk
1598 1626 3350 1699 Der in Wien lebende praktische Arzt und Poet Ar-keit Christinens, wie flott und rhyt
465 1623 1571 1690 pellmeister an der Frankfurter Oper tätig. Ein Diri¬
1568 1663 3356 1758 tur Schnitzler (geb. 1862 in Wien), neben Her= gleitet die Musik den Eint itt der fes
478 1684 1577 1751 gent, der, in dieser Zeit stets am Posten, in der Leitung
1573 1725 3357 1804 mann Bahr und Hofmannsthal einer der erfolgreichsten  scharf deuten die drei biczen Baßm
482 1731 1574 1790 von Opor und Operette ein so bemerkenswertes Maß
1575 1772 3348 1861 Vertreter der letzten Wiener Literaturrichtung, hat, sound sich erfüllende Ver ingnis an.
479 1785 1567 1856 von Routine, völliger musikalischer Sicherheit und so
1565 1831 3355 1896 viel er auch bis jetzt geschrieben, mit der „Liobelei“, die  spräche der beiden Paare Leichtigkei
479 1832 1571 1906 oft manches rettender Vielverwendbarkeit und Schlag¬
1571 1871 3361 1948 in das Altwiener Milieu der Metternichzeit gestellt ist, musikalischen Fluß zeigen und der pil
479 1885 1574 1948 fertigkeit bewies, daß ihm hier endlich einmal — wie
1573 1922 3353 1995 sein Bestes gegeben. Fritz und Theodor, zwei Stu= Es=dur-Walzer und der hübsche Einf
479 1930 1574 1994 an dieser Stelle gelegentlich schon mehrfach betont
1574 1973 3369 2055 denten und Elegants der Lebewelt, haben ein Verhält= sdung des Doppeladlermarsches viel
475 1976 1567 2041 wurde — hinsichtlich seiner Verdienste und Fähigkeiten
1569 2023 2636 2094 nis mit Christine, der Tochter eines alten Geigers vom
468 2029 1571 2082 eine künstlerisch angemessene Position zu wünschen und
2628 2029 3349 2094 Situation bringen, findet Neumann
1569 2072 2637 2147 Josefstädter Theater, und mit Mitzi, einer feschen Mo¬
2623 2084 3354 2155 Gemütsinhalt der Dichtung von Sch
469 2076 1568 2150 einzuräumen wäre. Dienstlich gewiß genug in Anspruch
1564 2103 2629 2200 distin. In das bei Spiel und Tanz lustig impro¬
2627 2130 3359 2205 warmen, echten Herzenston. In sein
472 2140 1564 2203 genommen, hat Neumann dennoch die Zeit gefunden,
1560 2171 2634 2239 visierte Abendessen schneit ein betrogener Gatte herein,
2633 2176 3349 2240 fachheit doppelt reizvoll ist, um nur
469 2165 1568 2249 und, was eigentlich noch mehr hervorzuheben ist, sich
1562 2212 3349 2291 dessen Forderung Fritz annehmen muß. Während The=sgreisen, das kleine, altfränkisch vari
480 2230 1576 2298 den regen Eifer bewahrt, auch seinem musikalischen
1571 2272 3330 2343 odor und Mitzi ihr Verhältnis sehr nonchalant behan. All mein Gedanken, die ich hab'“ 1
465 2279 1560 2344 Schaffensdrang Ausdruck zu geben. So lernte man den
1563 2318 3354 2386 deln, hat die gemütstiefe Christine die „Liebelei“ sehrdeutungsvoll als zart ausklingen
473 2327 1562 2388 Komponisten Neumann, einen Schüler des Leipziger
1572 2368 3355 2436 ernst genommen. Sie liebt Fritz, der ihr die Duell= spiolst du nicht weiter?“ im ersten A#
466 2378 1569 2446 Konservatoriums, im Franfurter Konzertsaal schon durch
1572 2419 3348 2484 assäre verschweigt, mit Herz und Seele. Im zweiten die hübschen Lyrismen und kräftige
471 2429 1563 2492 Lieder und ein hübsches G-dur-Oktett für Bläser und
1574 2468 3357 2530 Akt betritt er, wie Faust in der Grotchenszene, die großen Liebesszene und des Abschiet
479 2476 1575 2557 Streicher (op. 20, 1905) kennen. Es war daher nur
2623 2523 3329 2583 Zimmer folgen. Schöne und fein
1567 2519 2628 2601 Schwelle der Wohnung der Geliebten, bie, von dunklen
466 2527 1558 2601 recht und billig, daß die Frankfurter Oper die ein¬
2623 2547 3358 2646 Momente bieten sich ebenfalls bei der
1568 2568 2631 2642 Ahnungen gepeinigt, ihrem Fritz ein letztes schmerz¬
465 2581 1571 2654 gereichto erste Oper von Franz Neumann bereitwillig
2604 2593 3350 2687 sie ja noch vor mir“ des sich in Erin
470 2634 1565 2695 annahm und mit deren hiesigen Uraufführung das
1567 2614 3347 2737 liches Lebewohl sagt. Fritz st im Zweikampf für eine den alten Vaters, und der sich klat
477 2675 1566 2753 eifrige Streben des Dirigenten nicht nur anerkannte,
1560 2667 3355 2788 andere gefallen. Im dritten Akt erfährt Christine, daß Orchesterstell= im dritten Akt, da Chr
1564 2716 2632 2797 Fritz in seinen letzten Stunden auch von ihr, die ihm
478 2727 1571 2803 sondern auch werktätig unterstützte. Mit dem guten
2617 2754 3352 2835 Eintritt der Katastrophe, das Kästche
1565 2763 2625 2848 also doch nicht viel mehr als ein Zeitvertreib gewesen,
474 2777 1559 2855 Blick des durchaus gesunden Musikers hat sich Neu¬
2623 2811 3347 2886 und der vergilbten Rose des Geliebt
1560 2826 2628 2920 gesprochen habe. Mehr weiß ihr niemand zu sagen.
475 2820 1571 2900 mann bei der Vertonung seines Stoffes nicht an ein
2621 2859 3355 2929 gut auch der Komponist, der in seiner
1553 2863 2416 2932 Verzweifelt stürzt sie hinaus in den Tod.
472 2877 1571 2949 Thema gebunden, dessen Durchführung seine Kräfte
2614 2901 3356 2989 tischen Theaterblick mit wirklich ausg
1586 2916 2626 3017 Was den musikalischen Teil betrifft, so hat Neu¬
465 2917 1586 3009 übersteigen konnte, sondern sich, wenn man so sagen
2618 2949 3331 3029 der im besten Sinn= des Wortes z
465 2976 1614 3050 darf, einer Art von Gegenwartskunst anvertraut, die
1574 2962 1646 3054 —
2621 3000 3352 3077 machung wirkungsvoll vereinigt, den
1642 2973 2629 3079 Der mit einem reizenden Titelbild geschmackvoll aus¬
474 3028 2627 3129 ihm, dem geborenen Oesterreicher, in vielen Dingen gestattete und praktisch ungenein spielbare Klavier¬
2622 3061 3350 3125 eigentlichen dramatischen Situations
474 3065 3346 3132 seelisch naheliegend, sympathisch entgegenkam. Solauszug (vom Komponisten) ist im Verlag von B. men ist, so wäre gegen den Schluß de
470 3135 2345 3224 entstand nach dem dreiaktigen Schauspiel von Ar=[Schotts Söhne, Mainz,zerschienen.
2579 3155 3343 3250 eine Kürzung am Platze. Sie betrifft
1324 3288 1966 3408 G
