3436 4256
392 207 791 284 Liebelei
214 197 1375 325 5. LieseIe, box 11/1
1427 1454 1569 1521 —
1428 1482 2275 1563 werden; ferner ein Kurs für Kliegsspatden
2407 1507 2621 1583 Eustuseg.
1430 1520 2421 1602 ein solcher für Verwaltungslehre, beide unter tüchtiger
3041 1534 3200 1615 1
492 1534 1440 1598 Es ist schwer, nach einem Gastspiel, wie dem eben
2406 1568 2586 1615 Heiden
2573 1537 2738 1622 692.1
1426 1584 2417 1641 und bewährter Leitung, eventuell auch ein Kurs im
3188 1569 3358 1656 bedeckt
2867 1569 3184 1661 13 2| 8
2719 1572 2847 1656 10
433 1599 1431 1645 vollendeten, das jedesmal neue Auregungen und künst¬
2411 1593 2738 1665 Davos 630.0
1430 1629 2411 1697 Fechten. Die Kurse nehmen ihren Anfang Mitte
2409 1644 2543 1701 Rigi
443 1639 1426 1701 lerische Genüsse bot, Rangunterschiede aufzustellen; aber
2865 1649 3351 1728 9.9 — 1 882= bedeckt
2412 1654 2885 1755 Säntis 561.7 2
1432 1668 2412 1731 November und sind für die Teilnehmer unentgeltlich.
434 1684 1432 1739 wir für unsere Person haben am Mittwoch das Gefühl
1437 1693 2418 1787 Ebenso ist diesmal die Lösung schriftlicher Preisaufgaben
2463 1720 3353 1778 Aussichten für die Witterung des 1. N####
443 1728 1426 1798 gehabt, daß uns hier Frau Sorma von ihrem Reissten
2413 1743 3350 1808 in der Nordost Schweiz: Immer noch bewölkt, a
1430 1760 2414 1827 vorgesehen und zwar wird für jede Waffengattung eine
432 1774 1430 1831 und Ergreisendsten bot. Man stand unter dem wahr¬
2404 1807 3345 1881 meist trocken bei nordöstlichen Winden und wenig i
1423 1802 2421 1887 Aufgabe gestellt, ferner eine allgemeine Frage und
441 1814 1429 1869 haft zwingenden Eindruck einer aus der Tiefe des Em¬
2406 1844 2826 1902 änderter Temperatur.
1434 1845 2411 1909 ein Freithema. Versuchsweise sollen auch Uebungen
444 1868 1438 1915 pfindens heraus gestaltenden Künstlerschaft. Wie oft
1429 1902 2420 1966 im Salonschießen stattfinden. Eine rund 600 Bände
451 1901 1431 1972 sich nach den Aktschlüssen in der „Liebelei“ — vor
1425 1934 2423 2015 zählende Bibliothek steht in Mitgliebern zur freien
443 1937 1434 2000 allem nach dem zweiten und dem dritten — der Vor¬
2533 1950 3305 2048 Handel und Verkehr.
1437 1978 2421 2053 Benützung. Für Gelegenheit zu allseitiger Ausbildung
437 1984 1438 2055 hang heben mußte, mögen andere nachgezählt haben;
1436 2026 2431 2107 und Belehrung der Mitglieder ist also reichlich gesorgt.
452 2039 1447 2101 sicher ist wohl, daß der Beifall niemals so stark während
2478 2018 3336 2099 Schweizerische Emissionsbanken. Nach d
1589 2063 2430 2133 Sonntag nachmittag 4 Uhr findet im „Nigi¬
451 2081 1438 2142 der drei ersten Gastspielabende erbraust ist. Eine
2422 2073 3356 2142 Status vom 26. Oktober erfuhr die effektive Not
1437 2106 2417 2179 blick“ ein Konzert des Zürcher Konzert=Trios
436 2116 1446 2187 prächtige Blumenspende bezeugte der Künstlerin den
2416 2129 3328 2204 cirkulation eine Steigerung von 196,44 Mill. Fr.
1440 2156 2417 2225 „Euphonia“ mit sehr abwechslungsreichem Pro¬
448 2179 1442 2227 Dank unseres Theaters. Frau Sorma hat durch ihr
2411 2172 3337 2237 198,05 Mill. Fr., sie stand somit um 22,82 Mll.
1436 2193 2427 2267 gramm statt. Der in das Programm eingeflochtene
453 2209 1444 2274 Gastspiel für immer sich die Sympathien der hiesigen
2416 2201 3346 2291 unter dem Maximum im 1.—3. Quartal des laufen
1438 2242 2426 2306 Vortrag: „Die Zither und ihre Bedeutung für die
449 2258 1437 2318 Theaterfreunde gesichert; sie mag wiederkommen. wann
2422 2243 3356 2332 Jahres und um 2,28 Mill. Fr. über der Durchschn
1438 2289 2422 2353 Volksbildung“ soll der Anfang einer kleinen Serie von
449 2303 1436 2361 sie will: ein volles Haus wird sie mit Jubel empfangen.
2417 2309 3350 2373 cirkulation im angegebenen Zeitraum. Der totale B
1432 2336 2420 2391 kürzeren Vorträgen sein, welche (zum Beispiel als
501 2347 1449 2403 Von der Aufführung der beiden Stücke nur ein
2413 2348 3333 2420 vorrat fiel von 129,83 Mill. Fr. auf 128,86 Mill.
1436 2373 2424 2456 zweiter: „Die Zither und ihre Litteratur“, als dritter:
453 2376 1441 2457 kurzes Wort: in der „Liebelei“ fand Frl. Schumowska
2428 2377 3329 2452 Er war somit auf ungefähr gleicher Höhe wie in
1432 2417 2426 2489 „Die Zither und das Volkslied“ 2c.) dies Volksinstru¬
450 2440 1434 2487 als Mizzi Schlager Gelegenheit zu voller Entfaltung
2414 2438 3351 2500 Woche vom 5.—12. Oktober. Nicht metallisch ged
1445 2469 2421 2535 ment behandeln werden und im Rahmen eines ange¬
452 2465 1442 2535 ihres eigensten Talents; sie spricht nicht nur das
2424 2483 3351 2557 waren: 69,19 Mill. Fr. gegen 66,61 Mill. Fr. am
1443 2511 2427 2576 nehmen Unterhaltungskonzertes weiteren Kreisen Beleh¬
458 2518 1438 2576 Wienerische fließend, sie trifft auch den leichten lustigen
2417 2525 2618 2604 Oktober.
1442 2562 2423 2623 rung und Aufklärung über den Wert desselben geben
453 2572 1448 2621 Ton der Rolle ganz vorzüglich; es war eine schlechthin
2471 2561 3365 2634 Englischer Bankdiskonto. Die Bank von E
1440 2614 1603 2685 sollen.
456 2613 1443 2664 vollkommene Leistung. Die Herrenrollen — Herr
2425 2627 3351 2685 land, der in letzter Zeit von allen Seiten Gold entzo
451 2653 1439 2714 Mauren als Musiker Weiring, Herr Landeck als Fritz
2436 2664 3356 2735 wurde, hat den Diskontosatz von 3 auf 4 % erhöht.
1709 2665 2178 2758 Polizei=Mitteilungen
451 2696 1439 2758 Lobheimer (Christinens Geliebter), Herr Fleiser als
2465 2708 3363 2776 Allgemeine Elektrizitätsgesellschaft in Ber
1791 2729 2101 2799 vom 31. Okt.
1094 2738 1446 2800 — hielten sich im
459 2740 1116 2808 Theodor Kaiser (Mizzis Liebhaber)-
2427 2759 3350 2819 Gestern fand die Aussichtsratssitzung statt, in der
1497 2751 2427 2837 Kantonspolizei. Zwei hier wegen Diebstahls¬
459 2792 1443 2839 ganzen recht gut; daß sich die für Wienerische Lebens¬
2411 2785 3353 2868 Bilanz für das Geschäftsjahr 1900/1901 festgest
1436 2823 2431 2874 verdachtes verhafteten Italienern wurden ein Paar sil¬
458 2836 1449 2886 auffassung so überaus charakteristische Gestalt des alten
2424 2840 3343 2915 wurde. Die „Frankf. Ztg.“ teilt darüber mit:
1440 2860 2431 2912 berne Göllerketten mit vier Rosetten, sechs silberne Eß¬
446 2878 1452 2931 Musikers — sein Gegenstück ist der Musikus Miller —
1448 2868 3351 2953 löffel (Marke Aeppli), sechs silberne Theelöffel und eine wurde berichtet, daß der Umsatz in 1900/1901 sich
457 2912 1451 2973 noch feiner ausgestalten ließe, wird wohl Herr Mauren
2427 2944 3353 2996 der Höhe des Vorjahres gehalten habe und bis jetzt
1451 2935 2428 2995 silberne Sicherheitsnadel abgenommen. Da sich die
454 2968 1449 3022 selbst wissen. Im Esther=Fragment spielte Herr Janke
1448 2977 2439 3042 Leute über den rechtmäßigen Erwerb dieser Gegenstände
2424 2970 3361 3045 meisten Abteilungen des Betriebes und der Fabrikat
459 3010 1447 3057 mit fleißigem Bemühen den König; den tiefen Gehalt
1441 3009 2429 3070 nicht ausweisen können, ist anzunehmen, daß sie gestoh¬
2424 3020 3365 3101 befriedigend beschäftigt seien. Nach Abzug der Unko
457 3057 1451 3108 dieser Rolle hat er nicht #sgeschöpft; sein Monolog
1451 3058 2427 3116 len oder durch ein anderes Verbrechen erlangt worden
2431 3064 3361 3133 und Abschreibungen (im Vorjahr 739,298 Mk.), ste
447 3093 1445 3155 war besser memoriert als geistig verarbeitet. Herr
1443 3107 2427 3154 sind. Anzeigen, die zur Ermittlung des rechtmäßigen
2432 3108 3362 3169 9,738,429 Mk. (i. V. 10,715,220 Mk.) zur Verfügt
1444 3128 2432 3187 Eigentümers dienen können, nimmt das Polizeikommando
449 3129 1450 3212 Duschak lich dem schlauen. Haman scharfe Züge.
2426 3157 3359 3229 der Aktionäre. Der auf den 5. Dezember einberuse#
1444 3174 2431 3244 sentgegen. — Am 29. Oktober 1901 wurde aus dem
458 3176 1455 3246 Von den übrigen Mitwirkenden dürsen wir schweigen,
451 3205 3359 3314 ohne bedeutende Verdienste ungebührlich zu schmälern. J.Kanal beim Elektrizitätswerk in Höngg eine weibliche Generalversammlung wird eine Dividende von
