3436 4224
345 85 544 155 iebe
167 80 700 194 5. 11
849 83 1280 169 box 13/8
1929 -3 2285 53 Wru eren
1921 42 2809 86 auf einmal wieder Marianne Kupfer auf
1923 80 2799 130 einer Wiener Bühne auftauchen sch. Man
1921 123 2808 180 hat die kleine reizende Soubrette, die vor
1923 156 2820 216 ein paar Jahren in der Ara Direktor Erich
1908 197 2817 273 Müllers am Johann Strauß-Theater in
1921 250 2814 319 ein paar Lehar-Erfolgen aufgefallen ist,
1910 293 2815 339 sicher nicht vergessen. Dann spielte sie noch
1912 337 2804 395 einmal in Johann Strauß' „Lustigen Krieg“
1926 375 2811 430 — und verschwand plötzlich aus dem Wiener
1919 422 2806 477 Theaterleben. Auf die Frage, wohin sie da¬
1921 461 2820 516 malg eigentlich geraten sei, erzählt die heim¬
1909 508 2753 575 gekommene Marianne Kupfer folgendes:
1962 556 2805 618 „Ich ging damals nach Berlin, sehr bald dar¬
1913 605 2816 665 auf nach Paris, wo ich bis vor einem halben
1924 647 2812 708 Jahr blieb und zuletzt war ich in London.
1919 689 2813 749 Jetzt hat mich aber das Heimweh nach
1936 743 2821 790 Wien wieder in die Heimat zurückgetrieben.
1930 779 2817 822 Denn Wien vergißt man nicht, selbst wenn
1925 824 2812 881 es draußen noch so schön ist. In Paris habe
1931 866 2813 912 ich darum meist „Wiener Lieder“ teils mit
1934 920 2819 966 deutschem Text, teils in „französischer
1929 964 2817 1017 Ubersetzung“ gesungen, Und auch in Lon¬
1943 998 2699 1054 don blieb ich der „Wiener Note“ treu.
1967 1051 2823 1101 Es ist wirklich erstaunlich, wie populär
1938 1092 2824 1151 Wien überall ist. Ich habe in London zwei
1925 1129 2821 1181 Restaurants gefunden, die ihre ganze Anzie¬
1937 1173 2829 1245 hungskraft darauf bauen, „wienerisch“ zu
1936 1272 2826 1354 Aus Amerlka sind soeben die neuesten
1962 1357 2834 1448 Walk Over-Modelle
2205 1435 2533 1505 eingelangt im
1931 1505 2829 1581 Amerlkanischen Schuhwurenhaus
1937 1588 2820 1664 BERTHOLD FASSEL & Co., I. Tegetthoffstr. 5
1941 1695 2832 1761 sein, Das eine heißt „Joseph“ und erfreut
1935 1753 2829 1819 sich sowohl bei der österreichischen Kolonie
1948 1806 2838 1847 wie bei der englischen Gesellschaft großer
1933 1829 2833 1894 Beliebtheit, weil man dort Apfelstrudel,
1944 1876 2841 1936 Schnitzl und Gulasch, ganz unenglisch zu¬
1955 1925 2362 1988 bereitet essen kann.
2406 1964 2831 2032 trägt den Pariser
1971 1968 2404 2033 Das zweite Lokal
1950 2017 2825 2065 Namen „Tour d’Eiffel“, heißt also „Zum
1942 2061 2833 2126 Eiffelturm“, was auf eine Pariser Atmosphäre
1933 2106 2834 2162 hindeuten würde, man ist aber überrascht,
1943 2154 2843 2197 wenn man von einem ganz richtigen Wiener
1956 2188 2857 2245 Wirt begrüßt wird, der, wenn er in seinen
1941 2229 2839 2291 Gästen Landsleute erkennt, sofort im schön¬
1947 2282 2835 2339 sten breiten Hernalser Dialekt spricht. Es
1942 2328 2842 2375 ist sicher einer der kuriosesten Restaura¬
1925 2363 2833 2419 tleure, die es gibt, denn seine besondere Liebe
2493 2406 2837 2466 r. Als man den
1919 2410 2199 2470 Frehört Artu¬
1925 2428 2841 2506 Liebue-uspreiter schichte er alle seine
2262 2491 2838 2552 echin, damit sie endlich ein¬
1941 2502 2192 2565 englischen
1954 2535 2840 2592 mal „echte Wiener Mädel“, sehen könnten.
1954 2591 2848 2641 Und als sein liebstes Buch, das bei ihm zu
1953 2631 2841 2683 Hause immer aufgeschlagen liege, erklärt er
1947 2671 2389 2732 Schnitzlers „Anatol“
1979 2713 2844 2780 Mein Partner in einer Non-stop-Revue, die
1945 2774 2837 2821 den Titel „Keep smiling“ führte, war
1956 2799 2850 2859 Harry Pilcer, der seiner Geburt nach
1956 2849 2850 2902 ebenfallg Alt-Österreicher ist und auch in
1960 2899 2833 2940 Wien als Partner der Gaby Deslie noch be¬
1956 2930 2846 2992 kannt gein dürfte. Diese „Non stop“-Revue
1945 2986 2841 3043 begann um 2 Uhr nachmittags und endete
1954 3021 2833 3075 um 12 Uhr nachts. In diesen zehn Stunden
1964 3062 2835 3140 wird die Revue viermal wiederholt, dazwi¬
2259 3198 2827 3283 ARISCRES
1991 3225 2101 3290 S
2209 3316 2757 3402 „INHAUS
2206 3393 2601 3458 I., Spiegelgasse 10
1965 3435 2856 3506 Berühmte Petaky-Küche. Original
1957 3493 2844 3546 Zigensermusik. — Edelweine aus den königl.
1966 3525 2848 3586 ungar, Stastskellereien. — Billige Preise
1963 3630 2844 3687 schen ist immer eine Pause von acht Minu¬
1971 3673 2842 3722 ten. Ich selbst hatte in vier Bildern zu tun,
1967 3710 2853 3762 mußte also im Laufe des Nachmittags und
1965 3757 2849 3818 des Abends sechzehnmal auf die Bühne —
1965 3797 2859 3859 immerhin recht anstrengend. Aber jetzt
1961 3845 2845 3898 habe ich nur noch eine Sehnsucht, wieder auf
1951 3884 2685 3961 einer Wiener Bühne zu spielen
