3484 4256
298 216 714 289 Liebelei
773 215 1300 325 box 12/8
344 282 376 312 *
426 271 716 329 den ennennennenenennn.
477 577 1221 748 Klose & Seidel
529 702 1140 809 Bureau für Zeitingsausschnitte
477 757 1182 879 Berlin N0. 43, Georgenkirchplatz 21
453 869 695 987 Zeitung:
720 885 1050 999 Seitung
450 961 575 1035 Ort:
733 993 1287 1124 Oppeln 112-
430 1029 650 1120 Datum:
686 1092 1086 1184 8 J4 1000
747 1197 1175 1287 Stadttheater.
785 1270 1106 1335 „Liebelei“
333 1307 1569 1381 Schauspiel in 3 Akten von Arthur Schnitzler. Regie:
753 1364 1167 1425 H. B. Benedirt.
439 1393 1555 1462 Schnitzlers Werk „Liebelei“ ging gest##n vor ausver¬
344 1453 1573 1510 kauftem Hause erstmalig in Szene. Seit einem halben
347 1492 1566 1550 Jahre ist der Name des Wiener Bühnenschriftstellers un¬
345 1537 1566 1594 unterbrochen in der Oeffentlichkeit. Allerdings nicht wegen
357 1583 1574 1638 großer Bühnenerfolge, sondern wegen seinem berühmt¬
349 1633 1571 1683 berüchtigten „Reigen“. Aber sollten vielleicht gestern Be¬
355 1665 1567 1725 sucher der Premiere „Liebelei“ so etwas ähnliches wie
361 1721 1577 1788 „Reigen“ erwartet haben, so ist ihnen eine angenehme Ent¬
357 1756 839 1817 täuschung widerfahren.
448 1806 1578 1856 „Liebelei“ ist ein für die Bühne direkt geschaffenes
350 1843 1575 1899 Werk. O' wohl das Theme das der Dichter behandelt schon
353 1894 1570 1945 sehr abgebraucht ist, so wirkt es, dank der Gegenüberstellung
351 1934 1576 1983 der Extreme, stark, wenngleich nicht durchschlagend. Schnitzler
354 1971 1575 2018 stellt zwei verschiedene Lebensanschauungen auf die Bühne,
359 2016 1578 2070 Menschen, die das Leber von der leichten Seite und
364 2069 1513 2130 Menschen, die das Leben von der schweren Seite nehmen.
449 2117 1572 2161 Theodor Kaiser ist ein Mensch, der das Leben, aber
348 2150 1579 2215 vor allem die Liebe, sehr leicht nimmt. Diese Rolle spielte
362 2203 1580 2257 Herr H. B. Benedikt. Er machte seine Sache gut. Er
357 2238 1581 2292 fand sich in der schweren Rolle gut zurecht, spielte den
351 2286 1583 2348 blasierten Menschen vorzüglich. Dus Gegenstück Kaisers
353 2315 1581 2392 war Fritz Lobheimer. Diese Rolle wurde von Herrn Ernst
356 2371 1577 2427 Lüttwann getragen. Ernst Lüttmann konnte den An¬
355 2412 1569 2475 forderungen, die der Dichter stellte, nicht voll gerecht werden.
353 2467 1570 2515 Er verriet in seinem Spiele Unsicherheit, er wußte mit dem
354 2498 1575 2550 komplizierten Menschen Lobheimer nicht viel anzufangen.
355 2539 1568 2602 Dasjenige, das jedoch im Rahmen seines Könnens lag,
352 2590 1571 2650 brachte er vorzüglich. Vera Gehring spielte die Christine
362 2628 1569 2691 Weiring. Christine ist ein Weib, durchdrungen von Liebe.
361 2674 1576 2734 Christine liebt den Fritz mit der Kraft ihrer ganzen Seele,
365 2719 1575 2776 mit der grenzenlosen Hingabe der Persönlichkeit. Christine
356 2763 1583 2816 fordert von der Darstellerin viel, fast allzuviel. Es war
367 2807 1587 2861 gewagt diese Rolle Frl. Vera Gehring zu übergeben, aber
370 2855 1575 2906 die junge Künstlerin hat nicht versagt, wenn sie auch der
362 2896 1581 2956 Rolle nicht zum durchschlagenden Erfolge verholfen hatte.
359 2941 1572 2992 Die Hauptaufgabe für die Künstlerin lag in dem letzten
363 2977 1570 3038 Akte. Dort hat sie ein Weib mit dem ganzen unfaßbaren,
367 3022 1576 3083 zur Verzweiflung treibenden Schmerze darzustellen. Diese
367 3068 1571 3108 Stellen fordern umfassendes Können und die Beherrschung
367 3116 1571 3167 der dramatischen Darstellungskunst. In mimischer Beziehung
363 3165 1578 3214 siegte Vera Gehrings Geist über die Materie. Aber mit der
365 3201 1572 3254 Mimik untrennbar verbunden ist die Sprache. Und an
368 3242 1584 3300 manchen Stellen erwiesen sich die Stimmittel der Künstlerin
365 3297 1580 3342 zu schwach. Wollen wir hoffen, daß auch dieser Fehler,
357 3334 1570 3392 der den letzten Schliff verhindert, bald verschwindet. Frl.
362 3366 1574 3444 Edith Schirmer als Mizzi Schlager war sehr gut. Sie
352 3419 1577 3475 spielte rasch, temperamentvoll, erfaßte die ihr zustehende
366 3463 1579 3521 Rolle ganz, trug manchmal (insbesondere im ersten Akt)
352 3508 1587 3566 viel zu stark auf. Betty Werner als Binder errang
347 3555 1577 3613 sich einen großen Erfoig, wie auch Martin Ederer als
348 3597 690 3658 Hans Weiring.
453 3626 1579 3698 Einige Wocte noch. Das Stück „Liebelei“ ist von einem
359 3679 1575 3742 Wiener Schriftsteller, es verkörpert das Wiener Leben, es
347 3729 1571 3783 spielt in Wien, warum bemühten sich die Darsteller nicht,
354 3757 1595 3832 den Wiener Ton, der für das Stück ausschlaggebend ist, zu,
1413 3814 1534 3886 —0—
353 3818 549 3879 finden?
1912 1039 2637 1173 Klose & Seidel
1960 1139 2573 1234 Bureau für Zeitungsausschults
1920 1198 2620 1293 Berlin H. 47, Geuigenhirchgtatn #
2043 1262 2361 1358 ZÖIU
2657 1332 2754 1410 1
1903 1342 2665 1466 zeiunsPanz##
1913 1447 2040 1530 Oet:
2363 1434 2526 1539 1922
2353 1566 2756 1671 —
2369 1640 2812 1720 eeneen eeneene
1805 1698 2780 1811 ( Schnihlers „Liebelei“ als Oper.
1837 1774 2811 1865 Es gab einmals eine Zeit, in###'sich um die tragische
1812 1840 2822 1910 Geschichte der Christine Weixing arnsthafte literarische
1810 1874 2815 1952 Kämpfe entspannen. Das war vamals, als der „Na¬
1807 1928 2819 1985 turalismus“ (mit dem Schaitzler im Erunde nur recht
1816 1969 2807 2022 wenig zu tun hatte) und das Milleubramg erst ihr
1804 1993 2814 2071 Recht auf der Bühne erkämpfen mußlen. Leute, nach
1803 2059 2802 2113 25 Jahren, gehört das schon beinahe der Literatur¬
1797 2101 2808 2172 geschichte an und wir finden es ganz in der Ordnung.
1809 2143 2802 2212 wenn das jiede, rührsamo alte Stückchen plötlich seine
1802 2181 2806 2262 Kufersiehung als Oper feiern soll. Ob ihm freilich in
1803 2229 2800 2300 der neuen Gestalt ein ewiges Leben beschieden sain
1802 2270 2800 2357 wird, muß dahingestellt bleiben; dazu mag sich der
1795 2317 2816 2398 Musikreserent äußern, dem hier nicht vorgegriffen
1793 2357 2039 2417 werden soll.
1827 2405 2805 2488 Es ist begreiflich, daß der Stoff einen Komponisten
1797 2436 2795 2515 reizen konnte. Die Mimi und Musette aus der Pariser
1799 2492 2797 2559 Bohème haben glänzend eingeschlagen, warum sollte es
1777 2547 2808 2613 mit den Wienerinnon Christin' und Mizzi Schla#er nicht
1787 2594 2800 2662 ebensogut glücken? Ein bißchen Gewaltsamkeit gehört
1784 2635 2798 2697 ja dazu, diese Wiener Junggesellengeschichte aus dem
1780 2679 2802 2741 letzten Jahrzehnt des verflossenen Jahrhunderts plötz¬
1783 2710 2790 2789 lich in die Biedermeierzeit zu verlegen; auch dabei
1782 2753 2797 2833 wirkte wohl die Erinnerung an das zugkräftige Var¬
1779 2816 2787 2876 bild ein wenig zu stark. Und der Eindruck, daß die
1776 2848 2793 2899 Kleinigkeiten des Alltags, ausgedrückt noch dazu in der
1777 2894 2794 2961 Sprache des Alltags, ohne Rhythmus, ohne dichterische
1778 2932 2800 3009 Verklärung, in der Musik erst recht trivial wirken,
1786 2979 2683 3057 wird durch die historischen Kostüme nicht gebannt.
1804 3047 2796 3111 Für heute soll hier nur der äußere Eindruck fest¬
1767 3070 2787 3157 gesiellt werden. Dos Publikum wurde von Akt zu Aht
1779 3128 2790 3196 sichtber wärmer. Nach dem zweiten Akt konnte Reina
1776 3171 2792 3229 Backhaus, die der Christine eine zarte Lieblichkeit
1767 3220 2787 3293 verliehen hatte, die erste Blumenspende in Empfang
1762 3238 2783 3311 nehmen und sich mit ihrem Partner Fredy Busch wie¬
1768 3307 2782 3369 derholt dankend verneigen; am Schluß aber rief anhal¬
1766 3325 2787 3412 tender und starker Beifall mit den übrigen Darstellern,
1755 3374 2785 3459 Richard Ludewigs als Vater Meiring, Elly Gla¬
1766 3429 2781 3496 [ditsch als Mizzi Schlager. Ernst Claus als Theodor,
1760 3481 2775 3545 Margareie Neff als Nachbarin und Franz Hahn als
1748 3517 2775 3582 dem namenlosen Nächer seiner Ehre, auch den Kapell¬
1758 3562 2781 3625 meister Otto Selberg und den Oberregisseur Julius
1765 3603 2782 3686 Prischke vielmals auf die Bühne. Es war unzweifel¬
1746 3627 2353 3720 haft ein flärker äußerer Erfolg.
