3436 4256
695 1791 755 1853 *
2769 96 2944 172 Snnchee
848 155 2987 217 beiden Frauen — aufs wirksamste durch die beiden Darstellerinnen und ihre völlige menschliche Wesens¬
858 196 3018 277 verschiedenheit unterstrichen — herausgearbeitet, ohne dabei einer von ihnen ein zu starkes gefühlsmäßiges
852 234 3003 320 Nius zuzuerkennen. Eine überaus glückliche Besetzung erhöhte die Geschlossenheit dieses Films. Die Solveig¬
849 293 3008 374 Figur der jungen Christine in ihrer tiefen unegoistischen Liede und der unwandelbaren Treue zu dem Geliebten
852 352 3017 411 fand durch die junge Darstellerin Evelyn Holt eine erschütternde, wundervoll gezeichnete Gestaltung. Man
854 392 3005 472 barf nach dieser Leistung auf weitere große Filme Evelon Holts gespannt sein. Vivian Gibson gab der
853 432 3021 514 Ehebrecherin mit dezenten Mitteln den schwülen Hauch mondäner Verderbtheit. In Lauis Lerch fanden die
844 480 3017 548 beiden Frauen einen Partner, der die seelischen Konflikte, den Ausdruck seiner beiden Gesichter, mit feiner,
856 529 3015 621 sympathischer Kunst erfühlte. Evelyn Holt und das verdienstvolle Regisseurpaar J. und L. Fleck, die der
847 592 2129 654 Hamburger Urausführung beiwohnten, wurden lebhaft gefeiert.
966 690 3010 770 Dem Hegewald=Film und dem Regisseur=Ehepaar Fleck kann man zu dieser sauberen, eistklassigen Arbeit
849 726 3006 820 nur gratulieren. Herbert Jutike und Dr. Klaren lieferten frei nach Schnitzler ein vom ersten bis zum letzten
860 793 3006 865 Augenblick spannendes Drebbuch. Die Darstellung verdient ebenfalls vollste Anerkennung. Eine besondere
846 823 3107 920 Überraschung die trefftiche Vivian Gibson. Hilde Maroff bestätigt hier ihr Können, und Evelyn Holt läßt
221 881 309 930 W
851 891 3008 947 für die Zukunft Allerbestes hoffen. Louis Lerch, Heury Stuart und Jaro Fürth verkörperten mit Bravour
205 894 317 953 M
252 937 530 1002 ht Ansceinug
846 923 1440 1008 die männlichen Hauptrollen.
2947 983 3033 1060 100
2948 1036 3001 1087 00
952 1032 3015 1112 Das Wirbelnde und Packende dieses Eifersuchts= und Ehedramas ist wundervoll gesehen, erfaßt und
192 1049 760 1143 9= März 1927.
842 1083 3010 1166 wiedergegeben. Nicht oft findet man so restlos gute schauspielerische Leistungen von der ersten bis zur letzten
848 1139 3016 1232 Nolle wie in diesem Film. Vivian Gibson ist die rechte Schnit lersche Schlange, die den Mann in
278 1146 464 1225 I
841 1196 3018 1269 Verzweiflung und den Freund in den Tod bringt... Der höchste Genuß aber ist die Christine Weyring
251 1228 444 1302 SE
838 1247 3023 1318 der Evelyn Holt: ein unendlich feines, duftiges, blondes Mädel, dessen Gesicht nicht in Verzerrungen, sondern
259 1281 438 1340 WRNER
556 1287 615 1354 0
848 1276 3004 1367 durch Ausstrahlungen der Augen allein spricht. Der Regisseur kann es sich erlauben, ihr Gesicht zum Spiegel
388 1295 512 1365 KANRN
234 1293 360 1363 Serstie
568 1330 652 1368 Sheseane
843 1340 3002 1411 für wichtigste Teile der Handlung zu machen: Er gibt es in Großaufnahmen, und es spiegelt das Heitere
245 1351 418 1436 WNN
210 1353 669 1456 n
845 1393 2996 1466 oder Träurige in einer Weise wider, daß die Vorführung dieses Erlebten selbst überflüssig wird. Der
624 1385 727 1463 10
401 1415 655 1479 W
312 1437 391 1476 Ke
841 1436 3003 1523 Evelyn Holt möchte man noch oft in besten Filmen begegnen. „Liebelei“ scheint uns, zusammenfassend
401 1437 733 1509 Seece rieeneschee
260 1465 644 1552 Seeuen
845 1497 2855 1564 gesagt, eine der besten Verfilmungen von bekannten Werken in der letzten Zeit zu sein.
527 1516 609 1548 ARNN
334 1519 743 1592 geae
962 1591 3028 1670 „Liebelei“, ein Hegewald=Film nach Arthur Schnitzler, wird allein schon durch die Leistung Coelon Holts
185 1598 683 1683 und Lumngegend,
831 1626 3010 1722 zum Erlebnis; wie dieses Mädchen das betrogene Cellistentöchterchen spielt, ist etwas ganz Seltenes und
211 1667 428 1741 See
605 1689 679 1763 100
336 1691 499 1761 SS
834 1694 3005 1758 beglückend Reines. Scheinbar hat der Dichter den Drehbuchschreibern scharf auf die Finger gesehen,
488 1713 535 1770 □00
840 1748 2999 1822 die Feststellung soll ein Lob sein für die Arbeit Juttkes und Klarens, denen Hösch als tüchtiger Photograph
827 1791 3023 1881 zur Seite stand. Wenn das Spiel im Aufbau seiner Bilderkette ergreisend echt und lebenswahr geriet, so
839 1839 3066 1927 liegt das neben dem gut abgefangenen Wiener Winter auch an der harmonischen Auffassung des Ensembles;
667 1861 752 1942 800
835 1892 2997 1962 wie graziös weiß die Gibson den mondänen Weibsteufel der Bankiersfrau zum Verderb für Gatten und
650 1960 713 1999 MN
831 1929 3060 2002 Liebhaber zu machen, wie schlicht streicht Jaro Fürth sein Cello, wie toll und blind folgen die Studenten
831 1985 3078 2053 von Louis Lerch und Henry Stuart dem süßen Abenteuer. Der leidenschaftliche Hauch Schnitzlerscher Stadt#
823 2032 3101 2121 menschen ist zu spüren, vielleicht im Film noch bestechender als in der Dichtung. Für die Regie dürfen
807 2094 1876 2160 J. ung L. Fleck schon ihren Namen drucken lassen.
565 2065 746 2152 SRN
2112 2121 2167 2169 8
2927 2102 3039 2177 8090
951 2184 2992 2257 In der Verfilmung von Arthur Schnitzlers Dreiakter „Liebelei“ kommt dank dem Manuskript von
829 2242 2918 2321 Herbert Juttke und Georg C. Klaren die Eigengesetzlichkeit des Filmschauspiels völlig zu ihrem Recht
836 2282 3001 2350 Die Handlung ist klar und folgerichtig, der Stimmungsg halt des Schnitzlerchen Werkes gut herausgehölt.
830 2345 2996 2419 Die Motivierungen sind zwingend, Regie (J. und L. Fleck) und Darsteller (Evelyn Holt, Hilde Maroff,
832 2387 3000 2480 Vivian Gibson, Louis Lerch, Henry Stuart, Jaro Fürth, Robert Scholz, Karl Platen) sehr gut. Der Film
828 2442 2136 2519 hat beim Publikum den verdienten sehr großen Erfolg.
2785 2493 2880 2552 egne
2018 2505 2120 2555 e
951 2693 1017 2765 630
956 2737 1089 2803 W
896 2821 1049 2902 Sg
947 2942 1039 3006 8220
2994 2957 3081 3005 SAT
2967 3081 3059 3142 S
3036 3110 3089 3158 30
1510 3172 1651 3369 □
2963 3280 3061 3375 4
1062 3328 1112 3386 4
700 3360 750 3406 100
254 3365 380 3419 S
227 3445 489 3532 E
1493 3457 1547 3513 600
564 3446 2147 3528 Marke des Ertoiges
365 3520 430 3579 1
3078 3607 3170 3680 10
214 3627 295 3691 90
527 3803 590 3869 810
255 4059 301 4096 9000
206 4062 253 4112 8
293 4078 354 4152 800
325 4107 391 4173 80
1048 4096 1143 4175 00
756 4116 883 4175 S
