3484 4320
50 1577 141 1632 Duch
50 1688 150 1756 stu
-19 1731 141 1800 s sie
16 1774 112 1831 Tod
13 1797 144 1870 ender
35 1860 134 1916 en 2
14 1937 112 1997 ater
19 1977 113 2034 ber,
44 2014 142 2087 chnitz
56 2073 133 2200 14
64 2414 133 2481 icht
60 2474 134 2519 spiel
62 2513 146 2578 ug
64 2557 147 2607 en,
-12 2594 139 2650 und Ha
-1 2627 129 2683 r und
-20 2672 142 2730 eiur
-9 2702 132 2766 ener
21 2736 144 2803 that
33 2796 145 2856 frichte
79 2864 139 2928 rin
531 213 910 284 iebelei
965 213 1484 309 box 10/3
328 220 909 327 5. LisT
257 1068 2163 1164 o einer geschlossenen Phalanx] andern Gedieten 11o ein sehl Mitgehender Schng ds Autn . Winter
260 1121 3157 1199 Egt sein: Sitte und Ordnung schaftlich Schachen geboten, so beim Miethsvertrag, beim Dienst=] Interhellation Schwerin=Löwitz betr. die Aufhebung der gemischten
264 1176 2628 1228 Erden. Die Ehe pflegt in der vertrag, bei den #stimmungen über Konventionalstrafen. Ich! Transitläger auf der Tagesordnung.
879 1260 3153 1315 Arthur Schnitzler geht von dem Gedanken aus, daß ein Mann] jene Liebe für sie empfindet, die sie ihm entgegenbringt, und daß
1971 1288 3148 1346 die Reise die er vorschützt, vielleicht einen Abschied für immer be¬
256 1294 443 1371 ei.
794 1312 1985 1367 à nicht immer lieben kann, sondern daß er auch zuweilen liebeln
1970 1345 3154 1399 dentet. Dieser zweite Akt mit seinen seineren, intimeren Stimmungen
805 1346 1985 1406 müsse. Seines Helden Fritz leichtlebiger Freund Theodor stellt
267 1349 705 1428 rthur Schnitzler.
1978 1380 3155 1433 wirkte nicht ganz so eindringlich wie der erste mit seiner starken
802 1398 1968 1458 sogar die These auf, daß die Frauen gar kein Recht haben, inter¬
271 1411 808 1487 im Deutschen Theater
1971 1419 3144 1486 dramatischen Spannung, aber der Verfasser konnte am Schlusse
810 1430 1973 1488 essant zu sein, son dern daß sie nur interessant zu sein brauchen,
266 1470 431 1532 uar.)
1972 1458 2748 1519 doch drei Mal vor der Gardine erscheinen.
811 1469 1970 1525 und daß wir im Grunde eigentlich nur die Frauen
2048 1486 3143 1550 Und das Publikum folgte ihm weiter willig bis zum Schluß.
814 1510 1980 1573 lieben, die uns gleichgiltig sind. Aus diesem Grunde
274 1504 807 1575 e dramatische Geschichte, aber
1968 1547 3144 1597 Der dritte Akt bringt eigentlich nichts weiter als die Nachricht, daß
810 1541 1969 1607 hat Theodor mit einer ebenso feschen wie leichtlebigen
268 1560 801 1622 der den Menschen nicht blos
1968 1585 3145 1643 Fritz im Duell gefallen. Aber wie diese Nachricht, die Jeder
804 1586 1971 1645 Modistin ein Verhältniß angebandelt, und um seinem Freunde
254 1590 809 1669 nd wie sie spucken, sondern der
1975 1626 3140 1684 voraussieht, vorbereitet wird, wie Christine sie schließlich dem
802 1630 1971 1701 Fritz, dem das Blut etwas dicker und langsamer durch die Adern
267 1630 811 1699 g und den Sinn jenes feinen
1977 1676 3139 1735 Freunde, der schon von der Beerdigung des Gefallenen kommt,
805 1671 1979 1745 fließt, eine ähnliche Unterhaltung zu verschaffen, hat er ihn mit
248 1683 810 1747 Gedanken und Empfindungen
1973 1712 3150 1755 von den stummen, zuckenden Lippen abliest, wie sie nicht
806 1708 1972 1787 einer Freundin seiner Freundin zusammengebracht. Für Fritz war
258 1721 813 1781 n. Ich glarbe gern, daß die
1979 1747 3141 1801 ruht, bis sie weiß, daß der Mann, den sie liebte, für eine Andere
799 1763 1969 1813 eine solche Ablenkung um so nothwendiger, als er durch ein Ver¬
262 1758 821 1829 Ihren rechnen, und will des¬
1972 1789 3142 1843 in den Tod gegangen ist, das Alles ist mit so schlichter und
803 1793 1976 1849 hältniß zu einer verheiratheten Frau schon in eine ganz melancholische
272 1804 812 1869 ist es ungemein gleichgiltig,
1981 1824 3151 1885 über eugender Wahrhaftigkeit wiedergegeben, wie sie nur einem echten
812 1841 1979 1889 Stimmung gerathen war. Um dieser Stimmung und
266 1828 821 1907 eschrieben hat, und nur gegen
1971 1868 3141 1920 und ganzen Dichter eigen ist. Christine will von Trost nichts
802 1883 1975 1937 unaufhörlichen nervösen Erregungen Herr zu werden, stürzt Fritz
256 1889 811 1950 Jungen“, die die alleinselig¬
1982 1912 3144 1978 wissen, sie stürzt wie rasend fort, und während ihr
810 1922 1976 1982 sich Hals über Kopf in diese neue Liebelei mit Christine, der
254 1925 813 1991 lauden, kann man nicht oft
1980 1949 3157 2014 alter Vater mit den Worten zusammenbricht: „Die kommt
804 1947 1978 2016 hübschen Tochter des Geigers Hans Weiring, der im Orchester
258 1960 820 2034 giebt es für mich nur schlechte
2701 1995 3152 2035 — fällt der Vorhang.
1972 1980 2713 2048 nicht wieder, die kommt nicht wieder!“
807 2001 1976 2056 eines Wiener Vorstadttheaters beschäftigt ist. Mit einem flotten
276 2006 763 2070 ein ausgezeichnetes, Stück.
1980 2019 3146 2080 Arthur Schnitzler wurde auch am Schlusse immer wieder jubelnd
802 2036 1979 2092 Souper à quatre setzt der erste Akt ein, bei dem die Modistin
263 2046 822 2117 Schauspiel nur ein einziges
1980 2072 3153 2130 hervorgerufen und in diesen ehrlichen, vollauf verdienten
808 2087 1981 2141 Mizi ihrer Vorliebe für süßen Wein und süßere Torten mit
339 2086 812 2156 Es hieß „Märchen" und
1972 2104 3145 2164 Beifall mischte sich diesmal kein Zeichen der Mißstimmung.
809 2110 1979 2178 ursprünglichstem Behagen sich hingiebt. Aberschon bei diesem tändelnden
267 2118 814 2193 tschen Volkstheater einen
816 2172 1978 2230 Geplauder, das mit bestrickender, graziöser Frische geführt ist,
266 2161 817 2237 in ist der Dichter gestern
1973 2189 3146 2261 gesprochen, von dem noch viel Gutes und Schönes zu er¬
808 2203 1975 2273 offenbart sich, daß Christine doch ein ganz anderer Charakter ist,
298 2205 810 2274 reinen Händen vor ein
1975 2239 2198 2310 hoffen ist.
815 2252 1981 2303 als die leichte Mizi, und daß ihr die Liebelei zur großen Liebe
261 2250 819 2321 m Fluge erobert hat. Man
2047 2265 3152 2322 Die Darstellung der wenigen Rollen war fast ausnahmslos
806 2275 1991 2340 wird, die ihr ganzes Leben entscheidend bestimmt. Das fröhliche
263 2296 825 2357 nWien und Frankfurt a. M.
1980 2308 3142 2372 vortrefflich. Agnes Sorma verkörperte das keusche, ehrliche
809 2315 1978 2392 Mahl wird jäh unterbrochen. Der Gatte jener Frau, die Fritz
264 2333 815 2390 aber man weiß ja auch, daß
1972 2352 3160 2403 Empfinden des jungen Mädchens, das an der Liebelei des Andern
816 2364 1978 2432 geliebt, kommt. Er hat Alles entdeckt und ein Duell ist unaus¬
254 2377 812 2429 olche Erfolge vom Hörensagen
1969 2397 3153 2453 sterben muß, mit inniger Einfachheit. Ganz allerliebst in ihrer
815 2415 1002 2483 bleiblich.
260 2415 823 2478 egentheil, es fühlt sich dann
1970 2432 3150 2489 resoluten Leichtlebigkeit war Gisela Schneider und auch Herr
890 2443 1967 2504 Der zweite und britte Akt spielen in dem einfachen, wohn¬
257 2460 819 2531 so höher ist der gestrige Erfolg
1977 2474 3143 2538 Jarno spielte den gleichgesinnten Freund mit flotter Eleganz
816 2476 1978 2544 lichen Zimmerchen Christine's. Der alte Weiring, den eine klatsch¬
263 2507 374 2560 ggen.
1974 2504 3154 2589 und überzeugendem Humor. Herrn Rittner, dem ewigen
817 2529 1973 2588 süchtige Nachbarin gegen seine Tochter aufhetzen will, ist ein stiller,
257 2522 816 2605 en meisten realistischen Dramen,
1974 2559 3147 2609 Naturburschen, fehlt es für einen Reserveoffizier allzu sehr an äußerer
810 2570 1976 2641 feinfühliger Mensch, der über seinem Violinspiel das Denken keines¬
262 2592 817 2645 ndlung geleit. Sie ist dünn
1977 2607 3164 2675 Form und Haltung. Trefflich waren Herr Reicher, Marie
812 2608 1982 2669 wegs verlernt hat. Er vertheidigt eine Theorie, die für unsere
268 2628 812 2684 ir drei Akte kaum ausreichen,
1971 2635 2937 2709 Meyer und Herr Nissen in ihren kleinen Rollen.
813 2641 1979 2716 üblichen moralischen Anschauungen vielleicht etwas befremdlich
249 2657 818 2728 tanden hätte, sie mit einer
2063 2678 3061 2739 Heinrich von Kleist's unverwüstlicher „Ze
812 2697 1978 2756 wirkt, der man aber eine starke innere Berechtigung
404 2696 805 2768 umkleiden und sie
311 2707 416 2762 zu
1978 2716 3141 2780 brochener Krug“ leitete den Abend ein und das köstliche
814 2739 1977 2795 kaum abzustreiten vermag. Er meint ganz ehrlich, was denn ein
258 2743 813 2812 derung auch der leichtesten
1968 2760 3151 2814 Werkchen that auch diesmal seine Wirkung, obwohl man bei
814 2770 1977 2829 armes, junges Mädchen, das abseits im Schatten des Lebens er¬
265 2775 816 2852 Diese Vorzüge jedoch sind
1975 2809 3149 2852 dem Dorfrichter Adam des Herrn Hermann Müller alle
809 2819 1979 2882 blüht ist, von all seiner Bravheit eigentlich hat, wenn es darüber
263 2819 825 2887 en der neueren Dramen
1975 2842 3149 2902 Mühe hatte, eine wehmüthige Erinnerung an die unvergeßliche
810 2852 1984 2912 zur alten Jungfer zintrocknet, ohne je sich auch nur an einem
260 2865 822 2928 n den Vorzug giebt, ist die
1975 2882 3151 2943 Leistung Döring's niederzukämpfen. Sehr brav waren dagegen
258 2888 1979 2961 s Theaterstück ist, daß es sich Schimmer von Glück erfreut zu haben. Er ahnt längst, daß seine
1981 2929 3143 2983 Marie Meyer und Fräulein Staglé sowie Herr Biens¬
1366 2939 1981 2985 er gönnt ihr diese Liebe,
1244 2940 1385 2996 aber
258 2937 1171 3000 rliert, sondern daß es auch den Tochter verliebt
1975 2967 3148 3032 seldt als Frau Marthe, Eve und Ruprecht. Auch Herr Rein¬
808 2975 1982 3029 weil er weiß, daß sie ihr einziges Glück ist. Fritz
265 2980 819 3052 Bühne gerecht wird und ein
1977 3008 3083 3072 hardt sprach den Gerichtsrath Walter einfach und natürlich.
256 3026 1973 3083 chluß bringt. Die Handlung; kommt noch einmal zurück, um Christine Lebewohl zu sagen,
2674 3044 3118 3130 Max Schoenen.
835 3055 2008 3126 und sie hängt bebend an seinem Halse, denn sie fühlt, daß er nicht
261 3078 523 3145 urchgeführt.
547 3140 1456 3386 gaun
1444 3203 2160 3373 P rne—t
