3344 4224
246 -12 410 54 Tdreser
252 65 380 154 Date
588 85 1145 178 15 OCTOBRE 1933
255 158 559 249 Sionature: eee
175 254 594 351 Expostlion:—
1021 369 2698 470 Si c’en était encore la mode, cette piécej petits-enfants se sonviennent à peine de
116 408 984 494 THEATRE DE LATHENEE: Prière!
1842 446 2702 494 lui, son fils s’empresse auprès de Cécile
990 450 1823 520 porterait un sous-titre, ce serait: Prière
149 464 973 548 bour les Fican's, piece en trois actes de
1845 481 2694 535 Viroy qui n’a pas oublié le chemin de la
977 492 1829 562 bour les Ewants ou la Vie d'un llomme.
163 516 979 577 M. Jacouns Duval. — THEATRE DU
1839 522 2698 601 maison, un autre petit Massouhre vient
990 540 1833 594 Il s’agit, bien entendu, d’un homme ordi¬
168 561 973 607 VIEUX-COLOMBIER: Libelei, piéce
1843 574 2108 640 de naitre
986 581 1829 635 naire, d’un homme comme nous pourrions
164 598 974 652 en trois actes d’ARTHUR ScHNITZLER,
1889 599 2700 673 Ainsi, l’on a beau répéter de génération
990 617 1846 683 ou comme nous pouvons en étre un, volls
168 636 967 719 traduite et adaptée par Mme S. CEAUZER.
1849 649 2705 710 en génération la prière pour les vivants,
993 666 1841 722 ou moi, toutes choses égales d’ailleurs. Un
1843 704 2703 753 ceux-ci n’en restent pas moins tres sem¬
163 692 973 776 I. Athénée fait sa réouverture vraie
987 711 1833 766 Français moyen, dirait-on, si, de l’origine
1853 732 2698 801 blables aux morts qui les ont précedés.
125 748 981 820 avee dne Guvie d'un ton quelque pen
993 757 1838 817 de sa vogue pfésente, cette expression ne
1856 778 2697 844 On pense bien, par ailleurs, que Lhistoire
989 800 1830 868 gardait un sehs vraiment trop humiliant,
129 794 981 857 différent du ton ordinaire de cette salle
1853 820 2701 884 de cette vie sans crime et sans vertu pa¬
988 842 1835 913 a la fois mystique, prétentieux et neutre.
121 836 975 904 habituellement gaie. Après Le Paradis
1847 864 2694 939 raftra un peu Apre à certains. C’est avec
132 892 992 952 Perdu, Prière pour les Vivants pourra sur¬
1032 887 1841 971 Pierre Massoubre nait en 1873, comme
1847 907 2705 979 méfiance, avec gène que l’on considère
119 922 994 989 prendre. Heureuse surprise d’ailleurs, car
1853 951 2709 1020 ce qui rappelle trop exactement ce qu'on
991 952 1845 1010 la troisième République ou presque, d’un
131 977 980 1031 si le Paradis de M. Paul Gavault était
1858 995 2706 1067 aimerait oublier. On croit au bien ou l’on
989 993 1841 1068 petit bourgeois que la joie d’être père
136 1014 975 1078 farci de bonnes grosses qualités et. repar¬
1858 1039 2697 1104 croit au mal. Mais il est rare que l’on
1002 1042 1843 1101 n’empéche pas de coucher avec sa bonne
135 1051 987 1115 ties, la nouvelle piéce de M. Jacques Deval
1001 1084 1835 1143 et de courtiser, des le premier jour, la
1858 1078 2708 1144 consente à s’avouer les curieux mélanges
134 1100 991 1161 suppose tout autre chose. De tant de
999 1126 1844 1183 nourrice de son fils. Brave homme, au
1853 1134 2704 1180 que l’on fait sans cesse de l’un et de l’autre.
140 1140 998 1210 comédies diverses qu'il a deja écrites et
992 1163 1848 1238 demeurant, bon citoyen. Sa mère meurt
1859 1163 2713 1231 La pièce de M. Jacques Deval, émouvante
138 1197 989 1267 dont aucune ne peut laisser indifférent,
1001 1210 1840 1270 peu aprés. Pierre est mis en pension au
1859 1214 2719 1267 et forte, tres habilement découpée en ta¬
999 1253 1847 1315 lycée, l'un des sombres lycées d’alors. Ni
1854 1252 2716 1310 bleaux dont le nombre ne nuit pas à son
1011 1306 1851 1366 pire, ni meilleur que les antres, il trouve
1860 1295 2718 1366 unité, touche juste et profondément. Elle
1000 1343 1854 1404 pourtant moyen de trahir l'amitié de l'un
1865 1342 2713 1405 donne la sensation physique de la durée,
1004 1382 1847 1445 de ses camarades, un réveur et un faible
1861 1395 2710 1456 du temps qui passe et le tragique quoti¬
997 1430 1851 1490 persécuté par les autres. Et tout cela pour
1856 1417 2725 1504 dien des générations qui se chevauchent
1004 1471 1852 1530 cräner, pour étre, déjà, du côté des plus
1860 1474 2255 1538 et qui se suivent.
1892 1488 2716 1578 La distribution comprend environ qua¬
1007 1512 1854 1577 forts. Anticipation de ce qu’on nomme la
1013 1562 1856 1621 lutte pour la vie. Peu après, étudiant, son
1860 1557 2712 1609 rante noms. On regrette de ne pouvoir,
1008 1600 1858 1669 premier amour est aussi son premier cha¬
1865 1600 2712 1661 faute de place, tons les citer. Mais il faut
1006 1657 1855 1711 grin, amour et chagrin qu'il oublie vite
1878 1644 2717 1702 louer MM. Palau, Argentin, Georges Rollin,
512 1648 717 1752 *
1877 1685 2716 1755 Robert Vattier. M. Jacques Baumer est
1004 1687 1856 1747 dans les bras accueillants de la première
1866 1721 2719 1792 Pierre Massoubre à partir de l’äge
1011 1733 1863 1788 venue. Quand il a fini ses études, il se
1875 1771 2718 1832 d’homme. Mmes Volande Lafon, si sen¬
1006 1771 1862 1830 marie, Voici armé pour la vie ce jeune
1867 1810 2715 1904 sible ct si juste, Marthe Mellot et Ger¬
1005 1818 1857 1888 bourgeois arriviste. Mais, pour l’instant,
1019 1856 1872 1925 c’est la gène dans le ménage et mème un
1013 1905 1865 1976 peu plus. Dans les affaires, on ne gagne
1019 1948 1868 2012 guère d’argent si l’on n'a pas d’argent.
395 1976 578 2056 S
1025 1991 1883 2046 Et le père Massoubre, qui amasse un bel
1012 2022 1868 2093 héritage, neiveut pas lächer un son de son
1022 2069 1885 2143 vivant. Tant que Pierre lui chipe son
2071 2077 2398 2189 S
1012 2126 1874 2177 portefeuille pour manger d’abord, sa
1026 2165 1877 2222 femme et lui, et puis pour faire construire
1020 2199 1874 2280 une machine dont il est l’inventeur. Tel
438 2050 645 2291 C
1022 2240 1885 2316 est le début d’une fortune qui croit rapi¬
381 2249 483 2326 7
1029 2290 1885 2352 dement. Nous sommes en rooz. Dés 1014,
1024 2339 1891 2401 à 41 ans, Pierre Massouhre riche à son
1021 2379 1898 2445 tour se montre égoiste, inconscient avec!
174 2356 942 2460 4 Pageor-Rousscnen
1024 2419 1890 2478 une entière bonne humeur et un bel équi¬
157 2441 1012 2531 Jacouzs BaumEn dans Prière pour les vicants.
1023 2466 1887 2531 libre. II confie ses enfants aux dofnestigues
1033 2514 1891 2568 et trompe sa femme, notamment avcc la!
164 2515 1025 2599 c’est peut-être celle-ci qui affirme le plus
1035 2550 1886 2612 meilleure amie de celle-ci. Pourtant, celle¬
163 2581 1020 2654 profondément les dons, la maitrise et la
1032 2587 1888 2657 là est la seule qu'il aime vraiment. Sa mort
161 2633 1013 2699 philosophie de cet auteur sans illusions.
1035 2636 1889 2707 prématurée lui cause un chagrin profond et
158 2667 1023 2730 Et en tout cas, elle fait sürement connaftre
1040 2677 1887 2736 véritable. Le temps passe. La guerre sur¬
163 2721 1016 2779 qu'il doit étre tenu pour l’un des premiers
1046 2726 1902 2791 vient. De cet événement tout de mème
152 2763 710 2845 du théätre contemporain.
1038 2768 1901 2834 d’une certaine importance, M. Jacques
198 2805 1020 2866 La Prière pour les Vivants est cette
1034 2814 1898 2881 Deval ne montre rien. C’est par pudeur,
163 2849 1028 2924 prière que l’on récite sans interruption au
1046 2858 1891 2918 peut-être, car elle parait avoir un peu trop
172 2898 1020 2949 Carmel pour attirer, au moment de leur
1041 2908 1888 2964 bien réussi à Pierre Massoubre. Nous le
161 2933 1022 3007 naissance, la protection divine sur tous
1038 2943 1894 3010 retrouvons en 1023 non plus riche, mais
166 2985 1026 3049 les enfants qui naissent à chaque instant
1042 2984 1898 3045 opulent. II a 5o ans et il est très occupé
166 3020 1030 3100 dans le monde, pour qu'ils soient forts
1035 3031 1900 3088 à rester jeune. II marche avec son temps.
172 3060 1035 3138 contre la tentation, pour qu'ils menent
1039 3072 1903 3138 La vie est belle, intense. Pierre a des mai¬
166 3113 1033 3172 une bonne vie et qu'ils fassent une bonne
1044 3118 1892 3172 tresses et il traite son fils en camarade
159 3145 1041 3236 mort. Comment, la plupart du temps, les
1045 3172 1914 3220 jusqu'au jour, ou, marié à son tour et
169 3195 1030 3263 hommes répondent-ils ä ce ven ardent et
1046 3204 1906 3263 père de famille, Robert Massoubre évince
172 3231 1036 3295 raisonnabir de la religion? En vivant,
1050 3242 1906 3308 son père des conseils d’administration de
175 3272 1042 3342 non pas tournés vers ie cel, mais au jour
1051 3286 1902 3348 ses propres affaires. C’est ainsi que l’on
169 3329 1036 3384 le jour et impatients, sur cette terre, d’un
1053 3338 1902 3396 se transmet le flambeau dans la famille;
175 3363 1038 3439 avenir supposé meilleur s’il comble laurs
1044 3380 1716 3450 le plus jeune l’arrache à l’autre.
175 3405 1038 3484 ambitions et leurs désirs. Puis, la mort les
2523 3425 2613 3502 —
1083 3427 1911 3500 Ecceuré, mais toujours accroché à la
179 3454 1038 3522 surprend qui, trés vite, ne laisse plus rien
1042 3486 1906 3546 vie, Pierre Massoubre va partir en voyage
171 3485 1050 3570 d’enx qu'un souvenir imprécis et mesquin
1042 3537 1906 3593 avec Cécile Viroy — Mlle Junie Astor,
2002 3522 2519 3607 h.Dageo-ouéseavn
175 3543 1037 3602 jusque dans la mémoire de leurs enfants.
1054 3573 1889 3642 qui joue ce röle est à la fois fine et belle —
176 3588 1037 3649 Après quoi, cenk-ci et les enfants de leurs
1993 3579 2667 3680 LupaiLzA Prroßer dans Libelei.
1045 3595 1915 3679 àqui il ne peut plus demander, au cours
186 3632 1033 3700 enfants recommencent la mème agitation
1053 3664 1902 3718 de leurs rendez-vous, que de le laisser
176 3671 1036 3745 pour le mème résultat. C’est ce sentiment
1904 3686 2749 3758 maine Auger, adroite et intelligente comé¬
1049 3708 1903 3756 contempler son buste nu. Mais unc conges¬
182 3709 1042 3785 amer de la vanité de l’existence que M. Jac¬
1906 3726 2748 3792 dienne sans cesse en progrés, sont en téte
1057 3748 1900 3813 tion le terrasse, II meurt comme il a
186 3760 1045 3821 ques Deval a evoqué avec force, avec
1911 3771 2755 3836 de la distribution feminmne. On n’oublie
1051 3792 1898 3859 vécu.,, en janvier 1033 à l’äge de 60 ans.
185 3794 1042 3874 pessimisme, avec une sohre puissance, dans
1047 3816 2765 3879 Des septembre suivant, il est oublié. Ses! pas, enfin, Mlle Junie Astor, déjà nommée,
110 3845 719 3936 DE 1 Pvière bour les Vivanis.
2705 360 3279 448 qui est aussi bonne comédic
2707 431 3295 485 semme, et Mlle Vera Markels
2746 473 3283 537 II nous restc bien peu d
2701 501 3275 581 parler du spectacle de
2708 539 3294 615 M. et Mine Pitoéff désormai
2713 610 3293 663 theatre du Vieux-Colombier
2702 643 3286 707 dans cette salle illustrée pal
2709 686 3293 746 Copeau en jouant Libeles
2699 724 3291 790 4'rthur Schnitzler connu
2708 762 3282 832 public parce qu'on en a ré
2708 817 3273 867 un film. Aibeler vent dire
2716 853 3289 919 amour sans importance. Mais
2712 900 3284 958 pas avec l'amour; c’est ce
2715 928 3286 1003 de nouveau montré. Mmne Lu
2723 982 3288 1037 a trouvé là un de ces röles d
2715 1019 3291 1085 la simplicité déchirante de
2721 1067 3284 1127 merveille. Elle est fort bien
2716 1115 3271 1164 MM. Marcel Herrand et
2724 1162 3289 1227 Mmes Nora Sylvère et Agnel
3079 1199 3286 1295 Pavr. C
2804 1341 3300 1507 ARPEG
3145 1473 3257 1524 0•—
2765 1510 3280 1601 Deux nouveautés viennent d
2732 1576 3290 1634 collection Maitres de la mus
2723 1607 3286 1670 moderne  (Rieder): notez que
2727 1654 3286 1716 aichla valeur d’un programme,
2727 1694 3288 1750 certaine élasticité dans la fag
2727 1727 3294 1788 mot a maitre s, nous promet a#
2734 1767 3286 1828 nieme série aux noms trop connug
2733 1807 3275 1863 ouvrage sur Erik Satie. Ne
2724 1836 3294 1902 pas s’il fut un maitre, ou men
2731 1885 3294 1931 En lui cohabitaient deux homme
2739 1914 3296 1980 rester distincts: Ihumoriste et
2736 1959 3299 2012 malheur, ils voulurent pactiser.
2740 1998 3290 2055 cuvres hybrides, dont le texte
2743 2036 3293 2089 pond nullement aux commentai
2738 2080 3301 2128 Taccompagnient. De plus, les atta
2732 2118 3286 2166 contribuerent à pousser Satie
2735 2148 3289 2205 d’avant-garde peu fait pour lus
2744 2190 3258 2250 la jeunesse turbulente qul g
2732 2222 3302 2280 M. Cocteau, un vertige de mod
2737 2265 3292 2325 du söllfaire d Arcuell. Lul, auf
2738 2301 3291 2363 vingtieme année, révélé le do
2735 2345 3288 2400 Gymnopedies, sombra dans des
2735 2379 3280 2444 mées par les dadaistes, mais g
2735 2421 3288 2475 point à l'existence de cet éphe
2773 2458 3281 2506 Si lelivre apologétique de M.
2744 2495 3286 2550 pas à nous convaincre il est hon
2740 2538 3282 2595 été écrit, fixant peu après la
2744 2570 3298 2626 des points qui seralent devenu#
2737 2620 3291 2686 suite. Aussurplus, il est fort amt
2829 2651 3293 2717 peu de livres ont été écr#
2734 2700 3297 2768 Grieg; celui de Mme V. Rorseth
2747 2744 3296 2796 le hienvenu. La tendresse qu’elld
2735 2782 3290 2843 musicien ne l’empéche pas
2737 2824 3288 2876 clairvoyanceges défauts, dus en
2742 2859 3284 2917 tion qu'il regut à Leipzig. Pei
2744 2889 3288 2955 lui reprocher parfols un leger
2745 2938 3281 2997 pour parler d’un artiste qufen
2753 2974 3291 3036 fils spirituel des ménétriers villa
2758 3006 3296 3078 était, commegenx, porteur d
2749 3047 3277 3111 charge dersaveur populaire;
2752 3090 3286 3143 s égarer en des pièces symphoni
2746 3132 3295 3181 fut toujours trop grand pour lug
2743 3167 3300 3222 mème trouvé maintes meleh#
2752 3206 3275 3264 fraicheur dont beaucoup de
2739 3242 3219 3304 en sauvenir darfs la Suite.
2840 3287 3299 3354 Un livre qu'on lirs avec
2748 3329 3294 3388 la correspondance de Liszt et
2748 3372 3290 3436 est celui que le comte du Mou
2761 3412 3292 3466 cré # leur fille, Cosima Wagn
2757 3446 3288 3500 entiérement sur le ton panégy
2767 3489 3290 3545 d’une documentation impressio
2763 3523 3290 3584 avec précision devant nous le
2770 3557 3296 3615 et sa compagne. On nous prome
2765 3600 3290 3655 qui nous éclairera sur Tactivitél
2758 3630 3293 3693 femme ctonnante, quand elle i#
2753 3680 3299 3732 Teuvre. De meme qu'elle aval
2764 3714 3293 3774 portant dans la genèse de cette
2766 3753 3293 3826 Bayreuth ne devalt durer que 9
