3484 4320
441 158 791 229 Liebele
282 159 906 275 5. J
955 157 1402 243 box 10/5
1873 88 3050 143 gefährliches Verhältnis ist nicht nach dem Geschmacke Theodors
1876 119 3065 172 und er versucht, seinen Freund von demselben abzubringen.
1893 171 3051 219 Er führt ihm mit Hilfe eines leichtsinnigen Mädchens, der
1881 211 3062 257 Schlager Mizi (Fräulein Wally), Christine, die Tochter eines
1890 256 3064 315 Violinspielers am Josefstädter Theater, zu, in der Hoffnung,
1884 301 3060 346 Fritz werde um der neuen, wie er meit, ungefährlichen Liebelei
1878 346 3058 394 mit Christine das bedenkliche Verhältnis zur verheirateten Frau
1880 384 3073 442 lösen. Fritz verliebt sich auch thatsächlich in Christine (Fräulein
1879 429 3062 469 Ernst). Aber auch da zeigt sich seinerseits die schwerere Auf¬
1877 470 3056 523 fassung und sein tief angelegtes Gemüth. Auch diese Leiden¬
1882 516 3071 574 schaft ergreift ihn mächtiger, als es Theodor gewünscht. Dabei
1870 568 3070 614 vermag er sich aber von seiner früheren Liebe noch immer nicht
1876 603 3065 654 ganz loszureißen. Christine ist nicht der richtige Gegenstand
1877 641 3069 689 für eine momentane Laune und vorübergehende Unterhaltung;
1878 682 3071 746 sie ist sich zwar dessen bewusst, dass das Verhältnis zu Fritz
1868 740 3077 788 nicht von Dauer sein und zu keinem gedeihlichen Ende führen
1864 773 3065 848 könne, aber sie gibt sich ihm hin mit der ganzen Inbrunst der
1882 821 3004 871 ersten und einzigen Liebe eines ernst veranlagten Mädchens.
1991 858 3071 919 Die Katastrophe bricht bald herein. Der von Fritz betrogene
1868 902 3062 978 Ehemann kommt auf die Untreue seiner Frau und fordert Fritz
1870 970 3065 1019 zum Duell. In demselben wird Fritz erschossen. Entsetzt ver¬
1880 1004 3072 1058 nimmt Christine, was geschehen. Es wird ihr klar, dass sie für
1878 1048 3066 1098 Fritz nichts war als ein Spielzeug, eine Unterhaltung, während
1872 1098 3067 1151 sie ihm doch ihre ganze und volle Liebe gab. Sie hat ihn geliebt
1880 1135 3063 1182 aus voller Seele und er hat sich für eine andre umbringen
1878 1179 3070 1227 lassen. Verzweif.it reißt sich Christine aus den Armen des Vaters
1879 1227 2868 1275 los und eilt hinweg. „Sie kommt nicht wieder“
2810 1222 3072 1285 ##, schluchzt
1869 1266 3066 1325 zusammenbrechend der alte Vater. Der Vorhang fallt. Es ist
1875 1313 3061 1377 dem Publicum überlassen, sich auszumalen, wie Christine den Tor¬
1892 1351 3066 1417 sucht und an der Enttäuschung ihrer ersten Liebe zu Grunde geht.
1999 1393 3058 1457 Man sieht, eine sehr einfache Geschichte. Eine, von denen
1881 1440 3062 1494 Heine sagt: „Es ist eine alte Geschichte, doch bleibt sie ewig neu,
1880 1484 3060 1546 und wem sie just passieret, dem brichts das Herz entzwei.“ Auch
1887 1529 3060 1592 keine besondere Ausschmückung derselben hat der Dichter beliebt. Es
1875 1571 3070 1626 ist ihm auch nicht eingefallen, eine besondere Moral daraus zu
1884 1614 3070 1677 ziehen. Er hat einfach gezeigt, dass die Charaktere und Temperamente
1889 1659 3069 1714 sehr verschieden sind, und was der eine als vorübergehende Laune
1878 1701 3067 1758 betrachtet, wird für den andern zur Lebenskatastrophe. Wenn
1879 1747 3058 1800 also das Stück trotzdem einen nicht wegzuleugnenden Eindruck
1886 1799 3059 1852 machte, und wenn es in Wien einen wirklichen Erfolg errang,
1887 1827 3071 1894 so lag dies vornehmlich in der Art und Weise. wie es gemacht
1881 1883 3067 1936 ist, in der gesunden Art, den Dialog zu führen, und in der
1877 1920 3056 1978 glücklichen Zeichnung der einzelnen Charaktere, die wieder nur
1879 1973 3062 2020 durch den Dialog hervorgebracht wird. Ein einzigesmal im
1885 2010 3072 2061 Stücke versucht Schnitzler zu philosophieren; es ist die Scene
1885 2051 3061 2120 zwischen dem alten Weiring (Herr Kobler) und der Frau Binder
1899 2114 3067 2164 (Frl. Huemer), worin der alte Mann den Gebanken entwickelt,
1887 2138 3069 2195 es sei besser, im Alter Erinnerungen zu haben, die man bereut,
1881 2189 3073 2240 als gar keine Erinnerung. Sonst haben wir immer nur den
1880 2228 3063 2282 sogenannten Illustrationsdialog, der dazu dient, die Situation
1879 2274 3067 2323 zu beleuchten, die einzelnen Personen zu charakterisieren. Und das
1889 2312 3083 2364 versteht Schnitzler meisterhaft, mit vollendeter Natürlichkeit. Jus¬
1893 2350 3073 2412 besondere der erste Act, das Souper der beiden Freunde mit den
1889 2407 3062 2456 zwei Mädchen, ist außerordentlich flott durchgeführt, und die vier
1876 2451 3068 2505 Personen stehen damit ganz klar vor uns in ihrem ganzen Denken
1878 2483 3057 2545 und Fühlen. Am allerbesten vielleicht ist hiebei die Mizi getroffen.
1883 2533 3069 2580 In den beiden späteren Acten gibt es allerdings einige Momente,
1891 2574 3069 2642 die sich etwas schleppernder anlassen, im allgemeinen geht es
1884 2612 3062 2666 aber doch rasch und geschickt vorwärts. Von den einzelnen Typen
1891 2666 3058 2718 ist im Grunde genommen die Christine am schlechtesten davon
1879 2697 3067 2761 gekommen. Ihr Charakterbild wird am langsamsten aufgerollt
1889 2759 2796 2808 und bleibt anfänglich vielleicht am wenigsten klar.
1991 2796 3068 2855 Das Stück erfreute sich einer sehr guten Aufführung. Es
1891 2823 3064 2883 hat nur eine kleine Anzahl Rollen, aber die waren sehr gut be¬
1891 2880 3066 2937 setzt. Herr Malcher hat ein ausgesprochenes Talent, schwankende
1885 2925 3060 2982 Charaktere, wie der Fritz, uns sympathisch zu machen, und Fräu¬
1889 2978 3061 3025 lein Wally kann Gestalten in der Art der Schlager Mizi ganz
1890 3020 3064 3070 vorzüglich verkörpern, insbesondere trifft sie den gewissen Ton,
1886 3065 3058 3120 den der Wiener „g'schnappig“ nennt, ausgezeichnet. Die schwerste
1890 3105 3058 3155 Aufgabe war Fräulein Ernst mit der Christine zugefallen, aber
1889 3144 3055 3195 auch diese wurde, besonders im zweiten Theile, vollkommen be¬
1887 3198 3066 3243 friedigend gelöst. Im ersten Acte zeigten sich einige Schwan¬
1876 3230 3063 3286 kungen in der Anlage der Rolle. Wie wir übrigens hören, hat
1884 3285 3055 3332 Fräulein Ernst diese Rolle schon wiederholt dargestellt, und
1883 3314 3059 3362 zwar in bester Umgebung. Sie gastierte nämlich in diesem Stücke
1882 3360 3050 3413 mit einem Burgtheater=Ensemble in Triest. Auch Herr Varn¬
1881 3403 3051 3448 dal und Herr Kobler verdienen alles Lob, wie auch Herr
1885 3444 3062 3488 Albin und Fräulein Huemer ihre kleinen Rollen bestens
1884 3487 3066 3532 durchführten. Zweierlei fiel an diesem Abende besonders ange¬
1886 3537 3055 3591 nehm auf, erstens, dass sich die Darsteller auch mit dem
1886 3579 3061 3636 stummen Spiele Mühe gaben und in dieser Beziehung ins¬
1881 3623 3058 3672 besondere im ersten Acte ein äußerst lebendiges Bild zustande
1870 3667 3064 3720 brachten und zweitens, dass auch die Regie (Herr Großmann)
1873 3710 2365 3780 eine sehr sorgfältige war.
