3436 4256
426 129 737 216 Liebel
949 133 1415 245 box 10/4
251 131 857 261 5. Lauesei
566 979 1429 1183 N St. 3/0 96.
1638 1329 1955 1438 M
653 1388 3027 1483 Teufel, der auf die Spur gekommen zu sein scheint und um leicht nehme, wie er, damit er das bischen Gewissensbisse
1825 1457 3025 1535 los werde. Hermann Friedrichs brennt einer verführten
650 1470 1754 1520 die Lasterhöhle herumschleicht, wie ein hungriger Löwe.
177 1449 484 1557 ton.
1835 1513 3028 1566 Sicilianerin durch und versichert, sie werde ihm zwar fluchen,
755 1512 1838 1579 Aus diesem Verhältniß, das er (aus Höflichkeit gegen
1832 1541 3017 1611 aber ihr Herz werde ihn segnen; Annchen in Halbe's Jugend
640 1557 1840 1628 den Freund) Liebe titulirt, will Freund Theodor seinen
158 1559 573 1659 Bühne.
655 1611 1848 1668 Orestes durch eine Liebelei herausreißen, ein Verhältniß zu
1837 1609 3029 1666 will nichts anderes als die Versicherung, daß sie ihres Hans
149 1634 352 1712 ebelei).
657 1657 3032 1717 einem ganz und gar nicht dämonischen Frauenzimmer, dasserste Liebe gewesen sei (die letzte sein zu wollen, ist in
652 1699 3029 1763 von Anfang an nicht besonders ernst angelegt ist, rasch ge=diesem Falle viel natürlicher). Um weitere Beispiele wird
166 1675 667 1787 n Arthur Schnitzler.
656 1744 3027 1826 schlossen und leicht gelöst. Aber wie ein derart veranlagtes Niemand verlegen sein, der in der modernen Literatur be¬
180 1752 414 1827 Favürek.
1825 1798 2227 1865 lesener ist, als ich.
665 1798 1843 1860 und doch nicht verworfenes Geschöpf finden? Nichts leichter
173 1796 664 1874 um zwei Tage ist's her,
1923 1826 3030 1904 Aber das alles sind Fabulosa, wie Mädchenleiber mit
660 1838 1841 1903 als das: ist der Vater Gutsbesitzer, Arzt, Advokat, Haus¬
189 1851 672 1915 Antrittsvisite an der
1832 1886 3036 1957 Fischschwänzen, das abstrahirt von der ganzen physiologischen
652 1885 1848 1956 herr usw., dann ist die Tochter ernst zu nehmen, sie verlangt
183 1891 662 1966 h gespannter Erwartung
660 1934 3027 2002 Verhältnisse, die auf die Ewigkeit berechnet sind, — ist der Verschiedenheit der Geschlechter: der Jüngling setzt so wenig
157 1950 664 2031 Eufen empfangen und zum
1831 1973 3038 2047 in das Liebeslotto, daß er mit einem kleinen sicheren Gewinn
668 1992 1836 2046 Vater dagegen Hausmeister, Flickschuster, Chorist, dann nimmt
165 2005 666 2076 rdert worden ist. und
1828 2038 3031 2095 zufrieden sein kann, das Mädchen setzt sein Alles ein, der
661 2039 1835 2096 sie's nicht so genau, dann hat sie ein anders konstruirtes
154 2038 669 2126 us Wien, eine ebenfalls
659 2069 3022 2143 Hirn, dann verliebt sie sich mit dem Bewußtsein, daß sie auf Gewinn, den sie erwartet, kann nichts Geringeres sein als
182 2089 669 2155 bei modernen Dramen
1818 2121 3028 2178 Ewigkeit: Daß es in Wirklichkeit dann anders kommt, ist
660 2113 1785 2181 Dauer des Verhältnisses keinen Anspruch machen kann. —
158 2142 680 2217 ein Jahr einer Smetana¬
1837 2176 3025 2237 ein anderer Punkt, es handelt sich um das Gefühl der er¬
654 2174 1836 2251 Probatum est, dieses Recept befolgen neun Zehntel aller
157 2193 668 2259 Hofburgtheater, aber man
1820 2219 3016 2294 wachenden Mädchenliebe. Diese ganze Christine ist ja aus
175 2223 997 2295 ohne Begeisterung, ohne jungen Männer.
1831 2265 3016 2343 Reminiscenzen an Gretchen zusammengesetzt, und Gretchen ist
759 2261 1835 2350 Friedrich kommt an die Unrechte, Christine (Frau
198 2282 677 2350 oder viermal wieder¬
1829 2319 3021 2382 doch wahrlich kein Frauenzimmer, das auf Versorgung aus¬
666 2311 1831 2399 Koapil) weiß zwar theoretisch, daß das Verhältniß nicht für
155 2320 666 2402 nsere geringere Höflichkeit
1815 2362 3022 2432 ginge, aber Gretchen versteht das „Er liebt dich“ genau so,
655 2378 1837 2443 immer ist, aber das ist eine blos eingeredete Ueberzeugung,
1826 2412 2362 2495 wie Faust es ihr erklärt:
154 2399 673 2494 t datirt das Eindringen
655 2426 1833 2491 in Grunde gehört sie zu denen, die nur einmal lieben, sie
2589 2451 2874 2558 eine Wonne
660 2479 1846 2543 nill das ganze Herz des Geliebten erfüllen, sie stirbt daran,
154 2470 680 2546 ater von dem Augenblicke,
1955 2487 2548 2577 Zu fühlen, die ewig sein muß!
672 2498 1854 2594 als sie erfährt, daß sie ihm nichts gewesen ist. Und er wird
167 2527 679 2590 eine so dicke Freundschaft
1966 2559 2120 2614 Ewig!
2162 2545 2875 2640 Ihr Ende würde Verzweiflung sein.
152 2569 1844 2640 der in ihrer Junggesellen= viel zu spät inne, was er an ihr besessen, als er es einsieht,
1962 2585 2551 2669 Nein, kein Eude! Kein Ende!
159 2613 1848 2692 daß der Vorhang aufging,sia ist er bereits der Kugel des Herrn Dämon verfallen.
1906 2654 3013 2723 Und das unmoralische Klärchen, das sich dem großen
152 2671 1029 2726 richtetes Atelier, sondern Dies der Inhalt.
750 2698 3018 2773 Nun aber ein ernstes Wort von dieser theoretischen Egmont hingibt, der sie nie heiraten kann, es weiß doch
154 2719 676 2780 Parconwohnung eines ver¬
157 2760 3021 2835 kiten; es hausen aber die=[Ueberzeugung! Wo hat Christine die her? Sie ist in einem vom Anfang an, daß nur der Tod das Ende ihres Glückes
1835 2797 2048 2883 sein wird.
155 2809 1837 2870 llen Plafond wie unter anständigen Heim aufgewachsen, selbst ihre leichtsinnige
1922 2840 3012 2911 Ist nun diese ganze eingeredete Ueberzeugung Christi¬
164 2842 1839 2916 wieder hinausgeschobene [Freundin Mizi (Frl. Vels) hat aus ihren Grundsätzen vor
1828 2881 3020 2952 neus, auf der ihr Verhältniß zu Friedrich beruht, unver¬
155 2910 1837 2970 br ein dämonisches Weib, sihr ein Hehl gemacht, sie hat in ihrer Bibliothek einen
1825 2945 3010 3012 ständlich, so ist das ganze Verhalten Friedrichs oder vielmehr
172 2947 1836 3014 die dämonischen Weiber (zerlesenen) Schiller und einen (halbverstandenen) Goethe
168 2998 3007 3076 Abbrechen dieses Verhält= stehen; hat sie aus diesen ihre theoretische Ueberzeugung der ganze Kontrast von dämonischen und angenehmen Frauen¬
1814 3037 2176 3123 zimmern unklar.
196 3034 856 3123 schreckte weniger das geholt?
1918 3063 3019 3158 Unsere Jugend ist in der Liebe der Erbe der mittel¬
173 3087 674 3167 wird auch darnach sein;
748 3068 1844 3168 Nein, aber Christine gehört in eine ganze Familie
194 3149 3019 3200 in jeder schönen Frau allermodernster Ausgeburten von blutjungen Dichtergehirnen alterlichen Ritter; der junge Mann liebt, liebt ernsthaft,
147 3190 3022 3254 cht), als eine viel konkre= zur Familie jener Liebchen, wie sie seit jeher der Student umso ernsthafter, je jünger er ist, eine „Dame“ mag sie
157 3237 3017 3321 Teufelin hat einen Herrr sich träumt, der immer wünscht, daß sie die Sache ebenso auch noch kurze Röcke tragen, er liebt sie rein, aufopfernd,
