3344 4256
438 148 815 229 Liebelei
962 148 1410 256 box 11/2
281 152 946 276 5. LS
1315 1215 2289 1285 mochte. Immerhin bleibt es erstaunlich, wie er geringere
1320 1276 2238 1338 Kräfte seinem Willen dienstbar zu machen versteht.
375 1250 1041 1390 2 X Ju, Feuilleton.
1367 1290 2295 1374 Das Deutsche Thenter sucht weiter Glück bei
1337 1367 2294 1417 den Klassikern und bewies mit seiner Vorstellung des
628 1379 1050 1461 Berliner Theater.
438 1379 556 1478 □
1327 1388 2298 1461 „Prinzen von Homburg“ aufs neue, daß es
541 1431 1111 1504 Von Dr. Max Meyerfeld.
1318 1441 2299 1502 die individuelle Melodie jedes Werkes zu erlauschen
1321 1488 2290 1544 weiß. In den Kammerspielen fehlen vorläufig
390 1474 1313 1561 Das sollte einmal mit allem Nachdruck ausgespro¬
1321 1541 2295 1603 geeignete Novitäten; man greift daher auf bewährte
332 1551 1318 1613 chen werden. Und nun zur Sache. Es ist nichts von
1326 1580 2287 1636 ältere Stücke zurück. So sah man Strindbergs immer
340 1591 1313 1660 Belang mitzuteilen. Die Winterkampagne ist zwar
1329 1630 2290 1685 wieder den Verstand beschäftigendes Rechenexempel
342 1632 1313 1690 schon seit einem Monat eröffnet, aber bisher hat taum
1329 1657 2303 1728 „Fräulein Julie“ und Schnitzlers immer wieder
341 1678 1322 1733 ein Vorpostengesecht stattgesunden. Die Theaterleiter
1324 1714 2289 1784 zu Herzen gehende „Liebelei“ mit Fräulein Höflich
336 1727 1327 1787 scheinen dieses Jahr besonders ängstlich, ihre Neuer¬
1331 1762 2297 1822 als Christige. Diese unvergängliche Gestalt ist noch von
334 1773 1320 1823 werbungen ins Zeuer zu schicken; sie begnügen sich einst¬
1326 1800 2293 1861 jeder Darstellerin mit eigenem Leben erfüllt worden, aber
342 1811 1325 1874 weilen damit, Neueinstudierungen zu bieten. So fährt
1322 1849 2289 1910 jede Darstellerin hatte noch mit dem Schatten Agnes
328 1867 1316 1918 das Lessing=Theater in seinem Ibsen¬
1326 1891 2292 1951 Sormas, der ersten Christine, zu kämpfen. In hundert
338 1903 1312 1962 Zyklus fort. Mit den „Stützen der Gesellschaft“
1328 1939 2296 1994 Jahren wird man dieses schlichte Mädchen aus dem
337 1941 1309 1998 holte es sich am Schluß der vorigen Spielzeit einen
1326 1980 2299 2034 Volke, das in gemessenem Abstand hinter Goethes Gret¬
334 1992 1322 2047 Triumph; kaum geringeren Erfolg hatte es jetzt, dank
1324 2020 2296 2093 chen genannt zu werden verdient, gewiß mit dem Nim¬
345 2031 1319 2087 seinem wundervolken Ensemble, mit dem „Bund der
1336 2077 1877 2133 bus der Klassizität schmücken.
336 2059 1315 2144 Jugend“, obwohl das bisweilen ins Schwankartige
1384 2103 2292 2170 Die andern Bühnen irrlichtelieren unverzagt weiter.
335 2120 1328 2185 abschwenkende Lustspiel reichlich antiquiert anmutet,
1318 2144 2301 2224 Warum das Neue Theater just Georg Engels
344 2170 1317 2232 und menschlich gar keinen Gewinn abwirft. Wenn das
1327 2200 2296 2260 schon bei seinem Erscheinen lan begrüßtes Schauspiel
340 2202 1329 2268 Lessing=Theater später den ganzen Zyklus chronologisch
1336 2241 2307 2313 „Ueber den Wassern“ wieder hervorholte, wird
339 2254 1317 2337 vorführt vom „Bund der Jugend“ bis zu dem Epilog,
1320 2279 2308 2348 ewig Direktor Schmiedens Geheimnis bleiben; diese
347 2312 1323 2367 wird man das imposanteste dramatische Lebenswerk un¬
1322 2333 2298 2386 Wasser sind nicht wärmer und nicht tiefer geworden.
343 2341 1320 2402 serer Zeit und das imposanteste dramatische Ensemble
1322 2367 2298 2442 Auch nicht Seribes „Glas Wasser“ obwohl Max
338 2386 1329 2462 bewundern können. Zwischendurch erinnert sich Direktor
1327 2421 2294 2487 Erube den Spirituskocher seiner Verse darunter stellte.
348 2433 1327 2490 Brahm an ältere Werke Gerhart Hauptmanns, ohne
1324 2463 2301 2532 Wie man sich von Seribescher Prosa zu einer Reim¬
336 2480 1327 2535 daß es ihm freilich gelungen wäre, mit der jetzigen
1331 2514 2300 2578 bearbeitung inspirieren lassen kann, wird auch dem
344 2515 1331 2578 Aufführung des „Collegen Crampton“ die
1329 2546 2306 2613 gesunden Menschenverstand stets unergründlich bleiben.
337 2571 1328 2615 Höhe der früheren zu erreichen. So manchen wackeren
1332 2589 2303 2645 Es sollte mich gar nicht wundern, wenn nächstens
345 2608 1333 2659 Künstler mußte er im Laufe der Jahre scheiden sehen,
343 2635 2298 2703 für den er nur mangelhaften Ersatz zu beschaffen ver= jemand eine Searlattische Klavieretude instrumentierte.
2301 1201 3272 1275 Es muß auch solche Käuze in dieser schnurrigen We
2296 1250 3269 1312 geben. Sollte es etwa den Verskünsteler gelüstet haber.
2293 1298 3266 1368 als er am Neuen Schauspielhaus selbst den
2291 1339 3284 1415 Lord Bolingbroke agierte, seinem verehrten Friedrich
2299 1396 3108 1452 Haase den Lorbeer von der Stirn zu reißen?
2360 1411 3280 1499 Auch die Peripherietheater mit neuem Namen und
2303 1485 3277 1542 neuem Regime hielten sich vorsichtig an das Alte. Das
2304 1515 3282 1584 schicksalreiche Haus im Norden kehrte zu seiner frühern
2307 1558 3278 1628 Bezeichnung „Friedrich Wilhelmstädtisches
2303 1597 3281 1676 Theater“ zurück und war ehrgeizig genug, mit
2295 1639 3276 1716 Hebbels „Nibelungen“ zu beginnen. Der neue Herr
2303 1690 3279 1754 verspricht einen gut bürgerlichen Abendtisch. An das
2302 1748 3281 1801 Bürgertum des Ostens wendet sich das aus dem
2299 1785 3278 1855 Deutsch=Amerikanischen Theater glücklich umgetaufte
2307 1822 3287 1899 „Theater an der Spree“ Schon der Name
2298 1869 3281 1933 läßt erraten, daß hier sortan lokale Traditionen ge¬
2300 1910 3283 1980 pflegt werden sollen. Die altberliner Posse soll hier
2304 1951 3285 2017 eine Stätte finden. Also sing man mit Kalischs
2308 2000 3281 2070 „Aktienbudiker“ an. Zwei Fragen: womit wird
2319 2053 3280 2113 man aufhören? Wann wird man aufhören? Der Ber¬
2306 2076 3284 2164 liner trotz seinem unleugbaren Parvenutum ist im
2313 2139 3277 2197 allgemeinen nicht pietätlos und findet noch Gefailen
2315 2186 3283 2241 an den harmlosen Späßen, über die seine Großväter
2309 2209 3286 2283 herzlich gelacht haben. Aber eine Gattung wie die Posse,
2308 2279 3282 2335 die in den Anspielungen auf Tagesereignisse wurzelt, läßt
2315 2313 3283 2378 sich unmöglich einer späteren Generation auf die Dauer
2306 2344 3285 2412 mundgerecht machen. Das Berlin von David Kalisch
2316 2372 3294 2453 und das Berlin von Julius Freund sind durch Aeonen
2305 2433 3282 2483 geschieden. Welches von beiden das sympathischere ist,
2317 2467 3277 2523 das steht allerdings auf einem anderen Blatte. Nur
2318 2519 3279 2567 scheint der Gedanke, im Zeitalter Julius Freunds
2314 2555 3283 2609 David Kalisch zu neuem Leben verhelfen zu wollen,
2306 2579 3299 2647 eines mitleidigen Lächelns wert. Das alte Berlin ist
2305 2630 2903 2698 tot, mausetot; es lebe das neue!
2885 2686 3164 2787 S
2282 2758 2365 2821 lt
2411 2765 3329 2838 Zwei wirkliche Premieren hat es schon gegeben;
2356 2805 3324 2862 jetzt, da ich über sie berichten soll, sind sie längst ins
2366 2858 3329 2918 Grab gesunken. Wer möchte ihren ewigen Schlummer
2367 2895 2988 2975 stören wollen? Friede ihrer Asche!
