3484 4256
409 180 802 257 Liebelei
884 178 1383 271 bos 12/7
237 184 824 308 5 BSSLE
1914 1151 2650 1242 e Peminekigunr te beumn Smanen W
1573 1221 2657 1290 vermissen läßt, was wir an Schnitzler schätzen, alles,
1586 1273 2673 1347 was einen Dichter zum Menschengestalter macht, die
1592 1313 2112 1380 Beseelung seiner Wesen.
1662 1336 2668 1432 Der Abend, der zugleich den Aoschied für Clara
482 1369 1077 1478 usschrutt aus Die Fn.
1029 1387 1489 1486 e
1596 1381 2661 1466 [Goericke bedeutete, war von Dr. Kronacher
1590 1423 2671 1503 mit liebevoller Sorgsalt behandelt worben, und
1577 1478 2669 1544 twenn man auch über die Besetzung einzelner Rollen
483 1479 917 1596 S
1581 1511 2670 1587 anderer Meinung sein kann, so muß man doch zu¬
1577 1560 2674 1632 geben, daß es im ganzen genommen ein werivoller
1596 1607 2667 1666 [Abend war Clara Goericke gab als Christine
892 1568 1601 1702 Weser Zeitung, Bremei
1597 1652 2680 1718 seine von Liebesweh durchzitterte, tief erfühlte Ge¬
1597 1695 2678 1743 stalt und hob die in dem einfaltigen Herzen ruhen¬
2527 1738 2682 1794 Ihre
1602 1732 2521 1788 den Schätze mit zwingender Gewalt emvor.
1598 1769 2681 1828 ratlose Hilfsbedürftigkeit am Schlusse, der mit seiner
736 1757 1417 1845 Bremer Stadttheater.
1599 1816 2685 1872 windschiefen Psychologie schon bei der ersten Auf¬
1601 1862 2671 1913 führung verblüffte, wuchs sogar über den Dichter
876 1846 1308 1921 Schnitzler=Abend.
616 1897 2675 1953 Von Arthur Sd neben hinaus, der zur entschiedenen Anklage letzten Endes
550 1971 2675 2019 seinen Aovellen wohl nur noch sein Schauspiel Liebe=nicht die Kraft fand. Und eine scharfe, schneidende
554 1990 2681 2064 lei auch in zwanzig Jahren noch erträglich sein, denn Anklage soll es doch sein: eine Anklage wider die
550 2040 2678 2109 hier treibter nickt nur ein feines Spiel mit geist= Verlogenheit unserer b'pgerlichen Sitten. Viel¬
559 2063 2679 2143 reichen Worten, sondern er nickt auch ein Stück leicht aber auch ist der Dichter zu weise gewesen, um
552 2110 2675 2184 Menschenleben vor uns hin, das er in seinem tiefsten sanzuklagen; das ehrt den Menschen in ihm, aber für
557 2158 2690 2219 Wesen verstanden hat und mit den schlichten Mitteln den Künstler ist es eine Schwäche. Karl Ger¬
545 2202 2678 2261 der bedeutenden Kunst darstellt. Gemeinhin ist dieshard=Schröder gab den Fritz: jugendlich, ab¬
544 2243 2693 2309 Darstellung nicht seine Stürke; er beschreibt lieber, gelebt, müde, verlangend und entsagend, voll ge¬
550 2284 2688 2349 und auch in der Liebelei, die wir gestern abend in tragener Melodie, wie Schnitzler die damalige In¬
535 2312 2692 2410 einer guten Aufführung sahen, lauft er gar oftsgend gesehen hat — Anatol in einem anderen Stück,
536 2365 2691 2426 Gefahr, ins Erzählen zu entgleiten. Er vermeidet aber doch ein wenig zu seelenlos. Als sein getreuer
535 2425 2692 2495 das, aber er kommt auch nicht ins eigentliche Drama=! Freund hatte Ernst Dernburg nicht viel anderes
550 2446 2682 2530 tische hinein. Der erste Aufzug ist nur Zustands- zu tun, als Würde zu nuhren; er tat es, und tal es
562 2487 2689 2564 schilderung die beiden anderen laufen ohne mit gutem Glück. Gerti Selle als Mizzi Schlager
560 2532 2698 2604 eigentliche ##nung, oft über alle Gebiete aus- gab ein prächtig beobachtetes süßel Mädel, voll un¬
561 2564 2690 2667 gedehnt, auf das von allem Anfang klare Ende hin= besorgter Lebenslust. über die anderen möchte ich
565 2609 1838 2699 aus — aber es steht doch eine feine, starke Kunst schweigen.
1692 2642 2691 2712 Den Schluß des Abends bildete die köstliche
557 2671 1628 2752 dahinter, die Kunst der Beseelung, der Menschen¬
1632 2705 2693 2761 Satire auf die Blaustrümpfe beiderlei Geschlechts.
560 2721 1620 2777 gestaltung. Von keinem anderen ist das Wiener
1630 2753 2700 2808 Clara Goericke, die mit Beifall und Blumen
558 2765 1613 2820 Leben der neunziger Jahre mit all seiner süßen
1625 2793 2709 2841 reichlich bedacht wurde, war eine nette, muntere
567 2803 1619 2859 Wehmut, seinem heiteren Lebensüberdruß, seines
1618 2827 2692 2889 Margarete, aber viel zu wenig war sie Abenteurerin:
567 2851 1614 2909 spielerischen Ernstes und seiner schwermütigen
572 2858 2700 2951 Lustigkeit so im Innersten erfaßt worden; keiner ist zu sehr Dame, auch in den Auseinandersetzungen mit
570 2930 2700 2985 so sehr Wiener wie es Schnitzler ist, aber darin liegt ihrem ehemaligen Freund Gilberr, den Carl
558 2948 2712 3032 leider nicht nur seine Größe, sondern auch seine[Gerhard=Schröder mit überraschendem Ge¬
572 3001 2707 3075 Grenze. Seine Kunst ist mehr geistiger Art, mehr schick für komische Wirkungen ganz bedeutend gab, nur
571 3045 2702 3114 ein Erwägen als ein Wagen, und wenn er herzhoft scheint es mir fraglich, ob es richtig war in einem so
1627 3087 2708 3140 wenig ausgefallenen Anzug zu kommen. Er hätte
570 3104 1627 3163 werden müßte, wenn sein Blut spritzen müßte in
1629 3126 2710 3190 schon ein bißchen verwahrlost sein dürfen. Form¬
560 3139 1628 3206 seinem Worte, dann merkt man leider nur die Tinte.
1635 3180 2716 3241 vollendet und in jedem Zug der echt Schnitzlersche
571 3190 1631 3249 Immerhin ist er der bedeutendste österreichische Diar
1636 3222 2701 3296 „Herr“ war Ernst Dernburg als Klemens gan
567 3229 1635 3286 ter und steht turmhoch über Schönherr, der in seinen
2556 3247 2741 3338 N
569 3264 2508 3354 ganz auf äußere Wirkung gestellten Werken alles hervorragend gepflegt in Gang und Geste.
3014 34 3230 116 M ae ene
