3436 4224
442 181 807 254 Liebeler
1072 194 1171 255 X
276 178 828 294 84 B
367 1241 1019 1344 Intalienhandlung, Frdinandstraße 36
548 1308 1321 1393 Vom dutschen Landestheater. Die
361 1344 1333 1459 „1 Frau, welche es biraut, daß sie so tugendhaft gewesen,!
299 1476 1275 1540 1ihrem Manne die Treue zu bewahren, hat in Gia¬
344 1507 1345 1577 cosa's „Recht der Seele“ ihr Zwiegefecht mit dem #
352 1557 1284 1606 Gatten auszukämpfen, den sie für immer verläßt,
342 1597 1331 1647 nachdem der Geliebte, gegen den sie spröde gewesen. C
349 1632 1367 1677 sich erschossen hat. Der Vater, welcher bereut, einstens
340 1679 1284 1721 seine Schwester so behütet zu haben, daß sie tugend¬
348 1706 1330 1759 haft bleiben mußte und daher zu keiner rechten Le¬
345 1737 1296 1800 bensfreude gekommen ist, macht deshalb in Schnitz¬
340 1766 1340 1843 lers „Liebelei“ seine Tochter zu einem schlecht behü¬
346 1818 1347 1867 teten Mädchen, das nach ihrem verliebten Abenteuer C
344 1866 1286 1909 mit einem Wicht, dessen Lebensblüthe sich vor der
343 1898 1297 1948 Zeit ins Welke entfärbt, verzweiflungsvoll aus dem
336 1931 1289 1977 Leben flüchtet. Beide Schauspiele haben Samstag
333 1973 1287 2023 bei ihrer ersten, wie gestern bei ihrer zweiten Auf¬
338 2011 1298 2050 führung zufolge des dichterischen Werthes, der ihnen
283 2052 1290 2115 i= innewohnt, einem großen Theil des Publicums die
353 2090 1293 2132 lebhafteste Antheilnahme abgerungen. Dem jungen
346 2130 1284 2173 Wiener Autor Arthur Schnitzler war mit seinem dra¬
341 2171 1303 2218 matisirten Zustandsberichte aus gewissen Lebenskreisen
348 2202 1291 2246 Wiens der Erfolg leichter gemacht, wie dem Mai¬
340 2240 1301 2290 länder Giacosa, dessen einactigem Bilde herben Zwie¬
339 2275 1304 2319 spalts kein Spielraum gegeben ist, sich plansibler zu
351 2316 1293 2361 entfalten. Die Gattin, die sich bitter beklagt, daß ihr
346 2355 1302 2402 Gemahl habe ruhig schlafen können, während sie voll
345 2389 1295 2432 Sehnsucht nach einem Anderen schlaflos in die Kissen
332 2423 1297 2489 biß, diese Specie der unverstandenen Frau spielte
338 2481 1294 2518 gewandt Frau Buska, und die Herren Kirch und Engels¬
344 2512 1338 2555 dorf hielten die Stimmung in dem melancholisch=
341 2549 1292 2592 geistvollen Terzett geschickt und einheitlich fest. In
339 2561 1351 2648 Schnitzler's Lebensbild, das im dritten Act zum Lei=S
336 2621 1326 2657 chenbild wird, spielen Frl. Moller und Herr Tauber
336 2654 1367 2715 gleichsam aus einer leichtblütigen Lumpennatur heraus #
340 2697 1310 2732 ein lustiges, ein köstliches Duo. Für den Elenden, der
347 2730 1330 2775 in erhitzter Eile seine Jugend vergendet, dessen Feuer ##
342 2770 1300 2819 verlodert ist und der sich schon angemodert füblt, noch
340 2815 1302 2860 ehe er niedergeschossen in die Grube fällt, verlangt auch nach
348 2847 1302 2892 einem anderen Schauspieler als es Herr Gregory ist,
334 2883 1302 2934 doch ist ihm gelungen, Manches recht gut zu machen.
329 2913 1304 2989 Trefflichst gerathen war dem Frl. Fasser die Gestalt
337 2962 1294 3001 der Armen, die Liebelei mit Liebe erwibert und zu
338 3008 1291 3046 Grunde geht. Herr Reucker als deren Vater und Frl.
334 3042 1305 3081 Klein als die Nachbarin suchten uns echte Wiener
337 3077 1303 3139 Typen zu vermitteln. Hervorrufe folgten jedem Acte
2188 832 2738 942 OhA
2302 943 2690 1044 O
2099 1033 2562 1105 Bohemia Nr. 51.
2132 1145 2929 1233 Theater- und Mnsik-Nachrichten.
2149 1213 3018 1294 ** Neues deutsches Theater. Von den beiden
2052 1288 3004 1340 neuen Schauspielen, die gestern das Publicum in
2059 1315 3012 1386 Spannung erhielten, will das eine viel bedeuten,
2057 1381 3006 1431 während durch das andere thatsächlich ein Zug des
2055 1421 3008 1494 Bedeutenden hindurchgeht. Der Einacter: „Rechte
2045 1470 3008 1533 der Seele“ von Giacosa ist eine psychologisch an¬
2052 1528 2999 1574 gehauchte Studie, die an die halbgelungenen Versuche
2051 1565 3007 1620 der Impressionisten erinnert. Kecke Farbenstriche, aber
2050 1608 3001 1677 kein Bild. Was der Autor in einer kurzen Scenen¬
2047 1657 3005 1712 folge nicht uninteressant anzudeuten versucht, wäre selbst
2052 1704 3004 1767 in einem ausgewachsenen Drama schwer zu sagen. Das
2037 1741 3010 1809 dreiactige Schauspiel „Liebelei“ von Arthur
2036 1795 2997 1859 Schnitzer dagegen ist beredt und epigrammatisch zu¬
2038 1844 2997 1887 gleich, ein psychologisches Drama, das sein Motiv er¬
2033 1893 3000 1936 schöpft und dabei niemals weitschweifig wird, ein
2036 1944 3004 1999 Meisterstück des Milieus, an dem der feinste Humor
2035 1978 2994 2027 seinen Antheil hat, und zugleich ein ergreifendes
2045 2030 2997 2088 Drama, dessen sparsame Naturlaute tief erschüttern.
2039 2076 2999 2147 Für den dramatischen Einfall des Italieners trat in
2039 2125 2994 2170 erster Linie Frau Buska mit einer stark beseelten
2043 2174 2988 2234 und wohlgegliederten Darstellung ein. In Schnitzlers
2029 2211 2996 2285 „Liebelei“ — einem Werke, in dem ein feines und
2037 2268 2949 2328 ernstes dramatisches Talent an uns herantritt —
2031 2315 2995 2361 wirkten schauspielerisch mit besonderem Glücke Frl.
2032 2365 2989 2416 Fasser (Christine), Herr Tauber (Theodor) und
2029 2420 2991 2466 Frl. Moller (Mizi) für einen starken Erfolg, der
2026 2454 2691 2510 ein nachhaltiger zu werden verspricht.
2801 2462 2949 2512 A. A.
1994 2691 2928 2804 (ean2en Theater.m4
2113 2779 2991 2872 4— Neues deutsches Theater. (Das
2005 2846 2979 2905 neue einactige Stück des Italieners Giacosa:
2013 2883 2979 2963 „Rechte der Seele“ behandelt nach Art der Pro¬
2010 2944 2974 3009 verbes einen etwas überspitzten Conflict zwischen Mann
2021 2988 2985 3070 und Frau; es ist geschickt gemacht, aber in der Moti¬
2018 3037 2986 3109 virung nicht unanfechtbar. Unter den Darstellern hielt
2017 3090 2984 3155 nur Frau Buska die richtige Stimmung ein. Der
2009 3134 2983 3201 Einacter fand eine freundliche Aufnahme. — Viel tiefer
2015 3178 2974 3266 in der Anlage ist das Schauspiel: „Liebelei“ von
2005 3224 2964 3301 Arthur Schnitzler. Der Dichter, vielleicht der beru¬
2975 3272 3032 3320 n
2011 3277 2973 3367 fenste Vertreter der Wiener Moderne, gibt in dem Stücke,
2012 3325 3028 3397 das nach Art der neuesten Dichtung auf die Ausmalung P
2967 3387 3026 3438 di
1998 3377 2969 3449 innerer Erlebnisse das Hauptgewicht legt, ein Wiener
2006 3422 2954 3492 Sittenbild von ernstem Gepräge und feiner Psychologie.
2966 3443 3038 3516 5
1996 3482 2952 3533 Was man auch gegen die scheinbare Handlungslosigkeit
2960 3508 3034 3557 ge
1995 3533 3040 3592 vom theatralischen Standpunkt einwenden könnte, es istl kei
2005 3564 2957 3643 ein wirklicher Poet, der aus dem Werke zu uns spricht.
2974 3583 3031 3635 ko
1998 3622 2960 3688 Das Schauspiel hatte einen starken Erfolg. In der Auf¬
2961 3644 3025 3711 V.
2001 3669 2943 3741 führung traten die Fräulein Fasser und Moller
2958 3698 3037 3747 gil
1987 3721 2931 3787 und Herr Tauber am wirksamsten hervor. F. A.
2095 3765 3012 3842 7— Vum Nenen Deutschen Thegter!“
