3436 4224
446 129 858 203 Liebelei
952 135 1419 226 box 11/1
287 138 870 238 3. Jibenn
781 624 1258 716 Telephon 12801.
409 694 1631 808 Alex. Weigl’s Unternehmen für Zeitungs-Ausschnitte
661 767 1580 949 „OBSERVEP“
1302 819 1681 924 1 Nr. 79
305 908 1708 999 I. österr. behördl. conc. Bureau für Zeitungsberichte u. Personalnachrich
575 964 1512 1055 Wien, I., Concondiaplatz 4.
327 1007 1705 1131 Vertretungen in Berlin, Budapest, Chicago, Genf, London, Newyork, Paris, R.
671 1098 1403 1164 Stockholm, Kristiania, St. Petersburg.
313 1234 1504 1356 Ausschnitt aus: Prager Tagblatt
335 1378 627 1469 vo
504 1438 788 1531 LI19
627 1675 1526 1779 *7- Maifestspiele. Der Zyklus österreichischer
503 1715 1530 1827 Bümendichtungen hätte nicht würdiger abschließen
505 1795 1520 1874 können, als mit Schnitzlers „Liebelei“, die gestern
527 1853 1521 1912 vor ausverkauftem Hause gegeben wurde. Wir haben
530 1891 1505 1973 doch, wenn wir es wohl erwägen, neben „Kabale und
521 1948 1506 2021 Liebe“ kein bürgerliches Trauerspiel von solcher Wahr¬
525 1991 1511 2069 heit und echter Tragik wie „Liebelei". Fr. Medelsky
524 2047 1504 2129 als Christine übertraf alle Erwartungen. Denn was
519 2085 1512 2171 über eine solche Künstlerin geschrieben wird, kann den
518 2136 1526 2220 Eindruck, den ihr lebendiges Wesen hervorbringt, kaum —
1561 2151 1735 2245 inclusiv
475 2181 1563 2269 sgandeuten. Diese Gestalt hob sich von dem einfachen —
349 2201 458 2259 Für
1579 2227 1712 2274 Porto.
458 2242 1558 2310 100 hingebungsvollen und ahnungsschweren Wesen der er¬ —
1569 2257 1736 2314 Zahlbar
460 2272 1745 2351 200sten zwei Akte im letzten Akt zu einer Höhe, von der — im Vora
462 2325 1708 2431 500aus die Anklage gegen den Geliebten und die Ver= ohnitte ist
398 2380 451 2426 „
439 2368 1720 2455 110 zweiflung über das Glück, um das sie betrogen worden ch steht es
484 2403 566 2465 In
364 2435 1679 2535 Abonnem““ mit doppelter Pucht niederfielen. Dabei war sie u ändern.
366 2489 541 2552 Abonner
1482 2506 1808 2587 enthaltend die
519 2527 1794 2613 immer natürlich, vollständig realistisch, blieb das ein=ur Morgen¬
512 2577 1807 2680 fache Mädchen aus dem Volke, bei dem die Herzens= siener Zeitung“)
365 2588 523 2661 Inhalt:
1488 2647 1808 2706 wirthschaftliche
382 2630 1493 2729 dirt bildung alles etwa Fehlende ersetzt. Das Publikum
1500 2684 1801 2755 ird. Diese Mit¬
385 2680 1494 2773 rel#e war auf das Tiefste erschüttert und es dauerte eine
370 2736 1489 2825 Leben Weile, bis der Beifall losbrach, der einen seltenen Grad
380 2777 1496 2875 theilur von Begeisterung aufwies. Frl. Klein als Strumpf¬
508 2817 1498 2926 wirkerin, Herr John als Fritz und Herr Wymetal
511 2877 1485 2968 als Theodor sind von früheren Aufführungen vorteil¬
500 2922 1490 3031 haft bekannt. Frl. Dienstl gab die leichtlebige Freun¬
503 2970 1486 3056 din in zutreffendem Ton und innerhalb der Grenzen
493 3021 1493 3102 des guten Geschmackes, Herr Löwe spielte den alten
493 3067 1485 3163 Weiring einfach und gemütvoll und Herr Manning
482 3106 1480 3203 brachte die berühmte Episode des „Herrn“ gleichfalls
482 3163 1471 3258 zu starker Wirkung. Der Abend wurde durch das ein¬
492 3223 1479 3319 aktige Lustspiel „Ohne Liebe“ von Marie von Ebner¬
479 3265 1481 3360 Eschenbach eröffnet. Es ist ein hübsches Spiel
483 3301 1484 3390 mit einer gewagten Voraussetzung: ein Mann, dem
477 3343 1465 3449 von allen Seiten Liebe entgegengebracht wird, wirbt
479 3396 1462 3501 um ein Mädchen ohne Liebe, in der Erwartung, daß
483 3445 1463 3532 auch sie ihm Freundschaft, aber keine Liebe entgegen¬
479 3497 1469 3582 briugen wird. Die große Menschenkennerin ist uns den
475 3537 1449 3639 dramatischen Beweis für diese Gestalten schuldig ge¬
477 3581 1456 3686 blieben; aber sie entläßt uns doch mit der Sicherheit,
467 3645 1455 3754 daß die Liebe nach der Hochzeit kommen wird. Frl.
470 3692 1467 3784 Burgau, Frau PauliBaumgart, Frl.
470 3737 1457 3829 Bardi (in einer winzigen, aber köstlichen Rolle als
471 3776 1441 3881 französische Bonne) und die Herren Steil und
456 3834 1456 3944 Rühsam vertieften sich in das feine Werkchen mit
464 3873 697 3955 Ofehe
1259 3913 1414 3990 H. P.
2233 215 2681 302 Telephon 12801.
1855 309 3076 398 Alex. Weigl's Unternehmen für Zeitungs-Ausschnitte
2769 362 3041 461 # Ausschaltt
2108 403 3160 526 „OBSERVEN Nr. 40
1739 500 3203 586 I österr. behördl conc. Bureau für Zeitungsberichte u. Personalnachrichten
2024 562 2960 659 Wien, I., Concordiaplatz 4.
1767 627 3199 706 Vertretungen in Berlin, Budapest, Chicago, Genf. London. Newyork, Paris, Rom,
2151 679 2841 755 Steckhelm. Kristiaris. St. Petersburg.
2346 735 3065 868 VitendenskLoh u
1761 814 2349 898 Ausschnitt aus:
2711 856 3143 960 Ub
1770 904 2300 1051 voms 267 710
2343 1139 2871 1256 Theatermoche.
2053 1165 2341 1277 Prager
2305 1224 2626 1313 Schauspiel.
2034 1275 2953 1372 Eine reiche Woche Anzengrubers sachende
1977 1336 2951 1415 Lebensbejahung, die er in der „beispielmätigen“
1990 1386 2961 1472 G’wissenswurm-Komödie niedergelegt hat, haben
1990 1426 2970 1518 wir lange nicht in so hell kiingenden Tönen ver¬
1984 1476 2960 1564 nommen, wie diesmal. Sehr sein deutet Thaller
1993 1520 2970 1614 den heiteren Grundzug des verängstigten Mannes
1991 1555 2970 1667 gleich von vornherein an. Die urwüchsige Derbheit
2002 1624 2962 1723 Wastls und die kerufrische Munterkeit des Mädchens
1992 1685 2960 1768 ergeben in der Zusammenwirkung des Paares
1994 1721 2970 1813 Balajthy=Glöckner ein prächtiges Duo, und
2985 1734 3207 1816 inclusive
1898 1776 1990 1830 50
1766 1755 1885 1840 Für
2012 1775 2964 1854 Bonn gibt den geprellten Erbschleicher mit verblüf¬
3000 1806 3174 1851 Porto.
1889 1820 1996 1870 100
2992 1842 3183 1894 Zahlbar
2000 1819 2967 1909 fender Naturtreue Auf die fröhliche Lebensbejahung
1893 1862 1997 1909 200
2004 1871 3238 1956 folgte am nächsten Festspielabend Schnitzlers im Voraus.
1886 1900 1994 1946 500
1813 1919 2962 1991 „ 1000 romantische Skeptik. Die ganze schwerlastende, süße,
2973 1936 3234 1998 tte ist das
1906 1981 2002 2035 Im
2007 1969 2963 2056 heimliche, unendlich traurige Melancholie, die der
2973 1986 3253 2063 sicht es den
1794 2025 2019 2082 Abonnemer
2970 2032 3118 2083 dern.
1796 2022 2960 2109 Abonnente Dichter in seine „Liebelei“ gesenkt hat, ward uns
2005 2075 2961 2155 durch Lotte Medelsky lebendig. Ihre Christine
2977 2094 3239 2168 haltend die
1915 2113 2965 2194 Der almet beseelte Anmut und rührendste Jnnigkeit vom
2979 2155 3237 2204 Morgen¬
1801 2165 2976 2245 Inhaltsanf ersten Wort bis zum letzten, in jeder Bewegung und
2980 2190 3241 2246 er Zeitung")
2975 2229 3243 2283 thschaftliche
1814 2218 2966 2277 blätter in jedem Mienenwechsel. Die Künstlerin gibt in ihrer
3010 2269 3256 2341 Diese Mit¬
1816 2271 2012 2320 wodurch
2031 2261 2965 2345 großartigen Einsachheit schlechthin die ideale Ver¬
1809 2311 2019 2361 Leben des
1856 2307 2971 2394 zeilungen körperung dieser vom Dichter mitten aus dem Leben
2009 2360 2976 2428 herausgehobenen Mädchenblüte. Die Umgebung des
2024 2402 2973 2481 vom Publikum außerordentlich gefeierten Gastes war
3023 2407 3094 2496 —
2025 2462 2979 2528 durchwega gut, teilweise vorzüglich. Der Abend wurde
2019 2502 2991 2584 durch Mane #bers liebenswürdig geistpollen
2012 2545 2987 2648 Einakter „Ohne Liebe“ eingeleitet, einer seinen
2025 2590 2974 2685 Federzeichnung, die trotz der fein konturierten Wieder¬
2018 2636 2989 2729 gabe durch die Damen Vaumgart und Burgan¬
2027 2691 3002 2777 keinen tieferen, Eindruck zu erzielen vermochte. Dieser
2039 2746 3018 2812 Abend beschloß die zuklische Vorführung der österrei¬
2037 2808 3011 2870 chischen Bühnenwerke. Der nächsie Abend aber ver¬
2032 2841 3003 2931 setzte uns neuerlich in erhöhtel wahrhaft bedeutsame
2024 2879 2998 2961 Feststimmung, indem er uns mit Lotte Medels¬
2014 2929 3013 3009 ky's Greichen bekannt machte. Sowie ihre Christine
2448 2986 2951 3056 hauhig marht eben
2026 2999 2454 3071 bisd Salhtihier frhhe.
2027 3025 3016 3101 empfindet man ihr Gretchen als das spezisisch
2042 3085 3024 3175 Goethesche. Man empfindet es, ohne es zu gnalysie¬
2043 3131 3010 3202 ren, wie man eben die Vollkommenheit als solche
2029 3178 3003 3249 fühlt und nicht zergliedert. Wenn jemals das abge¬
2047 3227 3021 3296 brauchte Wort am Platze war, die höchste Kunst liege
2055 3282 3018 3350 n dem vollständigen Aufgehen in der Natur — hier
2033 3326 3018 3411 dar es Anmendung finden. Einen größeren Mangel
2047 3384 2995 3450 an technischem Rassinement, als er bei dieser schlich¬
2043 3415 3020 3501 ten Meuschenspielerin zutage tritt, haben wir nie
2050 3466 3022 3556 geehen. Darum blendet sie nicht, sondern sie erfreut,
2041 3516 3016 3595 sie rührt aufs innigste und sie erschüttertaufs tiefste.
2051 3563 3008 3637 Reben diesem wunderbaren Gretchen stand Vonn's
2050 3616 3010 3691 imponierender Mephisto im Vordergrunde des In¬
2041 3663 3009 3738 #teresses, das sich übrigens mit Fug auch den heimi¬
2053 3729 2631 3815 schen Kräften zawenden durfte
