3436 4224
431 135 834 219 Liebelei.
963 135 1377 246 box 11/1
255 140 884 260 5. Lieseler
243 1306 3349 1519 schul zur Verfügung stehen, wud der Staat die Schade, daß erst vor wenigen Tagen anläßlich des dafur, daß aus Krbatten nut spütliche Nachlichtn“
2296 1385 3342 1458 über die Bewegung zu uns gelangen, die breite
244 1472 3346 1600 Menschen, in nebethafter Ferne sieht er eine schöne als auch die Schauspieler beleidigt werden, dürste Bevölkerungsschichten ergriffen hat und die sich vor
244 1523 3353 1653 Fata morgana, ein zuhiges stilles Glück mit diesem die Leute kalt lassen, weshalb wir es auch unter= allem gegen Ungarn kehrt, in dem die Kroaten
2311 1528 3345 1616 nicht mit Unrecht die Quelle ihres wirtschaftlichen
2322 1570 3356 1667 Elends erblicken. Der „ünbedeutende Aufstand“ an
255 1564 2325 1706 hingebungsvollen Kind; es zerfließt — zu spät. lassen, an ihr Anstandsgefühl zu appelieren; wohl
2315 1603 3356 1715 den man glauben machen wollte, zeigte sich immer
333 1614 2314 1742 Christine erwartet Fritzens Wiederkehr, er ist aber empfehlen wir, in Zukunft einen Polizeidiener
2296 1681 3359 1750 mehr als eine regelrechte Revolution, zu deren
257 1663 2331 1818 ja nur auf Tage verreist, er kommt nimmer. Er zu beauftragen, das Publikum und die Künstler vor
1299 1736 1807 1822 Lümmeleien zu schützen.
1363 1717 3363 1861 Die Darsteller gaben ihr Bestes. Das Dioskuren= Unterdrückung bereits österreichische (deutsche) Truppen
265 1754 1306 1865 hat seine Schuld bezahlt, gesühnt, wie die Welt
1292 1751 3354 1907 paar der leichtsinnigen „jungen Leute“ fand in den abgegangen sind. Die armen unwissenden Bauern,
260 1810 1313 1899 sagt; er liegt schon am Friedhofe, während das
1308 1821 3356 1966 Herren Martini (Thevdor) und Bollmann die von gewissenlosen Agitatoren aufgestachelt
253 1851 1298 1942 Mädchen seiner harrt. Theodor bringt die Kunde
1309 1861 3362 2017 (Fritz) treffliche Darsteller, die der Voraussetzung werden, dürften nur allzubald erfahren, daß Revo¬
254 1908 1304 1988 in die arme Stube — eine ergreifende Szene. Ohne
1299 1907 3366 2071 einer guten Darstellung, ungezwungener Natürlichkeit! lutionen im Zeitalter des Militarismus ein kurzes!
267 1967 1334 2041 Abschied gegangen, um für ein anderes Weib zu
1312 1958 3367 2117 vollkommen gerecht wurden. Martini war ein echter Leben haben. Im Kreutzer Komität sind zwischen
272 2006 1318 2091 sterben; und begraben hat man ihn, ohne das
1313 2011 3375 2165 gutmütiger Taugenichts, ein nicht ungraziöses Früchtel den Aufständischen und den Gendarmen förmliche
259 2045 1312 2154 Mädel zu rufen, dessen ganze Seele ihm gehörte.
1301 2061 3376 2195 und Herr Vollmann machte uns den nervosen Fritz Schlachten geliefert worden, denen zahlreiche
263 2100 1320 2203 Ja, was war sie ihm denn? Nichts — eine Blume,
2334 2099 3375 2207 Menschenleben zum Opfer gefallen sind; die Ver¬
266 2156 1315 2245 die man am Wegesrande bricht und wegwirft —
2336 2153 3371 2254 hängung des Standrechtes blieb erfolglos, der
267 2158 2344 2302 eine Liebelei. Zuckend stürzt sie hinaus, und der mit seinem melancholischen, vernachlässigten Gemüt
1315 2208 2353 2304 verständlich. In Fräulein Körner (Mizzi) fand
1303 2203 3373 2350 Herr Martini eine vorzügliche Parinerin; das war Aufruhr griff nur immer weiter um sich. Nun sollen
269 2252 1336 2346 erschütterte Vater bricht zusammen: „Sie kommt
2339 2267 3338 2358 deutsche Regimenter die kroatischen Bauern zu
1316 2298 2361 2418 lein geradezu klassisches „süßes Mädel“; eine echte
275 2328 599 2404 nicht wieder“.
2343 2306 3372 2406 Paaren treiben. Die Mannlicher werden jedenfalls
356 2332 1328 2439 Auch die beste Skizzierung müßte banal klingen,
1325 2362 2355 2450 Grisette: leichtsinnig und doch nicht schlecht. Fräulein
2354 2349 3375 2454 ihre „Schuldigkeit“ tun. Den Haß gegen das Mal
279 2403 1329 2488 denn in dieser Tragödie ist alles Stimmung und das
1327 2404 2358 2500 [Becker bot eine achtunggebietende Leistung, doch
1329 2403 3367 2554 schien uns die Art, wie die Dame die Verzweiflung gyarentum genährt zu haben — mit dem der un
286 2445 1335 2530 Milieu ist von der dürftigen Handlung nicht zu
1324 2457 3367 2612 in der Schlußszene zum Ausdruck bringen zu müssen gebildete Kroate überhaupt alles Fremde ident
290 2501 1328 2587 trennen. Doch die Bühne gibt dem Stücke — Lebens¬
2355 2506 3366 2613 siziert, so daß auch deutscher Besitz verheert wurd
286 2550 1335 2626 beobachtung in Dichtung umgewertet — eine mächtige
1329 2547 2372 2657 glaubte, nicht glücklich gewählt. Doch darüber läßt
2408 2556 3361 2637 * hat sich der Banus (Statthalter) von Kroaten
294 2599 1328 2690 Wirkung, die zu leugnen unehrlich wäre. Die Auf¬
1330 2601 2377 2698 sich streiten; die Künstlerin wird für ihre Auffassung
1334 2606 3365 2753 sicher eine Begründung haben. Den alten Vater Khuen=Hevervarry sehr angelegen sein lassen. Sein
296 2645 1343 2733 führung verdient uneingeschränktes Lob. Trotzdem
1341 2655 3354 2810 gab Herr Kroseck ungemein sympatisch und Frau Polizeimaßregeln, die jedes Ventil, durch das sie
301 2691 1350 2782 wir an die Gesellschaft Robert keinen kleinen Maß¬
2362 2704 3369 2795 die alte Erbitterung Luft hätte machen könne#
292 2742 1342 2832 stab anlegen, ward uns mehr geboten, als wir erwarten
1337 2745 2371 2842 [Seemann die Binder mit trefflicher Charakteristik.
2355 2759 3374 2850 versperrten, haben nicht zuletzt die blutigen Aus
303 2795 1349 2885 zu dürfen glaubten. Daß es teilweise an Stimmung
1340 2798 2373 2899 Die kleine aber gewichtige Rolle des „fremden
1349 2801 3364 2952 Herrn“ war Herrn Dieffenbach übertragen; das schreitungen, denen wahrscheinlich noch blutige
304 2838 1346 2928 mangelte, ist weder die Schuld der Künstler noch
305 2891 1354 2971 die des Spielleiters, daran sind einerseits unsere
304 2861 3373 3018 Bühneneinrichtungen andererseits jene Rüppel auf war eine Musterleistung: der Zuseher fühlte dis folgen werden, zur Folge gehabt. Khuen=Hede
303 2960 3367 3065 der Gallerie und auch im Parkeit schuld, die sich Nähe des Todes. — Das gut besuchte Haus zeichnetel varry war schließlich nur ein Diener jeues Ofen
2350 2951 3343 3054 Systems, das jeden Widerstand mit Gewalt
2238 2993 2366 3061 —n.
2347 3012 2708 3115 brechen sucht.
313 2990 2191 3130 durch die ungezogensten Störungen bemerkbar die Darsteller durch reichen Beifall aus.
315 3090 1365 3192 machten. Daß durch Lachen sowohl das Publikum
