<?xml version="1.0" encoding="UTF-8" standalone="yes"?>
<PcGts xmlns="http://schema.primaresearch.org/PAGE/gts/pagecontent/2013-07-15" xmlns:xsi="http://www.w3.org/2001/XMLSchema-instance" xsi:schemaLocation="http://schema.primaresearch.org/PAGE/gts/pagecontent/2013-07-15 http://schema.primaresearch.org/PAGE/gts/pagecontent/2013-07-15/pagecontent.xsd">
    <Metadata>
        <Creator>prov=University of Rostock/Institute of Mathematics/CITlab/Gundram Leifert/gundram.leifert@uni-rostock.de:name=ONB_Newseye_GT_M1+(htr_id=10810)::::v=2.4.2
prov=University of Rostock/Institute of Mathematics/CITlab/Tobias Gruening/tobias.gruening@uni-rostock.de:name=de.uros.citlab.module.baseline2polygon.B2PSeamMultiOriented:v=2.4.2
prov=University of Rostock/Institute of Mathematics/CITlab/Tobias Gruening/tobias.gruening@uni-rostock.de:name=/mnt/transkribus/LA/DEA/URO/LA_news_onb_att.pb:de.uros.citlab.segmentation.CITlab_LA_ML:v=2.4.2
Transkribus</Creator>
        <Created>2019-10-07T11:49:54.678+02:00</Created>
        <LastChange>2019-10-09T00:39:45.129+02:00</LastChange>
        <TranskribusMetadata docId="223992" pageId="9506763" pageNr="199" tsid="16617827" status="IN_PROGRESS" userId="40391" imgUrl="https://files.transkribus.eu/Get?id=ZBGRTUYIUXHMCZXHWYUMGOQE&amp;fileType=view" xmlUrl="https://files.transkribus.eu/Get?id=OGZNOHSAOTJNOCIYUJLIUKHS" imageId="6196672"/>
    </Metadata>
    <Page imageFilename="223992_0199.jpeg" imageWidth="3436" imageHeight="4224">
        <ReadingOrder>
            <OrderedGroup id="ro_1711445713420" caption="Regions reading order">
                <RegionRefIndexed index="0" regionRef="r1"/>
            </OrderedGroup>
        </ReadingOrder>
        <TextRegion orientation="0.0" id="r1" custom="readingOrder {index:0;}">
            <Coords points="262,186 262,3669 3339,3669 3339,186"/>
            <TextLine id="r1l1" custom="readingOrder {index:0;}">
                <Coords points="453,213 539,226 794,223 793,153 707,174 684,151 631,172 598,172 574,152 551,166 502,153 452,174"/>
                <Baseline points="469,214 494,214 520,213 546,213 572,213 597,212 623,212 649,212 675,212 700,211 726,211 752,211 778,210"/>
                <TextEquiv>
                    <Unicode>iebelei</Unicode>
                </TextEquiv>
            </TextLine>
            <TextLine id="r1l2" custom="readingOrder {index:1;}">
                <Coords points="942,229 1031,255 1140,254 1177,230 1362,252 1395,246 1395,169 1325,153 1282,174 1209,154 1173,168 1150,158 1123,178 1077,162 1041,178 991,156 941,172"/>
                <Baseline points="957,224 983,223 1009,222 1035,221 1062,221 1088,222 1114,222 1140,223 1167,223 1193,224 1219,224 1245,224 1272,223 1298,222 1324,220 1350,218 1377,215"/>
                <TextEquiv>
                    <Unicode>box 10/3</Unicode>
                </TextEquiv>
            </TextLine>
            <TextLine id="r1l3" custom="readingOrder {index:2;}">
                <Coords points="244,228 327,215 425,253 621,243 716,264 826,246 829,187 803,176 739,209 513,208 469,159 382,175 321,145 248,142"/>
                <Baseline points="262,206 289,211 316,216 344,221 371,224 399,228 426,231 454,233 481,236 509,237 536,239 563,240 591,240 618,241 646,241 673,240 701,240 728,239 756,238 783,237 811,236"/>
                <TextEquiv>
                    <Unicode>5. LinLSeI</Unicode>
                </TextEquiv>
            </TextLine>
            <TextLine id="r1l4" custom="readingOrder {index:3;}">
                <Coords points="1216,1541 1242,1538 1257,1547 1262,1540 1273,1542 1295,1530 1305,1529 1312,1535 1332,1533 1326,1477 1280,1478 1274,1485 1257,1487 1242,1499 1228,1493 1211,1495"/>
                <Baseline points="1233,1533 1260,1530 1287,1527 1315,1525"/>
                <TextEquiv>
                    <Unicode>6.</Unicode>
                </TextEquiv>
            </TextLine>
            <TextLine id="r1l5" custom="readingOrder {index:4;}">
                <Coords points="1632,1571 3326,1512 3324,1459 3152,1450 1630,1502"/>
                <Baseline points="1648,1558 1731,1555 1814,1553 1897,1551 1980,1548 2063,1546 2146,1543 2230,1540 2313,1538 2396,1536 2479,1533 2562,1530 2645,1528 2728,1526 2812,1523 2895,1521 2978,1518 3061,1516 3144,1514 3227,1512 3311,1510"/>
                <TextEquiv>
                    <Unicode>Generalmajocs v. Massow der Oberstlientengnt Budde, bisher 1.bis zur Erledigung</Unicode>
                </TextEquiv>
            </TextLine>
            <TextLine id="r1l6" custom="readingOrder {index:5;}">
                <Coords points="2969,1555 3005,1568 3058,1556 3138,1568 3151,1554 3197,1563 3346,1550 3345,1507 3302,1501 3259,1516 3067,1517 3053,1504 3037,1517 2968,1512"/>
                <Baseline points="2985,1559 3011,1558 3037,1557 3064,1557 3090,1557 3117,1556 3143,1556 3170,1556 3196,1555 3223,1555 3249,1554 3276,1552 3302,1551 3329,1549"/>
                <TextEquiv>
                    <Unicode>handlungen gelangten</Unicode>
                </TextEquiv>
            </TextLine>
            <TextLine id="r1l7" custom="readingOrder {index:6;}">
                <Coords points="324,1591 1561,1571 1637,1559 1636,1506 322,1538"/>
                <Baseline points="340,1590 404,1589 468,1587 532,1586 596,1585 660,1583 724,1582 788,1581 852,1579 916,1578 980,1576 1044,1575 1108,1573 1172,1572 1236,1570 1300,1568 1364,1567 1428,1564 1492,1562 1556,1560 1621,1558"/>
                <TextEquiv>
                    <Unicode>schafter veranlaßte Abberufung Grancens gewesen sei. Man</Unicode>
                </TextEquiv>
            </TextLine>
            <TextLine id="r1l8" custom="readingOrder {index:7;}">
                <Coords points="1639,1595 2963,1571 2961,1518 2805,1506 1638,1565"/>
                <Baseline points="1657,1597 1721,1595 1786,1594 1850,1592 1915,1590 1979,1589 2044,1586 2108,1585 2173,1583 2237,1581 2302,1578 2366,1576 2431,1574 2495,1572 2560,1570 2624,1568 2689,1566 2753,1564 2818,1562 2882,1560 2947,1558"/>
                <TextEquiv>
                    <Unicode> etatsmäßiger Stabsoffizier im 11. Grenadier=Regiment, ernannt worden,</Unicode>
                </TextEquiv>
            </TextLine>
            <TextLine id="r1l9" custom="readingOrder {index:8;}">
                <Coords points="2973,1601 3083,1595 3123,1607 3145,1593 3222,1592 3268,1610 3331,1582 3330,1553 2973,1561"/>
                <Baseline points="2989,1596 3016,1596 3043,1596 3070,1596 3097,1596 3124,1595 3151,1595 3178,1594 3205,1593 3232,1592 3259,1591 3286,1590 3313,1589"/>
                <TextEquiv>
                    <Unicode>durchweg beantragte</Unicode>
                </TextEquiv>
            </TextLine>
            <TextLine id="r1l10" custom="readingOrder {index:9;}">
                <Coords points="299,1645 1629,1609 1647,1549 297,1592"/>
                <Baseline points="315,1629 380,1628 446,1627 512,1626 578,1624 644,1623 709,1622 775,1620 841,1619 907,1617 973,1616 1038,1614 1104,1612 1170,1611 1236,1609 1302,1607 1367,1605 1433,1603 1499,1601 1565,1599 1631,1597"/>
                <TextEquiv>
                    <Unicode>sagt ja nun allerdings, daß Herr Herbette im Gegensatz zu seiner be¬</Unicode>
                </TextEquiv>
            </TextLine>
            <TextLine id="r1l11" custom="readingOrder {index:10;}">
                <Coords points="1636,1629 2947,1613 2959,1569 1635,1593"/>
                <Baseline points="1651,1636 1715,1635 1780,1634 1844,1632 1909,1631 1974,1629 2038,1627 2103,1625 2167,1623 2232,1621 2297,1619 2361,1616 2426,1614 2490,1612 2555,1610 2619,1608 2684,1606 2749,1604 2813,1603 2878,1601 2943,1600"/>
                <TextEquiv>
                    <Unicode> der bereits seit einiger Zeit zum Generblstab kommandirt war.</Unicode>
                </TextEquiv>
            </TextLine>
            <TextLine id="r1l12" custom="readingOrder {index:11;}">
                <Coords points="2969,1638 3095,1644 3141,1630 3171,1645 3198,1634 3251,1663 3354,1659 3351,1577 3286,1602 3147,1590 3131,1607 3031,1593 3015,1604 2968,1592"/>
                <Baseline points="2985,1634 3010,1635 3035,1635 3060,1635 3085,1635 3110,1634 3135,1634 3161,1632 3186,1631 3211,1630 3236,1629 3261,1628 3286,1627 3311,1626 3337,1625"/>
                <TextEquiv>
                    <Unicode>bestätigt wurde. D</Unicode>
                </TextEquiv>
            </TextLine>
            <TextLine id="r1l13" custom="readingOrder {index:12;}">
                <Coords points="301,1675 1654,1633 1653,1600 1564,1599 300,1629"/>
                <Baseline points="319,1668 384,1668 450,1667 516,1666 582,1665 648,1664 714,1663 780,1662 846,1660 912,1659 978,1658 1043,1656 1109,1654 1175,1653 1241,1650 1307,1649 1373,1647 1439,1644 1505,1642 1571,1640 1637,1637"/>
                <TextEquiv>
                    <Unicode>häbigen Erscheinung und der kühlen Gemessenheit, die ihm im diplo¬</Unicode>
                </TextEquiv>
            </TextLine>
            <TextLine id="r1l14" custom="readingOrder {index:13;}">
                <Coords points="1634,1686 2961,1647 2966,1600 1632,1630"/>
                <Baseline points="1650,1681 1715,1678 1780,1676 1845,1674 1910,1672 1975,1669 2040,1668 2105,1665 2170,1663 2235,1661 2301,1659 2366,1658 2431,1655 2496,1653 2561,1651 2626,1649 2691,1647 2756,1645 2821,1642 2886,1640 2952,1638"/>
                <TextEquiv>
                    <Unicode> Pensionirt ist der Oberst von der Marwitz vom 89. Grenadier¬</Unicode>
                </TextEquiv>
            </TextLine>
            <TextLine id="r1l15" custom="readingOrder {index:14;}">
                <Coords points="2967,1694 3023,1685 3034,1695 3083,1679 3136,1684 3175,1666 3205,1665 3203,1635 3127,1631 3094,1643 3081,1636 3002,1643 2965,1638"/>
                <Baseline points="2983,1674 3008,1671 3034,1670 3060,1669 3086,1669 3111,1668 3137,1667 3163,1666 3189,1663"/>
                <TextEquiv>
                    <Unicode>anberaumt.</Unicode>
                </TextEquiv>
            </TextLine>
            <TextLine id="r1l16" custom="readingOrder {index:15;}">
                <Coords points="309,1711 1547,1688 1643,1679 1642,1629 308,1668"/>
                <Baseline points="325,1707 390,1707 455,1707 520,1707 585,1706 650,1706 715,1705 780,1704 845,1703 910,1701 976,1700 1041,1698 1106,1696 1171,1695 1236,1693 1301,1691 1366,1688 1431,1687 1496,1684 1561,1682 1627,1680"/>
                <TextEquiv>
                    <Unicode>watischen Verkehr eigen, zuweilen erwas heftig und leicht erregbor</Unicode>
                </TextEquiv>
            </TextLine>
            <TextLine id="r1l17" custom="readingOrder {index:16;}">
                <Coords points="3129,1713 3145,1713 3155,1703 3168,1713 3218,1712 3231,1702 3245,1712 3274,1705 3344,1708 3343,1655 3297,1655 3281,1669 3267,1659 3191,1663 3128,1680"/>
                <Baseline points="3146,1705 3171,1704 3197,1704 3223,1704 3248,1704 3274,1704 3300,1703 3326,1702"/>
                <TextEquiv>
                    <Unicode>Die Rei</Unicode>
                </TextEquiv>
            </TextLine>
            <TextLine id="r1l18" custom="readingOrder {index:17;}">
                <Coords points="1303,1719 2823,1697 2971,1676 2970,1630 1302,1693"/>
                <Baseline points="1320,1728 1401,1725 1483,1722 1565,1720 1647,1717 1728,1715 1810,1713 1892,1711 1974,1708 2055,1706 2137,1704 2219,1702 2301,1700 2382,1697 2464,1694 2546,1692 2628,1689 2709,1686 2791,1683 2873,1680 2955,1675"/>
                <TextEquiv>
                    <Unicode>Rosen gebettet] Regiment in Schwerin, der durch den Oberst v. Bock und</Unicode>
                </TextEquiv>
            </TextLine>
            <TextLine id="r1l19" custom="readingOrder {index:18;}">
                <Coords points="1055,1734 1078,1727 1125,1735 1267,1733 1316,1724 1315,1698 1292,1702 1255,1683 1245,1694 1186,1703 1163,1690 1146,1698 1126,1682 1100,1696 1053,1698"/>
                <Baseline points="1071,1733 1096,1731 1121,1730 1147,1730 1172,1728 1197,1728 1223,1727 1248,1726 1273,1724 1299,1723"/>
                <TextEquiv>
                    <Unicode>nicht auf</Unicode>
                </TextEquiv>
            </TextLine>
            <TextLine id="r1l20" custom="readingOrder {index:19;}">
                <Coords points="711,1729 765,1738 775,1748 784,1737 841,1743 900,1734 927,1750 940,1737 960,1736 959,1713 930,1714 903,1695 837,1706 773,1695 711,1706"/>
                <Baseline points="729,1740 755,1740 782,1740 809,1740 836,1739 862,1739 889,1737 916,1736 943,1734"/>
                <TextEquiv>
                    <Unicode>Personal</Unicode>
                </TextEquiv>
            </TextLine>
            <TextLine id="r1l21" custom="readingOrder {index:20;}">
                <Coords points="3043,1749 3073,1751 3087,1764 3109,1753 3130,1772 3156,1757 3176,1760 3173,1700 3157,1701 3141,1712 3127,1702 3097,1700 3084,1691 3058,1712 3041,1713"/>
                <Baseline points="3060,1742 3092,1740 3125,1736 3158,1740"/>
                <TextEquiv>
                    <Unicode></Unicode>
                </TextEquiv>
            </TextLine>
            <TextLine id="r1l22" custom="readingOrder {index:21;}">
                <Coords points="312,1745 418,1755 451,1738 507,1752 540,1739 570,1755 623,1729 653,1742 653,1702 583,1712 312,1705"/>
                <Baseline points="329,1743 354,1742 380,1742 405,1742 431,1742 456,1744 482,1744 508,1745 533,1745 559,1744 584,1744 610,1742 636,1738"/>
                <TextEquiv>
                    <Unicode>sein könne;</Unicode>
                </TextEquiv>
            </TextLine>
            <TextLine id="r1l23" custom="readingOrder {index:22;}">
                <Coords points="306,1793 2980,1721 305,1747"/>
                <Baseline points="323,1783 455,1782 587,1781 719,1778 851,1776 983,1774 1115,1770 1247,1767 1379,1764 1511,1760 1643,1756 1775,1752 1907,1748 2039,1744 2171,1740 2303,1736 2435,1732 2567,1728 2699,1724 2831,1721 2964,1717"/>
                <TextEquiv>
                    <Unicode>sein. Es ist auch wahrscheinlich, daß die Abberufungsgerüchte, die schon] Polach, bisher Chef des Stabes des XI. Armeekorps, ersetzt</Unicode>
                </TextEquiv>
            </TextLine>
            <TextLine id="r1l24" custom="readingOrder {index:23;}">
                <Coords points="2083,1779 2265,1773 2265,1740 2212,1740 2203,1733 2156,1729 2143,1739 2133,1733 2110,1746 2083,1745"/>
                <Baseline points="2100,1769 2125,1769 2150,1768 2175,1767 2200,1767 2225,1769 2250,1772"/>
                <TextEquiv>
                    <Unicode>SIEDETE</Unicode>
                </TextEquiv>
            </TextLine>
            <TextLine id="r1l25" custom="readingOrder {index:24;}">
                <Coords points="1812,1799 1835,1799 1838,1803 1855,1807 1872,1794 1905,1795 1906,1752 1883,1748 1870,1751 1866,1747 1863,1751 1853,1740 1844,1737 1833,1743 1814,1742"/>
                <Baseline points="1828,1777 1859,1777 1890,1779"/>
                <TextEquiv>
                    <Unicode>EN</Unicode>
                </TextEquiv>
            </TextLine>
            <TextLine id="r1l26" custom="readingOrder {index:25;}">
                <Coords points="961,1808 1077,1809 1091,1822 1117,1831 1127,1821 1147,1821 1146,1771 1086,1772 1073,1763 1050,1773 994,1771 984,1764 961,1768"/>
                <Baseline points="979,1801 1004,1803 1029,1803 1055,1803 1080,1802 1105,1801 1131,1799"/>
                <TextEquiv>
                    <Unicode>KrSST</Unicode>
                </TextEquiv>
            </TextLine>
            <TextLine id="r1l27" custom="readingOrder {index:26;}">
                <Coords points="1142,1807 1165,1807 1168,1804 1178,1814 1185,1814 1192,1821 1208,1811 1225,1811 1225,1771 1208,1771 1205,1768 1142,1771"/>
                <Baseline points="1158,1806 1183,1805 1208,1806"/>
                <TextEquiv>
                    <Unicode></Unicode>
                </TextEquiv>
            </TextLine>
            <TextLine id="r1l28" custom="readingOrder {index:27;}">
                <Coords points="1651,1854 3339,1797 3337,1757 3029,1749 1650,1805"/>
                <Baseline points="1669,1843 1751,1840 1834,1836 1916,1833 1999,1830 2082,1828 2164,1826 2247,1824 2329,1822 2412,1820 2495,1818 2577,1816 2660,1814 2742,1812 2825,1810 2908,1807 2990,1805 3073,1802 3155,1799 3238,1795 3321,1791"/>
                <TextEquiv>
                    <Unicode>Jarno und Frau Schneider, nach der sentimentalen von wollen wir nur n</Unicode>
                </TextEquiv>
            </TextLine>
            <TextLine id="r1l29" custom="readingOrder {index:28;}">
                <Coords points="317,1879 1641,1841 1553,1794 316,1836"/>
                <Baseline points="335,1877 399,1875 464,1872 528,1871 593,1869 657,1867 722,1865 786,1863 851,1862 915,1860 980,1858 1044,1857 1109,1855 1173,1854 1238,1852 1302,1851 1367,1849 1431,1847 1496,1846 1560,1844 1625,1842"/>
                <TextEquiv>
                    <Unicode>im Mai nach dem August zu fragen. Fritz Lobheimer hat da¬</Unicode>
                </TextEquiv>
            </TextLine>
            <TextLine id="r1l30" custom="readingOrder {index:29;}">
                <Coords points="1638,1903 3312,1851 3353,1793 1636,1853"/>
                <Baseline points="1655,1883 1739,1882 1823,1880 1907,1879 1991,1877 2076,1875 2160,1873 2244,1871 2328,1869 2412,1866 2497,1864 2581,1861 2665,1859 2749,1856 2833,1854 2918,1851 3002,1849 3086,1847 3170,1844 3254,1842 3339,1839"/>
                <TextEquiv>
                    <Unicode>Herrn Rittner und Frau Sorma, welche aus tiefster sier à la Barrisch</Unicode>
                </TextEquiv>
            </TextLine>
            <TextLine id="r1l31" custom="readingOrder {index:30;}">
                <Coords points="322,1932 1635,1895 1644,1841 320,1879"/>
                <Baseline points="337,1925 401,1921 466,1918 530,1915 595,1913 660,1911 724,1909 789,1908 853,1906 918,1905 983,1904 1047,1903 1112,1902 1176,1900 1241,1899 1305,1897 1370,1895 1435,1893 1499,1891 1564,1888 1629,1884"/>
                <TextEquiv>
                    <Unicode>gegen im Herzen seiner Christine ein ernstes Feuer entzündet und</Unicode>
                </TextEquiv>
            </TextLine>
            <TextLine id="r1l32" custom="readingOrder {index:31;}">
                <Coords points="1658,1939 3352,1894 3350,1837 2989,1834 1657,1889"/>
                <Baseline points="1674,1933 1757,1928 1840,1925 1923,1922 2006,1919 2089,1917 2172,1914 2255,1912 2338,1910 2421,1908 2504,1906 2587,1904 2670,1902 2753,1901 2836,1899 2919,1897 3002,1894 3085,1892 3168,1889 3251,1886 3334,1883"/>
                <TextEquiv>
                    <Unicode>Empfindung schöpfte und die Zuschauer durch Mimik und Ton idas für einen ga</Unicode>
                </TextEquiv>
            </TextLine>
            <TextLine id="r1l33" custom="readingOrder {index:32;}">
                <Coords points="2977,1927 3077,1950 3116,1932 3153,1941 3216,1928 3239,1944 3338,1927 3337,1884 3274,1883 3202,1906 3085,1887 2976,1901"/>
                <Baseline points="2995,1939 3020,1937 3045,1935 3070,1934 3095,1934 3121,1933 3146,1932 3171,1932 3196,1932 3222,1931 3247,1930 3272,1928 3297,1926 3323,1923"/>
                <TextEquiv>
                    <Unicode>braschung, wenn</Unicode>
                </TextEquiv>
            </TextLine>
            <TextLine id="r1l34" custom="readingOrder {index:33;}">
                <Coords points="316,1962 1650,1933 1612,1875 316,1935"/>
                <Baseline points="333,1965 398,1963 463,1961 528,1959 593,1958 658,1956 723,1955 788,1953 853,1952 918,1950 983,1949 1048,1947 1113,1946 1178,1944 1243,1942 1308,1940 1373,1938 1438,1936 1503,1934 1568,1931 1633,1928"/>
                <TextEquiv>
                    <Unicode>sicht nun mit Besorgniß, wie die Flammen ihrer Liebe immer</Unicode>
                </TextEquiv>
            </TextLine>
            <TextLine id="r1l35" custom="readingOrder {index:34;}">
                <Coords points="1647,1974 2997,1922 2972,1876 1646,1921"/>
                <Baseline points="1664,1974 1729,1972 1795,1970 1861,1968 1927,1966 1992,1965 2058,1962 2124,1961 2190,1959 2255,1958 2321,1956 2387,1955 2453,1953 2518,1951 2584,1950 2650,1948 2716,1946 2781,1945 2847,1943 2913,1940 2979,1938"/>
                <TextEquiv>
                    <Unicode>mächtig ergriff. Hierzu gab man eine Neueinstudirung des </Unicode>
                </TextEquiv>
            </TextLine>
            <TextLine id="r1l36" custom="readingOrder {index:35;}">
                <Coords points="3040,1980 3070,1966 3110,1986 3172,1974 3196,1984 3232,1967 3262,1983 3315,1979 3348,1968 3347,1925 3251,1933 3238,1944 3205,1928 3162,1942 3082,1930 3039,1937"/>
                <Baseline points="3055,1975 3080,1975 3105,1975 3130,1975 3155,1974 3180,1974 3205,1974 3230,1973 3255,1972 3280,1972 3305,1971 3331,1971"/>
                <TextEquiv>
                    <Unicode>r Nacht treffl</Unicode>
                </TextEquiv>
            </TextLine>
            <TextLine id="r1l37" custom="readingOrder {index:36;}">
                <Coords points="2835,1996 2852,1996 2868,1978 2888,1991 2908,1994 2921,1983 2931,1983 2938,1989 2954,1986 2971,2002 2988,2001 2986,1932 2963,1932 2953,1943 2923,1944 2910,1937 2884,1948 2850,1926 2833,1927"/>
                <Baseline points="2853,1980 2882,1983 2911,1980 2940,1977 2970,1981"/>
                <TextEquiv>
                    <Unicode> sich</Unicode>
                </TextEquiv>
            </TextLine>
            <TextLine id="r1l38" custom="readingOrder {index:37;}">
                <Coords points="323,2005 1637,1998 1662,1921 322,1982"/>
                <Baseline points="339,2009 404,2007 469,2005 535,2003 600,2001 666,1999 731,1998 796,1996 862,1994 927,1993 993,1991 1058,1990 1123,1988 1189,1986 1254,1984 1320,1983 1385,1981 1450,1980 1516,1978 1581,1976 1647,1975"/>
                <TextEquiv>
                    <Unicode>höher emporlodern. Sie hat das Gluck kennen gelernt und fühlt</Unicode>
                </TextEquiv>
            </TextLine>
            <TextLine id="r1l39" custom="readingOrder {index:38;}">
                <Coords points="1661,2028 2266,2011 2309,1981 2773,2011 2771,1951 2523,1938 1660,1988"/>
                <Baseline points="1677,2017 1731,2014 1785,2012 1839,2009 1893,2007 1947,2006 2001,2004 2055,2003 2109,2001 2163,2000 2217,1999 2271,1998 2325,1996 2379,1995 2433,1994 2487,1993 2541,1991 2595,1990 2649,1988 2703,1986 2757,1984"/>
                <TextEquiv>
                    <Unicode>„Zerbrochenen Krugs“ von Kleist, bei</Unicode>
                </TextEquiv>
            </TextLine>
            <TextLine id="r1l40" custom="readingOrder {index:39;}">
                <Coords points="2976,2027 3151,2020 3178,2042 3270,2014 3294,2026 3336,2019 3335,1972 3263,1984 3229,1968 3196,1982 3107,1985 3087,1968 3051,1986 2975,1984"/>
                <Baseline points="2993,2022 3018,2021 3043,2020 3068,2019 3093,2018 3118,2018 3143,2017 3169,2016 3194,2016 3219,2015 3244,2015 3269,2015 3294,2014 3320,2014"/>
                <TextEquiv>
                    <Unicode>diesem Tone ge</Unicode>
                </TextEquiv>
            </TextLine>
            <TextLine id="r1l41" custom="readingOrder {index:40;}">
                <Coords points="320,2051 1624,2032 1642,1985 319,2012"/>
                <Baseline points="337,2053 401,2051 466,2048 530,2046 595,2044 659,2042 724,2041 788,2039 853,2038 917,2036 982,2035 1046,2033 1111,2032 1175,2031 1240,2029 1304,2028 1369,2026 1433,2024 1498,2022 1562,2020 1627,2018"/>
                <TextEquiv>
                    <Unicode>doch, wie unhaltbar ihre Lage ist, denn sie muß mit ihren Nach¬</Unicode>
                </TextEquiv>
            </TextLine>
            <TextLine id="r1l42" custom="readingOrder {index:41;}">
                <Coords points="1658,2071 2889,2052 2994,1996 1657,2019"/>
                <Baseline points="1674,2061 1739,2059 1804,2056 1869,2053 1935,2052 2000,2049 2065,2048 2130,2046 2196,2044 2261,2042 2326,2041 2391,2039 2457,2038 2522,2036 2587,2035 2652,2033 2718,2031 2783,2030 2848,2028 2913,2026 2979,2024"/>
                <TextEquiv>
                    <Unicode>Hermann Müller als ein sehr belustigender, von echta</Unicode>
                </TextEquiv>
            </TextLine>
            <TextLine id="r1l43" custom="readingOrder {index:42;}">
                <Coords points="2979,2073 3350,2064 3348,2021 3292,2024 3278,2011 3226,2030 3199,2024 3186,2038 3149,2019 2977,2026"/>
                <Baseline points="2997,2071 3022,2069 3048,2066 3074,2064 3100,2063 3126,2062 3152,2061 3177,2061 3203,2060 3229,2060 3255,2059 3281,2058 3307,2056 3333,2053"/>
                <TextEquiv>
                    <Unicode>Stühlen, gesch</Unicode>
                </TextEquiv>
            </TextLine>
            <TextLine id="r1l44" custom="readingOrder {index:43;}">
                <Coords points="312,2102 1645,2060 1608,2017 311,2055"/>
                <Baseline points="329,2095 394,2092 459,2091 524,2089 589,2087 654,2085 719,2084 784,2083 849,2081 914,2080 979,2079 1044,2077 1109,2076 1174,2074 1239,2073 1304,2071 1369,2070 1434,2068 1499,2065 1564,2063 1630,2060"/>
                <TextEquiv>
                    <Unicode>barn und ihrem Vater, dem alten Geiger, ein beständiges Ver¬</Unicode>
                </TextEquiv>
            </TextLine>
            <TextLine id="r1l45" custom="readingOrder {index:44;}">
                <Coords points="1653,2106 2991,2085 2989,2019 1652,2060"/>
                <Baseline points="1671,2104 1736,2103 1801,2101 1866,2100 1931,2098 1996,2097 2061,2095 2127,2093 2192,2091 2257,2090 2322,2088 2387,2086 2452,2085 2517,2082 2583,2081 2648,2079 2713,2078 2778,2076 2843,2075 2908,2073 2974,2072"/>
                <TextEquiv>
                    <Unicode>niederländischem Humor erfüllter Dorfrichter Adam zu er¬</Unicode>
                </TextEquiv>
            </TextLine>
            <TextLine id="r1l46" custom="readingOrder {index:45;}">
                <Coords points="2985,2127 3027,2109 3061,2121 3123,2102 3140,2115 3262,2104 3292,2119 3351,2097 3350,2064 2982,2071"/>
                <Baseline points="2999,2113 3024,2111 3050,2110 3076,2110 3102,2108 3127,2107 3153,2106 3179,2105 3205,2104 3230,2103 3256,2102 3282,2102 3308,2101 3334,2100"/>
                <TextEquiv>
                    <Unicode>durch, ein ewiges</Unicode>
                </TextEquiv>
            </TextLine>
            <TextLine id="r1l47" custom="readingOrder {index:46;}">
                <Coords points="318,2145 1652,2106 1650,2057 317,2102"/>
                <Baseline points="333,2134 398,2133 463,2131 528,2130 593,2129 658,2128 723,2127 789,2125 854,2124 919,2123 984,2122 1049,2121 1114,2119 1179,2118 1245,2116 1310,2115 1375,2113 1440,2111 1505,2108 1570,2106 1636,2104"/>
                <TextEquiv>
                    <Unicode>steckspiel treiben. Daneben hat Lobheimer noch eine andere zärt¬</Unicode>
                </TextEquiv>
            </TextLine>
            <TextLine id="r1l48" custom="readingOrder {index:47;}">
                <Coords points="1658,2154 1764,2163 1813,2139 1840,2155 1953,2147 1952,2101 1724,2114 1658,2108"/>
                <Baseline points="1674,2144 1700,2144 1726,2144 1752,2144 1779,2144 1805,2144 1831,2144 1858,2143 1884,2142 1910,2142 1937,2141"/>
                <TextEquiv>
                    <Unicode>kennen gab.“)</Unicode>
                </TextEquiv>
            </TextLine>
            <TextLine id="r1l49" custom="readingOrder {index:48;}">
                <Coords points="2979,2162 3194,2152 3211,2164 3260,2146 3297,2158 3343,2150 3342,2107 3292,2118 3259,2103 3203,2105 3150,2117 3123,2101 3061,2120 3027,2111 2978,2119"/>
                <Baseline points="2995,2155 3020,2153 3045,2152 3071,2151 3096,2151 3121,2150 3147,2148 3172,2148 3198,2147 3223,2146 3248,2145 3274,2144 3299,2144 3325,2143"/>
                <TextEquiv>
                    <Unicode>ein Manegensche</Unicode>
                </TextEquiv>
            </TextLine>
            <TextLine id="r1l50" custom="readingOrder {index:49;}">
                <Coords points="316,2184 1653,2158 1631,2103 315,2151"/>
                <Baseline points="333,2185 398,2182 463,2180 528,2178 593,2176 659,2174 724,2173 789,2171 854,2170 919,2168 985,2167 1050,2165 1115,2164 1180,2162 1245,2161 1311,2159 1376,2157 1441,2154 1506,2152 1571,2150 1637,2147"/>
                <TextEquiv>
                    <Unicode>liche Beziehung mit einer Dame unterhalten, deren Ehemann</Unicode>
                </TextEquiv>
            </TextLine>
            <TextLine id="r1l51" custom="readingOrder {index:50;}">
                <Coords points="1761,2197 2950,2172 2977,2095 1760,2158"/>
                <Baseline points="1778,2188 1837,2186 1896,2184 1955,2181 2015,2179 2074,2177 2133,2175 2193,2173 2252,2171 2311,2169 2371,2167 2430,2165 2489,2164 2548,2162 2608,2161 2667,2160 2726,2159 2786,2159 2845,2158 2904,2158 2964,2158"/>
                <TextEquiv>
                    <Unicode>Wenn von französischen Schwänken die Rede ist,</Unicode>
                </TextEquiv>
            </TextLine>
            <TextLine id="r1l52" custom="readingOrder {index:51;}">
                <Coords points="2984,2211 3030,2198 3064,2207 3106,2191 3153,2209 3199,2200 3215,2183 3272,2203 3295,2189 3345,2190 3342,2143 3220,2149 3207,2163 3194,2151 2982,2161"/>
                <Baseline points="3002,2200 3027,2199 3052,2198 3077,2197 3102,2196 3127,2195 3152,2193 3178,2192 3203,2190 3228,2189 3253,2188 3278,2187 3303,2186 3329,2185"/>
                <TextEquiv>
                    <Unicode>aber jedes feiner</Unicode>
                </TextEquiv>
            </TextLine>
            <TextLine id="r1l53" custom="readingOrder {index:52;}">
                <Coords points="323,2231 1657,2221 1656,2158 322,2185"/>
                <Baseline points="339,2223 404,2222 469,2220 534,2218 599,2217 664,2215 729,2214 794,2213 859,2212 924,2211 989,2209 1054,2208 1119,2207 1184,2206 1249,2205 1314,2204 1379,2202 1444,2200 1509,2199 1574,2197 1640,2194"/>
                <TextEquiv>
                    <Unicode>hinter das Geheimniß gekommen ist und sich mir ihm schlagen will.</Unicode>
                </TextEquiv>
            </TextLine>
            <TextLine id="r1l54" custom="readingOrder {index:53;}">
                <Coords points="1659,2246 2920,2215 2988,2157 1657,2177"/>
                <Baseline points="1675,2233 1739,2232 1804,2230 1869,2229 1934,2227 1999,2226 2064,2225 2128,2224 2193,2222 2258,2221 2323,2220 2388,2218 2453,2216 2518,2215 2582,2213 2647,2211 2712,2209 2777,2207 2842,2204 2907,2201 2972,2198"/>
                <TextEquiv>
                    <Unicode>hot man immer das Gefühl, daß die Tollheit, die darin ge¬</Unicode>
                </TextEquiv>
            </TextLine>
            <TextLine id="r1l55" custom="readingOrder {index:54;}">
                <Coords points="2979,2233 3109,2250 3138,2235 3162,2250 3218,2238 3288,2251 3337,2238 3334,2176 3246,2197 3218,2178 3199,2199 3157,2208 3106,2190 3093,2201 2978,2203"/>
                <Baseline points="2997,2246 3024,2244 3051,2242 3078,2241 3105,2240 3132,2239 3159,2238 3186,2237 3213,2236 3240,2235 3267,2232 3294,2230 3321,2226"/>
                <TextEquiv>
                    <Unicode>eine so große B</Unicode>
                </TextEquiv>
            </TextLine>
            <TextLine id="r1l56" custom="readingOrder {index:55;}">
                <Coords points="1670,2291 2984,2257 2982,2191 1669,2241"/>
                <Baseline points="1687,2281 1751,2279 1815,2277 1879,2274 1943,2272 2007,2270 2071,2269 2135,2267 2199,2266 2263,2264 2327,2263 2391,2261 2455,2260 2519,2258 2583,2256 2647,2254 2711,2252 2775,2250 2839,2247 2903,2245 2968,2242"/>
                <TextEquiv>
                    <Unicode>schildert wird, auf ihrem Höhepunkt angelangt sei, und daß es</Unicode>
                </TextEquiv>
            </TextLine>
            <TextLine id="r1l57" custom="readingOrder {index:56;}">
                <Coords points="443,2291 1657,2270 1656,2201 442,2245"/>
                <Baseline points="458,2283 517,2281 576,2278 635,2277 694,2275 753,2274 812,2272 872,2271 931,2270 990,2269 1049,2268 1108,2267 1167,2266 1226,2264 1286,2263 1345,2262 1404,2260 1463,2259 1522,2257 1581,2255 1641,2252"/>
                <TextEquiv>
                    <Unicode>Die Stimmung der beiden Liebespaare bei einem fröhlichen</Unicode>
                </TextEquiv>
            </TextLine>
            <TextLine id="r1l58" custom="readingOrder {index:57;}">
                <Coords points="2987,2289 3113,2284 3159,2295 3245,2278 3325,2284 3323,2241 3227,2245 3210,2236 3164,2252 3140,2236 3127,2247 2985,2246"/>
                <Baseline points="3004,2290 3029,2288 3054,2286 3080,2285 3105,2284 3130,2283 3156,2282 3181,2281 3206,2280 3232,2279 3257,2278 3282,2276 3308,2274"/>
                <TextEquiv>
                    <Unicode>Clownkunsten d</Unicode>
                </TextEquiv>
            </TextLine>
            <TextLine id="r1l59" custom="readingOrder {index:58;}">
                <Coords points="1665,2321 2697,2279 2836,2308 2962,2294 2993,2237 1664,2291"/>
                <Baseline points="1682,2326 1746,2322 1811,2319 1876,2317 1941,2315 2005,2313 2070,2311 2135,2310 2200,2309 2264,2308 2329,2307 2394,2305 2459,2304 2523,2302 2588,2301 2653,2299 2718,2296 2782,2293 2847,2290 2912,2285 2977,2281"/>
                <TextEquiv>
                    <Unicode>eine weitere Steigerung nicht mehr geben könne. Die Pariser</Unicode>
                </TextEquiv>
            </TextLine>
            <TextLine id="r1l60" custom="readingOrder {index:59;}">
                <Coords points="322,2350 1484,2327 1665,2309 1664,2253 320,2274"/>
                <Baseline points="337,2330 402,2329 468,2328 533,2326 599,2325 664,2324 730,2322 795,2321 861,2320 926,2318 992,2317 1058,2315 1123,2314 1189,2312 1254,2311 1320,2309 1385,2307 1451,2305 1516,2303 1582,2302 1648,2300"/>
                <TextEquiv>
                    <Unicode>Beisammensein, wobei ein einfaches Abendbrod aufgetragen, gespielt,</Unicode>
                </TextEquiv>
            </TextLine>
            <TextLine id="r1l61" custom="readingOrder {index:60;}">
                <Coords points="1671,2376 3339,2328 3337,2282 2989,2275 1670,2326"/>
                <Baseline points="1686,2368 1767,2366 1849,2363 1931,2361 2013,2358 2095,2356 2177,2354 2258,2351 2340,2349 2422,2346 2504,2344 2586,2342 2668,2340 2750,2337 2831,2335 2913,2332 2995,2330 3077,2328 3159,2326 3241,2323 3323,2321"/>
                <TextEquiv>
                    <Unicode>Autoren sind aber, wie man zugestehen muß, von einer kaum ständig zu Grun</Unicode>
                </TextEquiv>
            </TextLine>
            <TextLine id="r1l62" custom="readingOrder {index:61;}">
                <Coords points="319,2379 1666,2354 1612,2302 318,2333"/>
                <Baseline points="337,2379 402,2376 468,2374 533,2372 599,2370 665,2368 730,2367 796,2365 862,2364 927,2363 993,2361 1059,2360 1124,2359 1190,2357 1256,2356 1321,2354 1387,2352 1453,2351 1518,2348 1584,2346 1650,2343"/>
                <TextEquiv>
                    <Unicode>gesungen und getanzt wird, hat der Dichter mit großer Feinheit</Unicode>
                </TextEquiv>
            </TextLine>
            <TextLine id="r1l63" custom="readingOrder {index:62;}">
                <Coords points="2978,2406 3031,2405 3060,2384 3094,2389 3116,2368 3136,2374 3149,2364 3232,2381 3252,2380 3275,2356 3308,2368 3307,2325 2976,2334"/>
                <Baseline points="2995,2377 3021,2375 3048,2373 3075,2372 3102,2371 3129,2369 3155,2368 3182,2368 3209,2367 3236,2367 3263,2366 3290,2366"/>
                <TextEquiv>
                    <Unicode>Daugen muß, </Unicode>
                </TextEquiv>
            </TextLine>
            <TextLine id="r1l64" custom="readingOrder {index:63;}">
                <Coords points="1674,2419 2967,2383 2996,2342 1672,2373"/>
                <Baseline points="1689,2412 1753,2410 1818,2409 1882,2407 1947,2405 2012,2402 2076,2401 2141,2398 2206,2396 2270,2394 2335,2392 2400,2390 2464,2387 2529,2385 2594,2384 2658,2382 2723,2380 2788,2378 2852,2377 2917,2376 2982,2375"/>
                <TextEquiv>
                    <Unicode>glaublichen Findigkeit und Dreistigkeit. Sie schrecken auf dem</Unicode>
                </TextEquiv>
            </TextLine>
            <TextLine id="r1l65" custom="readingOrder {index:64;}">
                <Coords points="331,2412 1662,2392 1661,2346 331,2382"/>
                <Baseline points="347,2421 411,2419 476,2417 541,2415 606,2413 671,2411 736,2409 801,2408 866,2407 931,2405 996,2404 1060,2402 1125,2400 1190,2399 1255,2398 1320,2396 1385,2394 1450,2393 1515,2391 1580,2389 1645,2387"/>
                <TextEquiv>
                    <Unicode>festgehalten. Aber die Stunde, in welcher Lobheimer mit</Unicode>
                </TextEquiv>
            </TextLine>
            <TextLine id="r1l66" custom="readingOrder {index:65;}">
                <Coords points="2992,2435 3121,2428 3137,2410 3164,2422 3246,2421 3262,2404 3313,2421 3342,2406 3340,2367 3293,2369 3280,2356 3257,2371 3230,2362 3198,2377 3154,2366 3066,2391 3028,2366 2988,2362"/>
                <Baseline points="3009,2420 3035,2421 3062,2421 3088,2420 3115,2419 3141,2417 3168,2415 3194,2413 3221,2411 3247,2409 3274,2408 3300,2408 3327,2409"/>
                <TextEquiv>
                    <Unicode>Adolf Ernst=Thä</Unicode>
                </TextEquiv>
            </TextLine>
            <TextLine id="r1l67" custom="readingOrder {index:66;}">
                <Coords points="1661,2463 2988,2426 2987,2380 2877,2370 1660,2410"/>
                <Baseline points="1679,2452 1743,2452 1808,2451 1872,2449 1937,2448 2002,2446 2066,2445 2131,2443 2195,2441 2260,2439 2325,2437 2389,2435 2454,2433 2518,2430 2583,2428 2647,2426 2712,2424 2777,2422 2841,2419 2906,2417 2971,2415"/>
                <TextEquiv>
                    <Unicode>Gebiete des Erotischen vor keine noch so frechen Kombinationen</Unicode>
                </TextEquiv>
            </TextLine>
            <TextLine id="r1l68" custom="readingOrder {index:67;}">
                <Coords points="318,2466 1665,2433 1664,2390 1561,2382 317,2416"/>
                <Baseline points="335,2463 400,2462 466,2460 531,2458 597,2457 663,2455 728,2454 794,2452 859,2451 925,2449 991,2447 1056,2446 1122,2444 1187,2443 1253,2441 1318,2439 1384,2438 1450,2436 1515,2435 1581,2433 1647,2431"/>
                <TextEquiv>
                    <Unicode>dem an seiner Ehre so schwer gekränkten Ehemann sich schlagen</Unicode>
                </TextEquiv>
            </TextLine>
            <TextLine id="r1l69" custom="readingOrder {index:68;}">
                <Coords points="1671,2506 3001,2457 3000,2417 1670,2457"/>
                <Baseline points="1689,2499 1753,2497 1818,2495 1883,2493 1947,2491 2012,2489 2077,2487 2141,2485 2206,2483 2271,2481 2336,2479 2400,2478 2465,2475 2530,2473 2594,2471 2659,2470 2724,2468 2788,2466 2853,2464 2918,2462 2983,2460"/>
                <TextEquiv>
                    <Unicode>zurück. Schon wiederholt haben wir bei Stücken dieser Art das</Unicode>
                </TextEquiv>
            </TextLine>
            <TextLine id="r1l70" custom="readingOrder {index:69;}">
                <Coords points="325,2508 1645,2485 1667,2435 324,2472"/>
                <Baseline points="342,2508 407,2506 473,2504 538,2503 604,2501 669,2499 735,2498 800,2496 866,2495 931,2493 997,2491 1062,2490 1128,2488 1193,2486 1259,2485 1324,2483 1390,2482 1455,2480 1521,2478 1586,2476 1652,2474"/>
                <TextEquiv>
                    <Unicode>muß, rückt immer näher heran. Nun heißt es Abschied nehmen</Unicode>
                </TextEquiv>
            </TextLine>
            <TextLine id="r1l71" custom="readingOrder {index:70;}">
                <Coords points="1660,2538 2997,2513 2995,2473 2892,2460 1658,2492"/>
                <Baseline points="1675,2542 1740,2541 1805,2539 1870,2537 1935,2535 2001,2534 2066,2532 2131,2531 2196,2530 2261,2528 2327,2527 2392,2525 2457,2523 2522,2521 2587,2519 2653,2517 2718,2514 2783,2512 2848,2508 2913,2505 2979,2501"/>
                <TextEquiv>
                    <Unicode>Bekenntniß ablegen müssen, daß ihr Inhalt einfach nicht wieder¬</Unicode>
                </TextEquiv>
            </TextLine>
            <TextLine id="r1l72" custom="readingOrder {index:71;}">
                <Coords points="326,2548 1481,2540 1666,2526 1665,2476 325,2509"/>
                <Baseline points="344,2551 409,2549 474,2547 539,2545 604,2543 670,2542 735,2540 800,2539 865,2537 930,2536 996,2535 1061,2533 1126,2532 1191,2530 1256,2529 1322,2527 1387,2525 1452,2523 1517,2522 1582,2520 1648,2518"/>
                <TextEquiv>
                    <Unicode>von dem nichts ahnenden Mädchen, das mit ihrem alten Vater in</Unicode>
                </TextEquiv>
            </TextLine>
            <TextLine id="r1l73" custom="readingOrder {index:72;}">
                <Coords points="1669,2608 2916,2567 3008,2530 1667,2548"/>
                <Baseline points="1685,2589 1750,2587 1815,2585 1880,2583 1946,2581 2011,2579 2076,2577 2142,2576 2207,2574 2272,2572 2338,2570 2403,2568 2468,2567 2533,2564 2599,2562 2664,2560 2729,2557 2795,2553 2860,2550 2925,2546 2991,2543"/>
                <TextEquiv>
                    <Unicode>zugeben sei. So steht es auch mit dem neuen Schwank von</Unicode>
                </TextEquiv>
            </TextLine>
            <TextLine id="r1l74" custom="readingOrder {index:73;}">
                <Coords points="331,2604 1665,2576 1670,2519 330,2551"/>
                <Baseline points="347,2595 412,2593 477,2591 542,2589 608,2588 673,2586 738,2584 804,2583 869,2581 934,2579 1000,2578 1065,2576 1130,2575 1195,2573 1261,2572 1326,2570 1391,2569 1457,2567 1522,2566 1587,2565 1653,2563"/>
                <TextEquiv>
                    <Unicode>einer bescheidenen Dachstube wohnt und über ein Meer von Häusern</Unicode>
                </TextEquiv>
            </TextLine>
            <TextLine id="r1l75" custom="readingOrder {index:74;}">
                <Coords points="2647,2589 2667,2589 2687,2609 2740,2601 2780,2610 2856,2606 2895,2588 2935,2591 2934,2555 2875,2559 2865,2549 2753,2574 2712,2545 2696,2559 2676,2549 2663,2563 2646,2563"/>
                <Baseline points="2663,2601 2688,2599 2714,2599 2739,2599 2765,2599 2790,2599 2816,2599 2841,2598 2867,2597 2892,2596 2918,2594"/>
                <TextEquiv>
                    <Unicode>der zwar</Unicode>
                </TextEquiv>
            </TextLine>
            <TextLine id="r1l76" custom="readingOrder {index:75;}">
                <Coords points="1671,2638 2630,2618 2659,2564 1670,2608"/>
                <Baseline points="1687,2633 1734,2631 1782,2629 1830,2628 1878,2625 1926,2624 1974,2623 2022,2621 2070,2620 2118,2618 2166,2617 2213,2616 2261,2615 2309,2613 2357,2612 2405,2611 2453,2610 2501,2609 2549,2607 2597,2606 2645,2605"/>
                <TextEquiv>
                    <Unicode>Feydeau „Hotel zum Freihafen“,</Unicode>
                </TextEquiv>
            </TextLine>
            <TextLine id="r1l77" custom="readingOrder {index:76;}">
                <Coords points="322,2658 1573,2621 1672,2605 1671,2562 321,2611"/>
                <Baseline points="340,2638 405,2636 471,2635 537,2633 603,2632 668,2630 734,2629 800,2628 866,2627 931,2625 997,2624 1063,2623 1129,2621 1194,2619 1260,2618 1326,2616 1392,2614 1457,2612 1523,2609 1589,2606 1655,2603"/>
                <TextEquiv>
                    <Unicode>bis zum Kahlenberge hinüberblickt. Auch dieser Gegensatz zwischen</Unicode>
                </TextEquiv>
            </TextLine>
            <TextLine id="r1l78" custom="readingOrder {index:77;}">
                <Coords points="1675,2674 3012,2646 3011,2603 2895,2587 1674,2631"/>
                <Baseline points="1692,2674 1757,2672 1822,2669 1887,2667 1952,2665 2018,2663 2083,2661 2148,2658 2213,2657 2278,2655 2344,2653 2409,2651 2474,2650 2539,2648 2604,2646 2670,2645 2735,2643 2800,2641 2865,2640 2930,2638 2996,2636"/>
                <TextEquiv>
                    <Unicode>Residenz= Theater sehr belacht worden ist, aber in demselben</Unicode>
                </TextEquiv>
            </TextLine>
            <TextLine id="r1l79" custom="readingOrder {index:78;}">
                <Coords points="330,2690 1673,2646 1672,2606 1490,2601 329,2647"/>
                <Baseline points="345,2683 410,2681 476,2679 541,2677 607,2675 673,2674 738,2672 804,2670 869,2669 935,2667 1001,2666 1066,2664 1132,2663 1197,2661 1263,2659 1328,2658 1394,2656 1460,2654 1525,2652 1591,2650 1657,2649"/>
                <TextEquiv>
                    <Unicode>der armlichen Musikantenwohnung und dem eleganten Heim des</Unicode>
                </TextEquiv>
            </TextLine>
            <TextLine id="r1l80" custom="readingOrder {index:79;}">
                <Coords points="1148,2702 1324,2717 1482,2695 1569,2713 1595,2695 1675,2700 1673,2647 1653,2644 1488,2669 1451,2653 1147,2665"/>
                <Baseline points="1165,2705 1190,2705 1216,2705 1242,2704 1268,2704 1294,2703 1320,2703 1346,2702 1372,2701 1398,2700 1424,2700 1450,2699 1476,2698 1502,2697 1528,2696 1554,2695 1580,2694 1606,2693 1632,2693 1658,2692"/>
                <TextEquiv>
                    <Unicode>Die Liebenden nehmen</Unicode>
                </TextEquiv>
            </TextLine>
            <TextLine id="r1l81" custom="readingOrder {index:80;}">
                <Coords points="1667,2739 2769,2710 2997,2690 2999,2643 1665,2676"/>
                <Baseline points="1683,2719 1748,2717 1813,2716 1878,2714 1943,2713 2008,2710 2073,2709 2138,2707 2203,2704 2268,2702 2334,2700 2399,2698 2464,2696 2529,2694 2594,2692 2659,2690 2724,2688 2789,2687 2854,2685 2919,2684 2985,2683"/>
                <TextEquiv>
                    <Unicode>Maße den guten Geschmack beleidigt hat. Man wußte oft nicht,</Unicode>
                </TextEquiv>
            </TextLine>
            <TextLine id="r1l82" custom="readingOrder {index:81;}">
                <Coords points="334,2732 876,2712 990,2735 1154,2704 1153,2664 332,2682"/>
                <Baseline points="349,2735 388,2731 428,2727 467,2725 507,2722 546,2721 586,2719 625,2718 665,2717 704,2717 744,2716 783,2715 823,2714 862,2714 902,2713 941,2712 981,2711 1020,2710 1060,2708 1099,2706 1139,2703"/>
                <TextEquiv>
                    <Unicode>Junggesellen ist trefflich durchgeführt.</Unicode>
                </TextEquiv>
            </TextLine>
            <TextLine id="r1l83" custom="readingOrder {index:82;}">
                <Coords points="1667,2766 2875,2747 3007,2727 3006,2677 1666,2723"/>
                <Baseline points="1683,2761 1748,2759 1813,2757 1879,2756 1944,2754 2010,2752 2075,2750 2140,2748 2206,2747 2271,2745 2337,2743 2402,2742 2467,2740 2533,2739 2598,2736 2664,2735 2729,2733 2794,2731 2860,2729 2925,2727 2991,2725"/>
                <TextEquiv>
                    <Unicode>ob man eine Pautomime bei Renz oder Busch oder ein</Unicode>
                </TextEquiv>
            </TextLine>
            <TextLine id="r1l84" custom="readingOrder {index:83;}">
                <Coords points="324,2770 1539,2758 1671,2748 1670,2698 323,2730"/>
                <Baseline points="341,2771 406,2769 472,2767 538,2765 604,2763 669,2761 735,2760 801,2758 867,2757 932,2756 998,2754 1064,2753 1130,2752 1195,2750 1261,2749 1327,2747 1393,2746 1458,2744 1524,2741 1590,2739 1656,2737"/>
                <TextEquiv>
                    <Unicode>unter heißen Thränen Abschied von einander. Im dritten Akt</Unicode>
                </TextEquiv>
            </TextLine>
            <TextLine id="r1l85" custom="readingOrder {index:84;}">
                <Coords points="1672,2817 3006,2773 3004,2723 1671,2764"/>
                <Baseline points="1690,2807 1754,2805 1819,2802 1884,2800 1949,2798 2014,2796 2079,2795 2144,2793 2209,2792 2274,2790 2339,2789 2403,2787 2468,2786 2533,2784 2598,2782 2663,2780 2728,2778 2793,2775 2858,2773 2923,2769 2988,2766"/>
                <TextEquiv>
                    <Unicode>logisch gegliedertes, mit menschlichen Empfindungen aus¬</Unicode>
                </TextEquiv>
            </TextLine>
            <TextLine id="r1l86" custom="readingOrder {index:85;}">
                <Coords points="330,2826 1670,2784 1669,2741 1583,2736 329,2773"/>
                <Baseline points="345,2814 410,2812 475,2810 541,2808 606,2807 671,2805 737,2804 802,2802 867,2800 933,2799 998,2798 1063,2796 1129,2794 1194,2793 1259,2792 1325,2790 1390,2788 1455,2787 1521,2784 1586,2783 1652,2781"/>
                <TextEquiv>
                    <Unicode>ist Lobheimer im Duell bereits gefallen und begraben. Das</Unicode>
                </TextEquiv>
            </TextLine>
            <TextLine id="r1l87" custom="readingOrder {index:86;}">
                <Coords points="2588,2822 3015,2824 3013,2771 2986,2766 2891,2779 2837,2765 2772,2788 2735,2779 2696,2794 2639,2780 2587,2792"/>
                <Baseline points="2603,2823 2629,2823 2655,2822 2681,2821 2708,2820 2734,2820 2760,2818 2786,2817 2813,2815 2839,2814 2865,2813 2891,2812 2918,2811 2944,2810 2970,2809 2997,2809"/>
                <TextEquiv>
                    <Unicode>Am Verrücktesten</Unicode>
                </TextEquiv>
            </TextLine>
            <TextLine id="r1l88" custom="readingOrder {index:87;}">
                <Coords points="2556,2829 2575,2824 2579,2827 2582,2826 2586,2828 2588,2824 2604,2820 2595,2785 2547,2797"/>
                <Baseline points="2574,2829 2590,2825"/>
                <TextEquiv>
                    <Unicode>110</Unicode>
                </TextEquiv>
            </TextLine>
            <TextLine id="r1l89" custom="readingOrder {index:88;}">
                <Coords points="1670,2874 1911,2840 2576,2835 2575,2785 2091,2779 1669,2817"/>
                <Baseline points="1687,2853 1730,2850 1774,2848 1817,2845 1861,2843 1905,2841 1948,2840 1992,2839 2035,2838 2079,2837 2123,2836 2166,2835 2210,2834 2253,2833 2297,2832 2341,2831 2384,2830 2428,2829 2471,2828 2515,2826 2559,2824"/>
                <TextEquiv>
                    <Unicode>gestattetes Theaterstück vor sich hatte.</Unicode>
                </TextEquiv>
            </TextLine>
            <TextLine id="r1l90" custom="readingOrder {index:89;}">
                <Coords points="335,2875 1579,2840 1678,2831 1677,2775 334,2826"/>
                <Baseline points="351,2859 416,2856 482,2854 547,2852 613,2850 678,2849 744,2847 809,2845 875,2844 940,2842 1006,2841 1071,2839 1137,2838 1202,2837 1268,2835 1333,2833 1399,2831 1464,2829 1530,2827 1595,2825 1661,2822"/>
                <TextEquiv>
                    <Unicode>Mädchen erräth mit dem Justinkt der Liebe was vorgefallen ist</Unicode>
                </TextEquiv>
            </TextLine>
            <TextLine id="r1l91" custom="readingOrder {index:90;}">
                <Coords points="1688,2901 3008,2858 2981,2813 1687,2851"/>
                <Baseline points="1703,2892 1767,2890 1831,2888 1896,2886 1960,2884 2025,2882 2089,2881 2153,2879 2218,2877 2282,2876 2347,2874 2411,2873 2475,2871 2540,2869 2604,2867 2669,2866 2733,2864 2797,2862 2862,2860 2926,2857 2991,2855"/>
                <TextEquiv>
                    <Unicode>geht es im zweiten Akt zu, der in einem Hotel merkwürdiger</Unicode>
                </TextEquiv>
            </TextLine>
            <TextLine id="r1l92" custom="readingOrder {index:91;}">
                <Coords points="337,2925 1683,2886 1682,2823 335,2856"/>
                <Baseline points="353,2902 418,2899 484,2897 550,2896 616,2893 681,2892 747,2890 813,2889 879,2887 944,2886 1010,2884 1076,2883 1142,2881 1207,2880 1273,2879 1339,2877 1405,2875 1470,2873 1536,2871 1602,2869 1668,2867"/>
                <TextEquiv>
                    <Unicode>und erfährt, daß ihr Liebster bei seinem Todesgange von ihr wie</Unicode>
                </TextEquiv>
            </TextLine>
            <TextLine id="r1l93" custom="readingOrder {index:92;}">
                <Coords points="1686,2942 2520,2932 2562,2894 2702,2937 2758,2899 3009,2908 3008,2849 1685,2896"/>
                <Baseline points="1703,2935 1767,2933 1831,2931 1896,2929 1960,2928 2025,2926 2089,2925 2154,2923 2218,2921 2283,2920 2347,2918 2411,2917 2476,2915 2540,2913 2605,2911 2669,2909 2734,2907 2798,2905 2863,2901 2927,2899 2992,2896"/>
                <TextEquiv>
                    <Unicode>Art, nämlich in einem solchen vor sich geht wo sich die Paare</Unicode>
                </TextEquiv>
            </TextLine>
            <TextLine id="r1l94" custom="readingOrder {index:93;}">
                <Coords points="332,2950 1676,2929 1688,2872 331,2910"/>
                <Baseline points="349,2940 415,2940 481,2939 547,2939 613,2938 679,2936 745,2935 811,2934 877,2932 943,2931 1010,2929 1076,2928 1142,2926 1208,2924 1274,2923 1340,2921 1406,2920 1472,2919 1538,2918 1604,2917 1671,2916"/>
                <TextEquiv>
                    <Unicode>von anderen gleichgiltigen Dingen gesprochen habe, daß sie für ihn</Unicode>
                </TextEquiv>
            </TextLine>
            <TextLine id="r1l95" custom="readingOrder {index:94;}">
                <Coords points="1672,2980 3019,2949 2961,2902 2561,2897 2522,2931 1672,2957"/>
                <Baseline points="1689,2982 1754,2980 1820,2977 1885,2975 1951,2973 2017,2971 2082,2970 2148,2968 2213,2966 2279,2964 2345,2963 2410,2961 2476,2960 2541,2958 2607,2956 2672,2953 2738,2951 2804,2948 2869,2946 2935,2942 3001,2939"/>
                <TextEquiv>
                    <Unicode> zum Genuß verbotener Liebesfreuden zuruckziehen. Daher auch</Unicode>
                </TextEquiv>
            </TextLine>
            <TextLine id="r1l96" custom="readingOrder {index:95;}">
                <Coords points="1152,2968 1215,2980 1261,2963 1304,2976 1367,2956 1466,2971 1602,2953 1601,2917 1151,2931"/>
                <Baseline points="1167,2965 1193,2965 1219,2965 1245,2965 1271,2965 1297,2965 1323,2965 1349,2965 1375,2965 1401,2965 1427,2964 1453,2964 1479,2963 1505,2963 1531,2962 1557,2961 1584,2960"/>
                <TextEquiv>
                    <Unicode>Sie hört nicht auf</Unicode>
                </TextEquiv>
            </TextLine>
            <TextLine id="r1l97" custom="readingOrder {index:96;}">
                <Coords points="345,2997 1142,2966 1141,2926 344,2941"/>
                <Baseline points="362,2988 400,2988 438,2987 476,2986 514,2985 552,2985 590,2984 629,2983 667,2982 705,2981 743,2979 781,2979 819,2977 857,2976 896,2975 934,2974 972,2973 1010,2972 1048,2971 1086,2970 1125,2968"/>
                <TextEquiv>
                    <Unicode>immer nur ein Spielzeug gewesen sei.</Unicode>
                </TextEquiv>
            </TextLine>
            <TextLine id="r1l98" custom="readingOrder {index:97;}">
                <Coords points="1682,3032 3012,2991 2987,2939 1681,2982"/>
                <Baseline points="1697,3023 1765,3022 1833,3020 1902,3018 1970,3017 2038,3015 2107,3014 2175,3012 2243,3010 2312,3008 2380,3006 2449,3004 2517,3002 2585,2999 2654,2997 2722,2994 2790,2992 2859,2989 2927,2985 2996,2983"/>
                <TextEquiv>
                    <Unicode>der wunderliche Titel. Aber die Mißverständnisse und Ver¬</Unicode>
                </TextEquiv>
            </TextLine>
            <TextLine id="r1l99" custom="readingOrder {index:98;}">
                <Coords points="344,3044 1682,3031 1680,2955 343,2988"/>
                <Baseline points="360,3031 425,3031 490,3030 555,3030 621,3028 686,3027 751,3025 816,3023 882,3021 947,3019 1012,3017 1077,3015 1143,3013 1208,3011 1273,3009 1338,3007 1404,3006 1469,3005 1534,3005 1599,3005 1665,3005"/>
                <TextEquiv>
                    <Unicode>tröstenden Worte ihres Vaters, sondern eilt in wilder Verzweiflung</Unicode>
                </TextEquiv>
            </TextLine>
            <TextLine id="r1l100" custom="readingOrder {index:99;}">
                <Coords points="1679,3079 2784,3056 3015,3029 3014,2983 1677,3029"/>
                <Baseline points="1697,3071 1762,3068 1827,3066 1892,3063 1957,3061 2022,3059 2087,3057 2152,3056 2217,3053 2282,3052 2348,3050 2413,3048 2478,3047 2543,3045 2608,3043 2673,3040 2738,3037 2803,3035 2868,3032 2933,3028 2999,3024"/>
                <TextEquiv>
                    <Unicode>wechselungen, die sich hierbei abspielen, sind kaum glaublicher</Unicode>
                </TextEquiv>
            </TextLine>
            <TextLine id="r1l101" custom="readingOrder {index:100;}">
                <Coords points="341,3111 614,3071 1098,3079 1134,3065 1133,3019 339,3048"/>
                <Baseline points="356,3073 394,3074 432,3074 470,3074 508,3074 546,3073 584,3073 622,3072 660,3071 698,3070 736,3069 774,3068 812,3066 850,3065 888,3064 926,3063 964,3062 1002,3060 1040,3059 1078,3059 1116,3058"/>
                <TextEquiv>
                    <Unicode>von dannen um nicht wiederzukehren.</Unicode>
                </TextEquiv>
            </TextLine>
            <TextLine id="r1l102" custom="readingOrder {index:101;}">
                <Coords points="1683,3117 3023,3075 2992,3033 2753,3031 1682,3077"/>
                <Baseline points="1701,3113 1766,3111 1831,3109 1896,3106 1961,3104 2027,3102 2092,3100 2157,3098 2222,3096 2287,3095 2353,3093 2418,3091 2483,3089 2548,3087 2613,3085 2679,3083 2744,3081 2809,3078 2874,3076 2939,3073 3005,3071"/>
                <TextEquiv>
                    <Unicode>Natur, so daß man nicht versteht, wie die Zeusur, die ihre Nase!</Unicode>
                </TextEquiv>
            </TextLine>
            <TextLine id="r1l103" custom="readingOrder {index:102;}">
                <Coords points="462,3137 1478,3124 1683,3109 1682,3056 461,3084"/>
                <Baseline points="478,3126 537,3125 596,3124 656,3122 715,3121 775,3119 834,3117 894,3116 953,3114 1013,3112 1072,3110 1131,3108 1191,3107 1250,3105 1310,3103 1369,3103 1429,3101 1488,3100 1548,3099 1607,3099 1667,3099"/>
                <TextEquiv>
                    <Unicode>Das kleine Stück ist mit einer Wärme und Wahrheit der</Unicode>
                </TextEquiv>
            </TextLine>
            <TextLine id="r1l104" custom="readingOrder {index:103;}">
                <Coords points="1678,3152 2331,3162 2829,3110 3006,3145 3017,3071 1677,3125"/>
                <Baseline points="1695,3155 1760,3153 1825,3152 1890,3150 1956,3149 2021,3147 2086,3146 2152,3144 2217,3142 2282,3141 2348,3139 2413,3137 2478,3135 2543,3134 2609,3131 2674,3129 2739,3125 2805,3123 2870,3120 2935,3117 3001,3113"/>
                <TextEquiv>
                    <Unicode> doch in alle möglichen Dinge steckt, diesen Unfug und Unsinn</Unicode>
                </TextEquiv>
            </TextLine>
            <TextLine id="r1l105" custom="readingOrder {index:104;}">
                <Coords points="1093,3153 1137,3165 1196,3141 1289,3168 1338,3144 1686,3152 1684,3093 1480,3118 1092,3117"/>
                <Baseline points="1109,3155 1137,3155 1165,3154 1193,3154 1221,3153 1249,3153 1277,3152 1305,3152 1333,3151 1361,3151 1389,3150 1417,3150 1445,3149 1473,3149 1501,3148 1529,3146 1557,3146 1585,3145 1613,3144 1641,3142 1669,3141"/>
                <TextEquiv>
                    <Unicode>sie lange nicht auf den</Unicode>
                </TextEquiv>
            </TextLine>
            <TextLine id="r1l106" custom="readingOrder {index:105;}">
                <Coords points="344,3174 669,3167 689,3186 1112,3154 1111,3128 1065,3115 343,3128"/>
                <Baseline points="360,3172 396,3171 433,3171 470,3170 507,3170 543,3169 580,3169 617,3168 654,3168 690,3167 727,3167 764,3166 801,3165 837,3164 874,3163 911,3162 948,3161 984,3159 1021,3158 1058,3156 1095,3154"/>
                <TextEquiv>
                    <Unicode>Herzenssprache geschrieben, wie wir</Unicode>
                </TextEquiv>
            </TextLine>
            <TextLine id="r1l107" custom="readingOrder {index:106;}">
                <Coords points="1685,3201 3015,3161 2828,3113 1684,3162"/>
                <Baseline points="1702,3197 1766,3196 1831,3195 1896,3193 1961,3192 2026,3191 2091,3189 2155,3187 2220,3185 2285,3184 2350,3182 2415,3180 2480,3178 2545,3176 2609,3174 2674,3172 2739,3170 2804,3168 2869,3166 2934,3164 2999,3162"/>
                <TextEquiv>
                    <Unicode>ruhig durchgehen lassen konnte. Ein Hauptspaß besteht darin,</Unicode>
                </TextEquiv>
            </TextLine>
            <TextLine id="r1l108" custom="readingOrder {index:107;}">
                <Coords points="341,3223 1552,3203 1684,3154 340,3177"/>
                <Baseline points="357,3215 422,3215 488,3215 553,3214 619,3214 684,3212 750,3211 815,3209 881,3208 946,3206 1012,3204 1077,3202 1143,3200 1208,3198 1274,3196 1339,3194 1405,3193 1470,3191 1536,3189 1601,3188 1667,3187"/>
                <TextEquiv>
                    <Unicode>Brettern gehort haben. Schnitzlers Gebiet ist nicht das der all¬</Unicode>
                </TextEquiv>
            </TextLine>
            <TextLine id="r1l109" custom="readingOrder {index:108;}">
                <Coords points="1679,3258 3022,3219 3021,3176 2865,3164 1678,3209"/>
                <Baseline points="1695,3241 1760,3240 1826,3239 1891,3238 1957,3237 2023,3235 2088,3234 2154,3231 2219,3230 2285,3228 2351,3226 2416,3224 2482,3221 2547,3219 2613,3217 2678,3215 2744,3213 2810,3211 2875,3208 2941,3206 3007,3204"/>
                <TextEquiv>
                    <Unicode>daß ein Bauunternehmer, der mit der Frau eines Architekten</Unicode>
                </TextEquiv>
            </TextLine>
            <TextLine id="r1l110" custom="readingOrder {index:109;}">
                <Coords points="338,3272 1691,3225 1690,3189 1574,3185 337,3226"/>
                <Baseline points="355,3264 421,3263 487,3261 553,3259 619,3258 685,3256 751,3254 817,3253 883,3251 949,3249 1015,3247 1081,3246 1147,3244 1213,3242 1279,3240 1345,3238 1411,3236 1477,3234 1543,3232 1609,3230 1675,3228"/>
                <TextEquiv>
                    <Unicode>täglichen Moral. Er befaßt sich mit der Schilderung eines</Unicode>
                </TextEquiv>
            </TextLine>
            <TextLine id="r1l111" custom="readingOrder {index:110;}">
                <Coords points="1683,3282 3023,3252 2962,3208 1682,3245"/>
                <Baseline points="1701,3284 1766,3283 1831,3283 1896,3282 1961,3281 2027,3280 2092,3278 2157,3277 2222,3275 2287,3274 2353,3271 2418,3270 2483,3267 2548,3265 2613,3263 2679,3260 2744,3258 2809,3255 2874,3252 2939,3249 3005,3246"/>
                <TextEquiv>
                    <Unicode>eine Extratour macht, von dem Hausdiener des Hotels durch die</Unicode>
                </TextEquiv>
            </TextLine>
            <TextLine id="r1l112" custom="readingOrder {index:111;}">
                <Coords points="351,3318 1658,3280 1677,3236 349,3265"/>
                <Baseline points="366,3308 430,3306 495,3305 560,3303 625,3301 689,3299 754,3297 819,3295 884,3293 948,3292 1013,3289 1078,3288 1143,3286 1207,3284 1272,3282 1337,3280 1402,3278 1466,3276 1531,3275 1596,3273 1661,3271"/>
                <TextEquiv>
                    <Unicode>Themas, von dem anständige Frauen den Blick abwenden und</Unicode>
                </TextEquiv>
            </TextLine>
            <TextLine id="r1l113" custom="readingOrder {index:112;}">
                <Coords points="1685,3338 2949,3307 3028,3268 1684,3281"/>
                <Baseline points="1701,3326 1766,3326 1832,3326 1897,3326 1963,3325 2028,3324 2094,3323 2159,3321 2225,3319 2290,3317 2356,3315 2421,3313 2487,3310 2552,3308 2618,3305 2683,3303 2749,3300 2814,3298 2880,3295 2945,3293 3011,3291"/>
                <TextEquiv>
                    <Unicode>Thür seines Zimmers mit einem Bohrer bearbeitet wird, und</Unicode>
                </TextEquiv>
            </TextLine>
            <TextLine id="r1l114" custom="readingOrder {index:113;}">
                <Coords points="352,3348 1422,3346 1679,3319 1678,3272 351,3308"/>
                <Baseline points="370,3349 434,3348 499,3346 563,3345 628,3344 692,3343 757,3341 821,3340 886,3339 950,3337 1015,3335 1080,3334 1144,3332 1209,3330 1273,3328 1338,3326 1402,3324 1467,3321 1531,3319 1596,3315 1661,3312"/>
                <TextEquiv>
                    <Unicode>das doch einen wichtigen Abschnitt im Leben der meisten Männer</Unicode>
                </TextEquiv>
            </TextLine>
            <TextLine id="r1l115" custom="readingOrder {index:114;}">
                <Coords points="1693,3386 3016,3333 3008,3273 1692,3339"/>
                <Baseline points="1709,3374 1773,3373 1838,3372 1902,3371 1967,3370 2032,3369 2096,3367 2161,3366 2225,3364 2290,3363 2355,3361 2419,3358 2484,3356 2548,3354 2613,3351 2677,3349 2742,3345 2807,3342 2871,3338 2936,3335 3001,3330"/>
                <TextEquiv>
                    <Unicode>zwar an einer Stelle, die niemand entbehren kann, die sich aber</Unicode>
                </TextEquiv>
            </TextLine>
            <TextLine id="r1l116" custom="readingOrder {index:115;}">
                <Coords points="354,3395 1579,3387 1684,3371 1683,3318 353,3352"/>
                <Baseline points="370,3392 434,3391 499,3391 564,3390 629,3389 694,3388 759,3387 823,3385 888,3384 953,3382 1018,3381 1083,3379 1148,3377 1213,3375 1277,3372 1342,3371 1407,3369 1472,3367 1537,3364 1602,3363 1667,3361"/>
                <TextEquiv>
                    <Unicode>bildet. Jugend muß austoben, wie es in unserem Sprichwort</Unicode>
                </TextEquiv>
            </TextLine>
            <TextLine id="r1l117" custom="readingOrder {index:116;}">
                <Coords points="1692,3435 3025,3383 3023,3334 1690,3382"/>
                <Baseline points="1707,3423 1772,3420 1837,3416 1902,3414 1967,3412 2032,3410 2097,3407 2162,3406 2227,3404 2292,3402 2357,3401 2422,3399 2487,3398 2552,3396 2617,3394 2682,3393 2747,3390 2812,3389 2877,3387 2942,3384 3007,3381"/>
                <TextEquiv>
                    <Unicode>zu Gesellschaftsgesprächen nur wenig eignet. Nach dieser Probe</Unicode>
                </TextEquiv>
            </TextLine>
            <TextLine id="r1l118" custom="readingOrder {index:117;}">
                <Coords points="354,3437 1684,3412 1683,3369 1610,3364 353,3394"/>
                <Baseline points="370,3438 434,3437 499,3436 564,3435 629,3434 694,3432 759,3431 824,3429 889,3427 954,3426 1019,3424 1083,3422 1148,3420 1213,3418 1278,3416 1343,3414 1408,3412 1473,3410 1538,3408 1603,3407 1668,3405"/>
                <TextEquiv>
                    <Unicode>heißt. Bevor der junge Mann so weit ist, in den Hafen der</Unicode>
                </TextEquiv>
            </TextLine>
            <TextLine id="r1l119" custom="readingOrder {index:118;}">
                <Coords points="348,3478 1695,3448 1601,3404 347,3432"/>
                <Baseline points="364,3481 429,3480 495,3479 560,3478 626,3477 692,3476 757,3475 823,3473 889,3472 954,3471 1020,3469 1086,3468 1151,3466 1217,3464 1283,3462 1348,3460 1414,3458 1480,3455 1545,3453 1611,3450 1677,3448"/>
                <TextEquiv>
                    <Unicode>Ehe zu gelangen, hat er allerlei Versuchungen durchzumachen!</Unicode>
                </TextEquiv>
            </TextLine>
            <TextLine id="r1l120" custom="readingOrder {index:119;}">
                <Coords points="1822,3508 3030,3475 3027,3389 2747,3442 2597,3414 1820,3459"/>
                <Baseline points="1837,3497 1895,3497 1954,3497 2013,3497 2072,3496 2130,3495 2189,3494 2248,3492 2307,3491 2365,3489 2424,3487 2483,3485 2542,3482 2600,3479 2659,3477 2718,3473 2777,3470 2835,3467 2894,3463 2953,3460 3012,3456"/>
                <TextEquiv>
                    <Unicode>*) Das von Eugen Zabel besprochene Schauspiel „Liebelei“</Unicode>
                </TextEquiv>
            </TextLine>
            <TextLine id="r1l121" custom="readingOrder {index:120;}">
                <Coords points="344,3534 1691,3484 343,3471"/>
                <Baseline points="359,3526 424,3525 490,3523 556,3522 622,3521 687,3519 753,3518 819,3516 885,3515 950,3513 1016,3512 1082,3510 1148,3508 1213,3506 1279,3504 1345,3502 1411,3500 1476,3497 1542,3495 1608,3492 1674,3489"/>
                <TextEquiv>
                    <Unicode>und wird die Macht des Weibes in jenen vorubergehenden Ver¬</Unicode>
                </TextEquiv>
            </TextLine>
            <TextLine id="r1l122" custom="readingOrder {index:121;}">
                <Coords points="357,3575 3008,3522 3026,3449 356,3535"/>
                <Baseline points="372,3572 510,3567 649,3562 788,3558 927,3554 1066,3551 1205,3548 1344,3545 1483,3543 1622,3541 1760,3539 1899,3537 2038,3534 2177,3532 2316,3529 2455,3526 2594,3522 2733,3517 2872,3513 3011,3507"/>
                <TextEquiv>
                    <Unicode>hältnissen erfahren, die der Dichter mit dem Titel „Liebelei“ ist soeben im Verlage von S. Fischer, Berlin, erschienen. Gleichzeitig</Unicode>
                </TextEquiv>
            </TextLine>
            <TextLine id="r1l123" custom="readingOrder {index:122;}">
                <Coords points="349,3624 2881,3586 3027,3500 347,3571"/>
                <Baseline points="364,3610 496,3608 628,3605 761,3603 893,3600 1025,3598 1158,3596 1290,3593 1422,3591 1555,3588 1687,3585 1819,3582 1952,3579 2084,3575 2216,3572 2349,3568 2481,3564 2613,3559 2746,3554 2878,3549 3011,3543"/>
                <TextEquiv>
                    <Unicode>bezeichnet. Das Liebesquarteit wurde im Deutschen Theater brachte derselbe rührige Verlog die schon früher in diesen Blättern behandelte</Unicode>
                </TextEquiv>
            </TextLine>
            <TextLine id="r1l124" custom="readingOrder {index:123;}">
                <Coords points="346,3673 2672,3618 2515,3557 345,3623"/>
                <Baseline points="362,3659 476,3656 591,3653 705,3650 820,3647 935,3644 1049,3641 1164,3638 1279,3634 1393,3631 1508,3628 1623,3625 1737,3622 1852,3618 1967,3616 2081,3612 2196,3609 2311,3606 2425,3603 2540,3599 2655,3596"/>
                <TextEquiv>
                    <Unicode>vortrefflich dargestellt, nach der lustigen Seite hin von Herrn] Komodie „Tedeum“ von Ernst Rosmer heraus.</Unicode>
                </TextEquiv>
            </TextLine>
            <TextEquiv>
                <Unicode>iebelei
box 10/3
5. LinLSeI
6.
Generalmajocs v. Massow der Oberstlientengnt Budde, bisher 1.bis zur Erledigung
handlungen gelangten
schafter veranlaßte Abberufung Grancens gewesen sei. Man
 etatsmäßiger Stabsoffizier im 11. Grenadier=Regiment, ernannt worden,
durchweg beantragte
sagt ja nun allerdings, daß Herr Herbette im Gegensatz zu seiner be¬
 der bereits seit einiger Zeit zum Generblstab kommandirt war.
bestätigt wurde. D
häbigen Erscheinung und der kühlen Gemessenheit, die ihm im diplo¬
 Pensionirt ist der Oberst von der Marwitz vom 89. Grenadier¬
anberaumt.
watischen Verkehr eigen, zuweilen erwas heftig und leicht erregbor
Die Rei
Rosen gebettet] Regiment in Schwerin, der durch den Oberst v. Bock und
nicht auf
Personal

sein könne;
sein. Es ist auch wahrscheinlich, daß die Abberufungsgerüchte, die schon] Polach, bisher Chef des Stabes des XI. Armeekorps, ersetzt
SIEDETE
EN
KrSST

Jarno und Frau Schneider, nach der sentimentalen von wollen wir nur n
im Mai nach dem August zu fragen. Fritz Lobheimer hat da¬
Herrn Rittner und Frau Sorma, welche aus tiefster sier à la Barrisch
gegen im Herzen seiner Christine ein ernstes Feuer entzündet und
Empfindung schöpfte und die Zuschauer durch Mimik und Ton idas für einen ga
braschung, wenn
sicht nun mit Besorgniß, wie die Flammen ihrer Liebe immer
mächtig ergriff. Hierzu gab man eine Neueinstudirung des 
r Nacht treffl
 sich
höher emporlodern. Sie hat das Gluck kennen gelernt und fühlt
„Zerbrochenen Krugs“ von Kleist, bei
diesem Tone ge
doch, wie unhaltbar ihre Lage ist, denn sie muß mit ihren Nach¬
Hermann Müller als ein sehr belustigender, von echta
Stühlen, gesch
barn und ihrem Vater, dem alten Geiger, ein beständiges Ver¬
niederländischem Humor erfüllter Dorfrichter Adam zu er¬
durch, ein ewiges
steckspiel treiben. Daneben hat Lobheimer noch eine andere zärt¬
kennen gab.“)
ein Manegensche
liche Beziehung mit einer Dame unterhalten, deren Ehemann
Wenn von französischen Schwänken die Rede ist,
aber jedes feiner
hinter das Geheimniß gekommen ist und sich mir ihm schlagen will.
hot man immer das Gefühl, daß die Tollheit, die darin ge¬
eine so große B
schildert wird, auf ihrem Höhepunkt angelangt sei, und daß es
Die Stimmung der beiden Liebespaare bei einem fröhlichen
Clownkunsten d
eine weitere Steigerung nicht mehr geben könne. Die Pariser
Beisammensein, wobei ein einfaches Abendbrod aufgetragen, gespielt,
Autoren sind aber, wie man zugestehen muß, von einer kaum ständig zu Grun
gesungen und getanzt wird, hat der Dichter mit großer Feinheit
Daugen muß, 
glaublichen Findigkeit und Dreistigkeit. Sie schrecken auf dem
festgehalten. Aber die Stunde, in welcher Lobheimer mit
Adolf Ernst=Thä
Gebiete des Erotischen vor keine noch so frechen Kombinationen
dem an seiner Ehre so schwer gekränkten Ehemann sich schlagen
zurück. Schon wiederholt haben wir bei Stücken dieser Art das
muß, rückt immer näher heran. Nun heißt es Abschied nehmen
Bekenntniß ablegen müssen, daß ihr Inhalt einfach nicht wieder¬
von dem nichts ahnenden Mädchen, das mit ihrem alten Vater in
zugeben sei. So steht es auch mit dem neuen Schwank von
einer bescheidenen Dachstube wohnt und über ein Meer von Häusern
der zwar
Feydeau „Hotel zum Freihafen“,
bis zum Kahlenberge hinüberblickt. Auch dieser Gegensatz zwischen
Residenz= Theater sehr belacht worden ist, aber in demselben
der armlichen Musikantenwohnung und dem eleganten Heim des
Die Liebenden nehmen
Maße den guten Geschmack beleidigt hat. Man wußte oft nicht,
Junggesellen ist trefflich durchgeführt.
ob man eine Pautomime bei Renz oder Busch oder ein
unter heißen Thränen Abschied von einander. Im dritten Akt
logisch gegliedertes, mit menschlichen Empfindungen aus¬
ist Lobheimer im Duell bereits gefallen und begraben. Das
Am Verrücktesten
110
gestattetes Theaterstück vor sich hatte.
Mädchen erräth mit dem Justinkt der Liebe was vorgefallen ist
geht es im zweiten Akt zu, der in einem Hotel merkwürdiger
und erfährt, daß ihr Liebster bei seinem Todesgange von ihr wie
Art, nämlich in einem solchen vor sich geht wo sich die Paare
von anderen gleichgiltigen Dingen gesprochen habe, daß sie für ihn
 zum Genuß verbotener Liebesfreuden zuruckziehen. Daher auch
Sie hört nicht auf
immer nur ein Spielzeug gewesen sei.
der wunderliche Titel. Aber die Mißverständnisse und Ver¬
tröstenden Worte ihres Vaters, sondern eilt in wilder Verzweiflung
wechselungen, die sich hierbei abspielen, sind kaum glaublicher
von dannen um nicht wiederzukehren.
Natur, so daß man nicht versteht, wie die Zeusur, die ihre Nase!
Das kleine Stück ist mit einer Wärme und Wahrheit der
 doch in alle möglichen Dinge steckt, diesen Unfug und Unsinn
sie lange nicht auf den
Herzenssprache geschrieben, wie wir
ruhig durchgehen lassen konnte. Ein Hauptspaß besteht darin,
Brettern gehort haben. Schnitzlers Gebiet ist nicht das der all¬
daß ein Bauunternehmer, der mit der Frau eines Architekten
täglichen Moral. Er befaßt sich mit der Schilderung eines
eine Extratour macht, von dem Hausdiener des Hotels durch die
Themas, von dem anständige Frauen den Blick abwenden und
Thür seines Zimmers mit einem Bohrer bearbeitet wird, und
das doch einen wichtigen Abschnitt im Leben der meisten Männer
zwar an einer Stelle, die niemand entbehren kann, die sich aber
bildet. Jugend muß austoben, wie es in unserem Sprichwort
zu Gesellschaftsgesprächen nur wenig eignet. Nach dieser Probe
heißt. Bevor der junge Mann so weit ist, in den Hafen der
Ehe zu gelangen, hat er allerlei Versuchungen durchzumachen!
*) Das von Eugen Zabel besprochene Schauspiel „Liebelei“
und wird die Macht des Weibes in jenen vorubergehenden Ver¬
hältnissen erfahren, die der Dichter mit dem Titel „Liebelei“ ist soeben im Verlage von S. Fischer, Berlin, erschienen. Gleichzeitig
bezeichnet. Das Liebesquarteit wurde im Deutschen Theater brachte derselbe rührige Verlog die schon früher in diesen Blättern behandelte
vortrefflich dargestellt, nach der lustigen Seite hin von Herrn] Komodie „Tedeum“ von Ernst Rosmer heraus.</Unicode>
            </TextEquiv>
        </TextRegion>
    </Page>
</PcGts>
