3392 4256
278 207 635 278 Liebele
244 210 1243 309 box 13/4
429 1007 1277 1102 „OBSERVER
519 1104 1219 1163 I. österr. behördl. konzessioniertes
485 1146 1256 1212 Unternehmen für Zeitungs-Ausschnitte
556 1195 1179 1281 WIEN, I., WOLLZEILE 11
629 1256 1103 1316 TELEPHON R-23-0-43
439 1383 815 1455 Ausschnitt aus:
688 1403 1238 1533 WIRRER ZETENINe
444 1615 1015 1710 volig FER 1033
703 1763 1013 1850 Filmschau.
711 1839 971 1924 „Liebelei.“
382 1886 1368 1960 Mit großem Tantam wird jetzt den Wienern die ver¬
335 1955 1372 2007 tonfilmte „Liebelei“ nach Artur Schnitzler empfohlen.
349 1989 1367 2029 Wer Artur Schnitzler sucht sei deingend davor gewarnt!
337 2029 1365 2079 Man ist vom Film allerlei Gewaltsamkeiten wider den
339 2062 1374 2113 guten Geschmack gewohnt. Aber ein derartiges Vergehen
341 2104 1376 2154 an einem Werke aus und von tieister Seele und Natur
348 2145 1382 2194 Wiens kann gar nicht genug scharf zurückgewiesen
349 2181 1375 2213 werden. Hier in Wien wird man sich mehr oder minder
351 2214 1381 2266 belustigen, was sich so ein deutscher Filmmacher mit samt
345 2259 1377 2298 seinem Regisseur unter Wien vorstellt, daß aber nun
354 2295 1365 2343 wieder in der ganzen Welt Wien falsch gezeigt und
352 2331 1386 2383 falsch geschildert wird, ist äußerst betrüblich. Man traut
344 2368 1377 2417 Augen und Ohren nicht, zugemutet zu bekommen, eine
341 2399 1382 2446 alberne Liebesgeschichte zweier Backfische und österreichi¬
349 2439 1368 2503 scher Offiziere in der Haltung und im Ton preußischer
352 2470 1379 2551 Gardeleutnants als Gestalten Artur Schnitzlers aner¬
350 2521 677 2571 kennen zu sollen.
377 2544 1378 2600 Gewiß, Artur Schnitzlers Dramen stehen und fallen
346 2598 1382 2648 mit dem Wort, ihre Worte sind ihr inneres Leben.
342 2637 1371 2704 Gerade Geistigkeit wiederzugeben, ist dem Film nicht
348 2668 1377 2724 möglich. Seien wir glücklich, daß nach dieser Richtung
342 2715 1381 2769 hin wenigstens der Mechanisierung unübersteigliche
350 2746 1373 2792 Grenzen gezogen sind. Somit ergibt sich, daß eben ein
347 2784 1386 2842 Dichter von den seelischen Valeurs Artur Schnitzlers
342 2833 1375 2876 für die Barbarei des Films ungeeignet ist; man hätte
350 2851 1381 2923 eben die Hand davon lassen sollen. Nichts, nichts, nichts
341 2901 1374 2953 wie das einzige Wort „Liebelei“ ist von Artur Schnitzler
351 2944 830 2998 und von Wien geblieben.
395 2977 1368 3032 Herr Ophüls, den man hier kurze Zeit an einem
341 3015 1366 3050 Wiener Theater wirken sah, muß blind und taub sein,
351 3052 1370 3103 falls ihm nicht grauen sollte, auch nicht einen Hauch
351 3089 1377 3142 von der Stimmung der Wiener Hofoper, einer Wiener
345 3140 1374 3191 Gasse, eines Wiener Kaffeehauses, eines Wiener Vor¬
344 3166 954 3222 stadtzimmers getroffen zu haben.
375 3208 1372 3269 Kitsch, wildester Kolportagekitsch, sind auch alle Hin¬
344 3253 1374 3297 Aichtuigen. Aus dem namenlosen Gatten — „ein
543 3294 1372 3328 des Schnitzlerschen Dramas ist ein Baron
353 3288 469 3338 Herr“
359 3327 1374 3371 Eggersdorf geworden. Wie das schon unösterreichisch
354 3367 1384 3406 klingt! Die im Drama unbekannt bleibende Geliebte des
356 3402 1375 3457 Fritz wird als kalte, glatte Salonschlange im Stil einer
1171 3437 1378 3501 — — Es
358 3446 1169 3489 Sudermannschen blonden Bestie eingeführt -
355 3466 960 3526 ist zum die Wand hinauflaufen!
393 3512 1372 3567 Anstatt, daß man versuchte, diesen Anti=Schnitzler
351 3563 1389 3599 wenigstens in Wien zu drehen und mit Wiener Schau¬
346 3592 1374 3630 spielern zu besetzen, sieht man mit Ausnahme von Fräu¬
349 3628 1382 3697 lein Luise Ulrich und Paul Hörbiger prononciert
1142 3667 1364 3724 R. II—r.
352 3666 801 3729 norddeutsche Darsteller.
2285 1013 2510 1071 I. Oesterr.
1731 1011 2602 1113 SSIOBSERVER vereret, nons.
1872 1073 2605 1138 Büro für Zeitungsnachrichten
1875 1116 2629 1176 WIEN I, WOLLZEILE 1
1825 1195 1869 1246 —
1735 1241 1888 1327 8|5
2005 1271 2412 1363 Tolkszeitung, Wien
2030 1341 2443 1440 28 FPR 103
1878 1471 2518 1605 Neue Filme
1836 1588 2558 1697 Verfilmter Schnitzler.
2075 1673 2302 1744 „Liebelek.“
1832 1723 2654 1800 Wenige Tage, nachdem Paula Wessely
1753 1774 2651 1826 in Schnitzlers Schauspiel „Liebelei“ wieder
1748 1824 2655 1873 einen großen Erfolg errungen hat, tritt das
1748 1855 2654 1908 Stück als Film vor die Oeffentlichkeit. Kluger¬
1751 1907 2657 1965 weise wird nicht versucht, das Theater photo¬
1746 1948 2646 2008 graphiert zu zeigen, sondern Schnitzler wirk¬
1751 1990 2655 2048 lich so zu behandeln, wie er für das Kino be¬
1742 2036 2644 2095 handelt sein will. Der Regisseur Max
1741 2077 2647 2136 Ophüls hat es verstanden, eine Reihe von
1735 2123 2652 2175 Aenderungen vorzunehmen, die aber das
1746 2165 2667 2219 spezifisch Schnitzlerische nicht ertöten. Vorzüg¬
1743 2208 2649 2264 lich ist der Hauch des Vorkrieges Wiens ein¬
1736 2247 2660 2305 gefangen, der uns aus den Stücken dieses
1742 2293 2203 2353 Dichters entgegenatmet.
1837 2316 2652 2385 Das eigentliche Altösterreichische, das
1739 2367 2648 2428 Spezifische von Schnitzlers „Liebelei“, bringen
1746 2414 2653 2468 aber die Künstler heraus. Allen voran Luise!
1743 2454 2655 2527 Ulrich als Mizzi Schlager. Man hat sie
1737 2496 2640 2558 schon oft als entzückendes, liebes Mädel ge¬
1741 2533 2655 2598 sehen, aber so reizend, so anmutig wienerisch!
1731 2572 2650 2647 und seelenvoll war sie noch nie; in der Freude
1738 2622 2648 2681 wie im Schmerz gleich lebenswahr, gleich
1741 2664 2643 2726 zwingend. Ihr steht als Partnerin Magda
1746 2716 2634 2773 Schneider gegenüber. Im Anfang etwas
1733 2755 2637 2814 spröd, nicht recht zu Hause im Milien, später
1729 2810 2634 2861 aber, wo sie die tragende Rolle übernimmt,
1732 2837 2643 2899 da kommt sie voll zur Geltung, und in der
1736 2869 2634 2944 Schlußszene erreicht Magda Schneider einen
1740 2925 2645 2982 Höhepunkt ihres schauspielerischen Könnens.
1812 2968 2642 3029 Neben diesen beiden Frauen treten die
1739 3013 2645 3071 andern, sehr gut profilierten Figuren zurück.
2342 3054 2639 3114 eine schöne,
1730 3059 2201 3114 Olga Tschechowa
1735 3093 2643 3164 verführerische Baronin, Gustav Gründ=,
1733 3135 2642 3199 gens ein vornehmer, standesbewußter
1720 3165 2644 3244 #deliger, Willi Hörbiger und Wolfgang
1725 3225 2642 3270 Liebeneiner geben die beiden jungen
1733 3261 2633 3325 Offiziere flott und ausdrucksvoll, Paul
1721 3316 2635 3370 Horbiger spielt einen verträumten Musiker
1730 3364 2651 3412 und Paul Otto einen würdevollen Major.
1737 3398 2637 3457 Theo Mackebens Musik umrahmt
1728 3436 2640 3497 „Liebelei“ im Film, wo es sich ebenso durchsetzt
1735 3483 2532 3528 wie auf dem Theater, auch wenn
1732 3518 2651 3586 Probleme, die den Dichter erfüllten, heute
1724 3564 2354 3636 längst nicht mehr aktuell sind.
