3484 4256
417 194 778 267 Liebele
239 175 1404 308 5. Lresssel box 12//7
2339 1677 2487 1765 G
2972 1686 3033 1766 —
1431 1758 3385 1834 führung. Die Wiedergabe, eine schwierige Auf= ein störendes Moment; sein Trachten ist: in
1462 1799 3390 1861 gabe, befriedigte bei allem Schö en nicht völlig; möglichster Vereinfachung und Zurückbrängun
328 1757 1212 1945 0.1 Feuilleton.
1443 1851 3390 1906 die Regie hatte, um den symbolischen Gehalt der alles Unwesentlichen in der Darstellung der Die
768 1865 1212 1948 Kleine Chronik.
1452 1877 3391 1958 Dichtung klar zum Ausbruck zu bringen, nicht tung wieder zu ihrem vollen Recht zu verhelsen
539 1930 1476 1988 Basler Theater. ea. Wenig, aber gut: das
1457 1931 3393 1986 nur in der Inszenierung, die ein wunde## ein= Wie eine Probe auf das Gesagte wirkte di
465 1957 1471 2039 war im November die Losung des Basler Schau¬
1458 1966 3383 2033 heitliches Bühnenbild bot, sondern auch in der wenige Tage später erfolgte Aufführung de
487 2014 1467 2068 spielbetriebs. Gleich zu Anfang des Monats gab
1471 2020 2445 2079 Darstellung eine streuge, konzentrierende Stilisie¬
2436 2027 3387 2082 „Räuber“ Noch nie ist uns Schillers stürmisch
487 2059 1464 2117 man Schnitzlers „Liebelei“ in neuer Ein¬
1463 2059 2440 2117 rung angestrebt. Nun ist es aber sehr schwer für
2433 2065 3395 2122 Jugendteugödie so nabe gekommen, nie haben wi
487 2103 1471 2159 studierung, und zwir — was bisher nie ge¬
1455 2111 2439 2173 den Schauspieler, in der Stilisierung die Vatür¬
2430 2103 3392 2160 ihr innerstes, unserer Zeit so verwandtes Leber
482 2153 640 2223 schah
619 2139 1464 2202 — zuerst als Volksvorstellung. Direktor
1456 2154 2444 2209 lichkeit, die ummittelbare Lebendigkeit nicht zu
2424 2146 3390 2210 so tief empfunden wie bei dieser Wiedergabe. Daß
489 2187 1462 2256 Lert leitete selbst mit seinen, verständnisvollen
1457 2190 2448 2260 verlieren, nicht zum bloßen abstrakten „Träger
2431 2193 3383 2262 woir die innersten Kräfte des Werkes diesmal
480 2237 1472 2299 Worten die Aufführung ein, die der Stimmung
1463 2242 2433 2293 einer Idee“ zu werden. Diese Gefahr ist denn
2437 2236 3389 2295 umittelher fühlten und erkannten, ist vor allen
478 2284 1477 2350 der zarten, bitterfüßen Liebesgeschichte windervoll
1463 2287 2447 2342 auch nur einer der Darsteller ganz ent#ingen,
2433 2283 3385 2336 das Verdienst der Spielleitung, die ohne Rücksich
1463 2319 2440 2379 der des Lindquist. Trotzdem darf man Der Theater¬
479 2327 1463 2371 gerecht wurde. Nicht ganz glücklich war der Ge¬
2432 2328 3398 2377 auf prüde Seelen die Dichtung da, wo sie in wil
480 2369 1468 2413 danke, das Werk des Wieners mit einer Komödie
1455 2371 2451 2444 leitung dankbar sein für die Vermittlung dieses
2429 2371 3388 2421 der Maßlosigkeit in kaltem Zynismus ihr Stärk
1450 2407 1652 2480 Werkes.
475 2409 1471 2474 des Pariser Gesellschaftskritikers Courteline
2432 2410 3391 2473 stes gibt, unverstümmelt ließ, während sie das
548 2459 1474 2522 seinem Einakter: Ein Stammgast zusammen¬
1513 2456 3397 2501 Ein Vortrag, den Direktor Lert kurzlichwas den „Räubern“ von fremd anmutender Sen
481 2483 1472 2547 zukoppeln. Courtelines groteske Tragikomödic,
1465 2480 3397 2546 über „die Entwicklung der Bühnen=timentalität anhaftet, auf ein Minimum redu
480 2527 1468 2600 die dem Advokatenstand im allgemeinen und ge¬
1454 2534 2438 2601 kunst“ hielt. festigte wohl in allen Zuhörern die
2427 2542 3389 2600 #ierte. Mit dieser Aufführung zeigte Direkto
478 2585 1477 2644 wissen Unsitten der französischen Rechtspflege im
1461 2589 2449 2656 Ueberzengung, daß das Basler Theater in ihm
2428 2592 3394 2650 Lert aufs neue, daß er nicht nur den Verehrern
316 2581 482 2680 —
484 2630 1479 2685 besondern scharf auf den Leib rückt, ist an sich
1458 2628 2443 2685 einen Führer gewonnen, der eine gründliche
2429 2630 3388 2683 des Neuen, sondern auch den Freunven des kost
488 2670 2453 2751 gewiß nicht zu verachten, aber nach Schnitzlers Kenntnis seines Arbeitsgebietes mi hohim,
2427 2670 3393 2733 baren, alten Erbgutes in der Dichtung Große
358 2707 419 2771 8
482 2719 1466 2763 „Liebelei"! Die Regie bemerkte nach der Erstauf¬
1458 2714 2435 2769 künstlerischem Ernst verbindet. Vor allem der
2438 2717 2982 2795 und Neues zu geben hat.
1463 2754 2451 2820 Dichtung gerecht werden, ihr Wesentliches der
476 2753 1475 2814 führung wohl selbst den Fehler, und bei den
2481 2762 3396 2827 Theaternotizen. Bei einem Novitäten= Einakter
486 2806 2429 2880 Wiederholungen wurde mit Courteline begonnen. Seele des Zuschauers unmittelbar nahe bringen:
2418 2805 3399 2875 abend am Frankfurter Schauspielhaus fanden „Die
369 2814 475 2908 12
557 2843 2441 2898 Strindbergs Passionsspiele „Ostern“, darin sieht Dr. Lert die Aufgabe der Regiekunst.
2428 2858 3398 2917 Versuchung des Diogenes", ein Spiel von Wil
451 2876 2438 2942 diese seelenerschütternde Familiengeschichte mit Das Raffinement, die allzu hoch entwickelte
2425 2894 3402 2980 helm Schmidtbonn, und „Pansanabum“, ei
421 2937 3396 3006 — dem versöhnenden Ausgang, erlebte die Erstauf= Bühnentechnik unserer Zeit empfindet er eher als rührendes Lustspiel von Herbert Enleuberg
984 3029 1461 3170 (W9 0—6 -
