<?xml version="1.0" encoding="UTF-8" standalone="yes"?>
<PcGts xmlns="http://schema.primaresearch.org/PAGE/gts/pagecontent/2013-07-15" xmlns:xsi="http://www.w3.org/2001/XMLSchema-instance" xsi:schemaLocation="http://schema.primaresearch.org/PAGE/gts/pagecontent/2013-07-15 http://schema.primaresearch.org/PAGE/gts/pagecontent/2013-07-15/pagecontent.xsd">
    <Metadata>
        <Creator>prov=University of Rostock/Institute of Mathematics/CITlab/Gundram Leifert/gundram.leifert@uni-rostock.de:name=ONB_Newseye_GT_M1+(htr_id=10810)::::v=2.4.2
prov=University of Rostock/Institute of Mathematics/CITlab/Tobias Gruening/tobias.gruening@uni-rostock.de:name=de.uros.citlab.module.baseline2polygon.B2PSeamMultiOriented:v=2.4.2
prov=University of Rostock/Institute of Mathematics/CITlab/Tobias Gruening/tobias.gruening@uni-rostock.de:name=/mnt/transkribus/LA/DEA/URO/LA_news_onb_att.pb:de.uros.citlab.segmentation.CITlab_LA_ML:v=2.4.2
Transkribus</Creator>
        <Created>2019-10-07T11:58:42.126+02:00</Created>
        <LastChange>2019-10-09T12:22:16.607+02:00</LastChange>
        <TranskribusMetadata docId="223992" pageId="9509087" pageNr="1199" tsid="16649821" status="IN_PROGRESS" userId="40391" imgUrl="https://files.transkribus.eu/Get?id=CUCRIMYELNEYZPZFBIVBYJVD&amp;fileType=view" xmlUrl="https://files.transkribus.eu/Get?id=BPFHCBTVIJYOTWLJMAGZEQYO" imageId="6198092"/>
    </Metadata>
    <Page imageFilename="223992_1199.jpeg" imageWidth="3532" imageHeight="4352">
        <ReadingOrder>
            <OrderedGroup id="ro_1711446192403" caption="Regions reading order">
                <RegionRefIndexed index="0" regionRef="r1"/>
                <RegionRefIndexed index="1" regionRef="r2"/>
            </OrderedGroup>
        </ReadingOrder>
        <TextRegion orientation="0.0" id="r1" custom="readingOrder {index:0;}">
            <Coords points="299,297 299,4247 2753,4247 2753,297"/>
            <TextLine id="r1l1" custom="readingOrder {index:0;}">
                <Coords points="448,333 825,336 836,333 835,272 758,290 719,269 672,286 638,268 603,282 446,278"/>
                <Baseline points="455,331 481,328 508,326 535,325 561,324 588,323 615,323 642,322 668,322 695,322 722,321 748,321 775,321 802,321 829,321"/>
                <TextEquiv>
                    <Unicode>Liebelei</Unicode>
                </TextEquiv>
            </TextLine>
            <TextLine id="r1l2" custom="readingOrder {index:1;}">
                <Coords points="292,325 751,371 988,328 1431,328 1429,254 1385,245 1177,279 1053,256 965,316 678,336 466,330 291,263"/>
                <Baseline points="299,325 355,333 411,340 467,346 524,349 580,351 636,351 692,350 749,348 805,345 861,342 917,338 974,334 1030,330 1086,326 1142,323 1199,320 1255,318 1311,317 1367,317 1424,318"/>
                <TextEquiv>
                    <Unicode>5 box 12/5</Unicode>
                </TextEquiv>
            </TextLine>
            <TextLine id="r1l3" custom="readingOrder {index:2;}">
                <Coords points="1339,1186 1366,1176 1406,1193 1463,1178 1477,1186 1492,1175 1526,1184 1560,1165 1601,1178 1598,1016 1468,1064 1451,1061 1427,1082 1338,1096"/>
                <Baseline points="1347,1186 1374,1184 1402,1182 1429,1180 1457,1178 1484,1177 1512,1177 1539,1178 1567,1180 1595,1184"/>
                <TextEquiv>
                    <Unicode>9</Unicode>
                </TextEquiv>
            </TextLine>
            <TextLine id="r1l4" custom="readingOrder {index:3;}">
                <Coords points="682,1246 746,1244 818,1218 888,1234 912,1223 953,1242 1054,1210 1095,1219 1096,1112 1019,1126 978,1101 908,1106 826,1060 798,1070 766,1051 684,1075"/>
                <Baseline points="690,1217 716,1214 743,1213 769,1212 796,1213 822,1214 849,1215 875,1216 902,1218 928,1219 955,1220 981,1220 1008,1219 1034,1217 1061,1214 1088,1209"/>
                <TextEquiv>
                    <Unicode>Lale</Unicode>
                </TextEquiv>
            </TextLine>
            <TextLine id="r1l5" custom="readingOrder {index:4;}">
                <Coords points="1074,1736 1418,1694 1468,1722 1498,1697 1602,1729 1900,1729 1951,1719 1952,1685 1836,1649 1795,1665 1752,1623 1703,1657 1522,1618 1383,1671 1200,1611 1076,1644"/>
                <Baseline points="1082,1696 1125,1699 1168,1702 1211,1704 1254,1706 1297,1708 1340,1710 1383,1711 1426,1713 1469,1714 1513,1715 1556,1716 1599,1716 1642,1717 1685,1717 1728,1717 1771,1718 1814,1717 1857,1717 1900,1717 1944,1716"/>
                <TextEquiv>
                    <Unicode></Unicode>
                </TextEquiv>
            </TextLine>
            <TextLine id="r1l6" custom="readingOrder {index:5;}">
                <Coords points="1894,2170 1960,2194 2560,2187 2712,2165 2713,2115 2614,2091 2292,2139 2175,2103 1894,2139"/>
                <Baseline points="1901,2168 1941,2169 1981,2169 2021,2170 2062,2170 2102,2170 2142,2171 2182,2171 2223,2171 2263,2171 2303,2170 2343,2170 2384,2170 2424,2169 2464,2168 2504,2168 2545,2167 2585,2166 2625,2165 2665,2164 2706,2162"/>
                <TextEquiv>
                    <Unicode>Daß diese Behauptung übertrieben</Unicode>
                </TextEquiv>
            </TextLine>
            <TextLine id="r1l7" custom="readingOrder {index:6;}">
                <Coords points="1832,2235 2434,2251 2689,2234 2710,2192 1832,2193"/>
                <Baseline points="1839,2231 1882,2232 1925,2233 1968,2234 2011,2234 2055,2234 2098,2234 2141,2233 2184,2232 2227,2231 2271,2230 2314,2229 2357,2228 2400,2227 2443,2226 2487,2225 2530,2224 2573,2223 2616,2222 2659,2222 2703,2222"/>
                <TextEquiv>
                    <Unicode>ist, will ich nur an einem Beispiel</Unicode>
                </TextEquiv>
            </TextLine>
            <TextLine id="r1l8" custom="readingOrder {index:7;}">
                <Coords points="648,2231 744,2260 1535,2240 1544,2172 1344,2163 1210,2195 1003,2162 647,2205"/>
                <Baseline points="655,2236 699,2235 743,2234 787,2233 831,2232 875,2232 919,2231 963,2231 1007,2230 1051,2230 1096,2229 1140,2229 1184,2228 1228,2228 1272,2227 1316,2227 1360,2226 1404,2226 1448,2225 1492,2224 1537,2223"/>
                <TextEquiv>
                    <Unicode>handelnden Personen, die Färbung</Unicode>
                </TextEquiv>
            </TextLine>
            <TextLine id="r1l9" custom="readingOrder {index:8;}">
                <Coords points="666,2326 1227,2281 1547,2291 1546,2247 1395,2238 665,2262"/>
                <Baseline points="673,2291 716,2291 759,2291 802,2292 846,2292 889,2291 932,2291 976,2291 1019,2290 1062,2290 1106,2289 1149,2288 1192,2287 1235,2286 1279,2286 1322,2285 1365,2284 1409,2283 1452,2282 1495,2282 1539,2281"/>
                <TextEquiv>
                    <Unicode>des Tones so intensiv wahrnehmen,</Unicode>
                </TextEquiv>
            </TextLine>
            <TextLine id="r1l10" custom="readingOrder {index:9;}">
                <Coords points="1838,2307 2626,2304 2699,2289 2698,2233 1837,2264"/>
                <Baseline points="1844,2295 1886,2293 1928,2293 1971,2291 2013,2290 2056,2290 2098,2289 2140,2289 2183,2288 2225,2288 2268,2287 2310,2287 2352,2287 2395,2286 2437,2286 2480,2285 2522,2285 2564,2284 2607,2284 2649,2283 2692,2282"/>
                <TextEquiv>
                    <Unicode>zeigen. In diesem Tagen ist Schnitz¬</Unicode>
                </TextEquiv>
            </TextLine>
            <TextLine id="r1l11" custom="readingOrder {index:10;}">
                <Coords points="1850,2362 2629,2362 2704,2337 2704,2313 2614,2296 2049,2300 1961,2336 1850,2308"/>
                <Baseline points="1858,2356 1900,2354 1942,2352 1984,2350 2026,2349 2068,2348 2110,2347 2152,2346 2194,2345 2236,2345 2278,2344 2320,2344 2362,2343 2404,2343 2446,2343 2488,2343 2530,2342 2572,2342 2614,2342 2656,2342 2698,2342"/>
                <TextEquiv>
                    <Unicode>lers „Liebelei“ zur Aufführung ge¬</Unicode>
                </TextEquiv>
            </TextLine>
            <TextLine id="r1l12" custom="readingOrder {index:11;}">
                <Coords points="668,2357 1426,2360 1534,2335 1533,2290 668,2326"/>
                <Baseline points="675,2350 717,2352 760,2352 802,2353 845,2353 888,2352 930,2352 973,2351 1015,2350 1058,2349 1101,2347 1143,2346 1186,2345 1228,2343 1271,2342 1314,2341 1356,2340 1399,2339 1441,2338 1484,2338 1527,2338"/>
                <TextEquiv>
                    <Unicode>als beim Vertiefen in eine literarisch¬</Unicode>
                </TextEquiv>
            </TextLine>
            <TextLine id="r1l13" custom="readingOrder {index:12;}">
                <Coords points="1853,2427 2665,2417 2718,2410 2717,2365 2264,2354 1915,2385 1851,2361"/>
                <Baseline points="1860,2414 1902,2413 1945,2412 1987,2411 2030,2410 2072,2409 2115,2408 2157,2407 2200,2406 2242,2405 2285,2404 2328,2404 2370,2403 2413,2402 2455,2402 2498,2401 2540,2400 2583,2399 2625,2398 2668,2398 2711,2397"/>
                <TextEquiv>
                    <Unicode>kommen; dieser Film ist deshalb sehr</Unicode>
                </TextEquiv>
            </TextLine>
            <TextLine id="r1l14" custom="readingOrder {index:13;}">
                <Coords points="673,2429 1552,2399 1537,2360 1330,2350 1277,2372 1042,2354 994,2391 914,2363 672,2384"/>
                <Baseline points="680,2414 723,2413 766,2413 809,2413 853,2412 896,2412 939,2411 982,2410 1026,2410 1069,2409 1112,2408 1155,2407 1199,2407 1242,2406 1285,2404 1328,2403 1372,2402 1415,2401 1458,2399 1501,2398 1545,2397"/>
                <TextEquiv>
                    <Unicode>künstlerische Schöpfung, bei einem</Unicode>
                </TextEquiv>
            </TextLine>
            <TextLine id="r1l15" custom="readingOrder {index:14;}">
                <Coords points="1852,2477 2615,2459 2707,2481 2705,2413 1851,2424"/>
                <Baseline points="1859,2474 1901,2474 1943,2473 1985,2472 2027,2471 2069,2470 2111,2470 2153,2469 2195,2468 2237,2467 2279,2467 2321,2466 2363,2465 2405,2464 2447,2463 2489,2463 2531,2462 2573,2461 2615,2460 2657,2460 2699,2459"/>
                <TextEquiv>
                    <Unicode>geeignet (ganz zufällig), obige Be¬</Unicode>
                </TextEquiv>
            </TextLine>
            <TextLine id="r1l16" custom="readingOrder {index:15;}">
                <Coords points="661,2490 1487,2477 1529,2426 1195,2408 1013,2438 912,2416 659,2435"/>
                <Baseline points="667,2472 709,2473 752,2473 795,2474 838,2473 881,2473 923,2472 966,2471 1009,2471 1052,2469 1095,2468 1137,2467 1180,2465 1223,2464 1266,2463 1309,2461 1351,2461 1394,2460 1437,2459 1480,2458 1523,2458"/>
                <TextEquiv>
                    <Unicode>stummen Roman? Sind Sie nicht da¬</Unicode>
                </TextEquiv>
            </TextLine>
            <TextLine id="r1l17" custom="readingOrder {index:16;}">
                <Coords points="678,2538 1356,2543 1549,2516 1548,2479 677,2507"/>
                <Baseline points="684,2533 726,2531 769,2531 812,2529 855,2528 898,2527 941,2526 984,2526 1027,2525 1070,2524 1113,2524 1155,2523 1198,2522 1241,2521 1284,2520 1327,2520 1370,2519 1413,2518 1456,2517 1499,2516 1542,2515"/>
                <TextEquiv>
                    <Unicode>zu fähig, sehr geehrter Herr Engel, ist</Unicode>
                </TextEquiv>
            </TextLine>
            <TextLine id="r1l18" custom="readingOrder {index:17;}">
                <Coords points="1851,2543 2585,2522 2662,2546 2700,2521 2699,2481 2578,2469 2477,2494 1850,2493"/>
                <Baseline points="1858,2532 1899,2531 1941,2531 1983,2530 2025,2529 2066,2528 2108,2527 2150,2527 2192,2526 2233,2525 2275,2524 2317,2523 2359,2523 2400,2522 2442,2522 2484,2521 2526,2520 2567,2520 2609,2520 2651,2519 2693,2519"/>
                <TextEquiv>
                    <Unicode>hauptungen zu widerlegen, weil ge¬</Unicode>
                </TextEquiv>
            </TextLine>
            <TextLine id="r1l19" custom="readingOrder {index:18;}">
                <Coords points="1848,2613 2423,2582 2590,2606 2722,2585 2721,2527 2372,2555 1890,2539 1847,2566"/>
                <Baseline points="1854,2588 1897,2587 1940,2587 1983,2587 2026,2586 2069,2586 2112,2586 2155,2585 2198,2585 2241,2585 2284,2584 2327,2584 2370,2583 2413,2583 2456,2582 2499,2581 2542,2580 2585,2578 2628,2577 2671,2575 2715,2573"/>
                <TextEquiv>
                    <Unicode>rade „Liebelei“ ein Drama ist, wo auf</Unicode>
                </TextEquiv>
            </TextLine>
            <TextLine id="r1l20" custom="readingOrder {index:19;}">
                <Coords points="674,2595 1081,2608 1364,2579 1432,2606 1547,2574 1546,2551 1423,2531 673,2553"/>
                <Baseline points="681,2593 726,2592 771,2591 816,2591 861,2590 907,2589 952,2588 997,2588 1042,2587 1087,2586 1133,2585 1178,2584 1223,2583 1268,2582 1313,2581 1359,2580 1404,2579 1449,2577 1494,2576 1540,2575"/>
                <TextEquiv>
                    <Unicode>hier nicht jeder und noch so vollkom¬</Unicode>
                </TextEquiv>
            </TextLine>
            <TextLine id="r1l21" custom="readingOrder {index:20;}">
                <Coords points="658,2657 793,2665 892,2629 955,2666 1546,2643 1485,2585 657,2615"/>
                <Baseline points="665,2647 708,2647 752,2647 796,2646 839,2646 883,2645 927,2645 970,2644 1014,2643 1058,2642 1102,2641 1145,2640 1189,2639 1233,2639 1276,2638 1320,2637 1364,2636 1407,2635 1451,2635 1495,2634 1539,2633"/>
                <TextEquiv>
                    <Unicode>mener Synchronismus zwischen</Unicode>
                </TextEquiv>
            </TextLine>
            <TextLine id="r1l22" custom="readingOrder {index:21;}">
                <Coords points="1847,2644 2637,2654 2722,2606 2399,2586 1846,2615"/>
                <Baseline points="1854,2650 1897,2649 1940,2648 1983,2648 2026,2647 2069,2646 2112,2645 2155,2645 2198,2644 2241,2643 2284,2642 2327,2642 2370,2641 2413,2640 2456,2639 2499,2638 2542,2638 2585,2637 2628,2636 2671,2635 2715,2634"/>
                <TextEquiv>
                    <Unicode>der Bühne nur die Schnitzlersche</Unicode>
                </TextEquiv>
            </TextLine>
            <TextLine id="r1l23" custom="readingOrder {index:22;}">
                <Coords points="1844,2711 2150,2728 2728,2698 2709,2655 2466,2674 2381,2642 2240,2685 2063,2651 1843,2666"/>
                <Baseline points="1851,2707 1894,2706 1938,2705 1981,2704 2025,2704 2068,2703 2112,2703 2155,2702 2199,2702 2242,2701 2286,2701 2329,2701 2373,2700 2416,2700 2460,2699 2503,2698 2547,2698 2590,2697 2634,2696 2677,2695 2721,2693"/>
                <TextEquiv>
                    <Unicode>Dramatisierung das Kunstinteresse</Unicode>
                </TextEquiv>
            </TextLine>
            <TextLine id="r1l24" custom="readingOrder {index:23;}">
                <Coords points="660,2703 927,2727 1550,2697 1550,2664 1493,2644 795,2679 660,2652"/>
                <Baseline points="668,2706 711,2706 755,2705 799,2705 843,2704 886,2704 930,2703 974,2702 1018,2702 1061,2701 1105,2700 1149,2700 1193,2699 1236,2699 1280,2698 1324,2698 1368,2697 1411,2697 1455,2697 1499,2697 1543,2697"/>
                <TextEquiv>
                    <Unicode>Grammophon und Film überflüssig,</Unicode>
                </TextEquiv>
            </TextLine>
            <TextLine id="r1l25" custom="readingOrder {index:24;}">
                <Coords points="656,2758 737,2788 1515,2763 1514,2715 1472,2703 1292,2730 655,2719"/>
                <Baseline points="663,2764 705,2764 747,2764 789,2764 831,2763 874,2763 916,2763 958,2762 1000,2761 1042,2761 1085,2760 1127,2760 1169,2759 1211,2758 1253,2757 1296,2756 1338,2755 1380,2755 1422,2753 1464,2752 1507,2751"/>
                <TextEquiv>
                    <Unicode>hochgeschätzter Herr Moszkowski?</Unicode>
                </TextEquiv>
            </TextLine>
            <TextLine id="r1l26" custom="readingOrder {index:25;}">
                <Coords points="1850,2751 1946,2780 2649,2775 2707,2755 2707,2718 1850,2726"/>
                <Baseline points="1857,2766 1899,2766 1941,2765 1983,2764 2025,2764 2068,2763 2110,2763 2152,2763 2194,2762 2236,2762 2279,2761 2321,2761 2363,2760 2405,2760 2447,2759 2490,2759 2532,2758 2574,2756 2616,2755 2658,2754 2701,2753"/>
                <TextEquiv>
                    <Unicode>erweckt. Handlung ist eigentlich gar</Unicode>
                </TextEquiv>
            </TextLine>
            <TextLine id="r1l27" custom="readingOrder {index:26;}">
                <Coords points="743,2827 981,2848 1044,2820 1540,2826 1539,2772 1471,2759 1314,2791 742,2775"/>
                <Baseline points="750,2824 789,2823 828,2822 867,2821 906,2820 945,2820 984,2819 1023,2818 1062,2818 1101,2817 1141,2816 1180,2816 1219,2815 1258,2815 1297,2814 1336,2814 1375,2814 1414,2813 1453,2813 1492,2813 1532,2813"/>
                <TextEquiv>
                    <Unicode>Wir glauben auch ferner, daß eine</Unicode>
                </TextEquiv>
            </TextLine>
            <TextLine id="r1l28" custom="readingOrder {index:27;}">
                <Coords points="1859,2836 2055,2826 2090,2848 2389,2813 2636,2841 2710,2809 2710,2784 2041,2768 1859,2791"/>
                <Baseline points="1866,2827 1907,2826 1949,2825 1991,2824 2033,2823 2075,2823 2117,2822 2158,2821 2200,2821 2242,2820 2284,2820 2326,2820 2368,2819 2410,2819 2451,2818 2493,2818 2535,2817 2577,2817 2619,2816 2661,2815 2703,2814"/>
                <TextEquiv>
                    <Unicode>wenig. Und siehe dal Der verpönt¬</Unicode>
                </TextEquiv>
            </TextLine>
            <TextLine id="r1l29" custom="readingOrder {index:28;}">
                <Coords points="676,2891 1519,2883 1532,2827 675,2849"/>
                <Baseline points="682,2884 724,2883 766,2883 808,2882 850,2882 892,2881 934,2880 977,2880 1019,2879 1061,2878 1103,2877 1145,2876 1187,2876 1229,2875 1272,2874 1314,2874 1356,2873 1398,2873 1440,2873 1482,2873 1525,2873"/>
                <TextEquiv>
                    <Unicode>den Sujets streng angepaßte künst¬</Unicode>
                </TextEquiv>
            </TextLine>
            <TextLine id="r1l30" custom="readingOrder {index:29;}">
                <Coords points="1859,2905 2713,2869 2676,2842 2401,2823 2359,2848 1858,2843"/>
                <Baseline points="1865,2885 1907,2885 1949,2885 1991,2884 2033,2884 2075,2883 2117,2883 2159,2882 2201,2881 2243,2881 2285,2880 2327,2879 2369,2878 2411,2877 2453,2876 2495,2875 2537,2874 2579,2873 2621,2872 2663,2871 2706,2869"/>
                <TextEquiv>
                    <Unicode>Film bringt uns einen subtil spannen¬</Unicode>
                </TextEquiv>
            </TextLine>
            <TextLine id="r1l31" custom="readingOrder {index:30;}">
                <Coords points="660,2945 1538,2948 1537,2885 659,2900"/>
                <Baseline points="667,2943 710,2943 753,2943 796,2943 839,2942 883,2941 926,2940 969,2939 1012,2939 1055,2937 1099,2936 1142,2935 1185,2934 1228,2933 1271,2932 1315,2932 1358,2931 1401,2930 1444,2930 1487,2930 1531,2930"/>
                <TextEquiv>
                    <Unicode>lerisch-musikalische Begleitung viel,</Unicode>
                </TextEquiv>
            </TextLine>
            <TextLine id="r1l32" custom="readingOrder {index:31;}">
                <Coords points="1865,2949 2283,2939 2313,2965 2366,2939 2714,2940 2704,2869 2465,2905 2382,2882 2327,2905 1864,2904"/>
                <Baseline points="1872,2948 1913,2946 1955,2945 1997,2943 2039,2942 2080,2940 2122,2940 2164,2939 2206,2938 2247,2937 2289,2937 2331,2936 2373,2936 2414,2935 2456,2934 2498,2934 2540,2933 2581,2932 2623,2931 2665,2929 2707,2927"/>
                <TextEquiv>
                    <Unicode>den Stoff; gerade der Film „Liebelei“</Unicode>
                </TextEquiv>
            </TextLine>
            <TextLine id="r1l33" custom="readingOrder {index:32;}">
                <Coords points="675,3013 1542,2992 1541,2949 1403,2945 675,2967"/>
                <Baseline points="682,3002 724,3001 767,3001 809,3000 852,3000 895,2999 937,2999 980,2998 1023,2998 1065,2997 1108,2997 1151,2996 1193,2996 1236,2995 1279,2995 1321,2994 1364,2993 1407,2993 1449,2992 1492,2991 1535,2990"/>
                <TextEquiv>
                    <Unicode>viel stilgemäßer ist, viel illustrieren¬</Unicode>
                </TextEquiv>
            </TextLine>
            <TextLine id="r1l34" custom="readingOrder {index:33;}">
                <Coords points="1859,3025 2724,2996 2723,2952 2548,2937 2367,2939 2287,2971 1858,2970"/>
                <Baseline points="1866,3004 1908,3002 1951,3002 1993,3001 2036,3000 2078,2999 2121,2999 2163,2998 2206,2998 2248,2997 2291,2997 2334,2996 2376,2995 2419,2995 2461,2994 2504,2993 2546,2992 2589,2991 2631,2990 2674,2989 2717,2987"/>
                <TextEquiv>
                    <Unicode>steigert uns gegen den Schluß der¬</Unicode>
                </TextEquiv>
            </TextLine>
            <TextLine id="r1l35" custom="readingOrder {index:34;}">
                <Coords points="672,3068 949,3059 1085,3077 1289,3051 1244,3015 1186,3006 1140,3027 999,3004 887,3029 808,3012 781,3032 733,3016 672,3031"/>
                <Baseline points="679,3059 709,3059 739,3059 769,3058 799,3058 829,3057 859,3056 889,3056 919,3055 949,3055 980,3054 1010,3053 1040,3052 1070,3052 1100,3051 1130,3051 1160,3051 1190,3050 1220,3050 1250,3050 1281,3050"/>
                <TextEquiv>
                    <Unicode>der als ein Grammophon.</Unicode>
                </TextEquiv>
            </TextLine>
            <TextLine id="r1l36" custom="readingOrder {index:35;}">
                <Coords points="1862,3073 2727,3062 2726,3021 2647,2999 2566,3026 2469,2998 2376,3028 1862,3023"/>
                <Baseline points="1870,3063 1912,3062 1955,3061 1997,3060 2040,3059 2082,3059 2125,3058 2167,3057 2210,3056 2252,3056 2295,3056 2337,3055 2380,3054 2422,3053 2465,3053 2507,3052 2550,3052 2592,3051 2635,3050 2677,3049 2720,3048"/>
                <TextEquiv>
                    <Unicode>maßen zu einer dramatischen Stim¬</Unicode>
                </TextEquiv>
            </TextLine>
            <TextLine id="r1l37" custom="readingOrder {index:36;}">
                <Coords points="761,3125 1552,3114 1551,3075 1516,3060 1070,3090 989,3066 967,3087 760,3071"/>
                <Baseline points="768,3116 806,3115 845,3115 884,3115 923,3114 962,3114 1001,3113 1039,3113 1078,3112 1117,3112 1156,3111 1195,3111 1234,3110 1273,3110 1311,3109 1350,3109 1389,3109 1428,3108 1467,3108 1506,3108 1545,3107"/>
                <TextEquiv>
                    <Unicode>Und jetzt zu dem zweiten, nicht</Unicode>
                </TextEquiv>
            </TextLine>
            <TextLine id="r1l38" custom="readingOrder {index:37;}">
                <Coords points="1867,3129 2682,3128 2735,3073 2590,3055 2525,3083 2083,3070 1867,3094"/>
                <Baseline points="1874,3123 1916,3121 1959,3120 2002,3119 2045,3118 2087,3116 2130,3115 2173,3114 2216,3114 2258,3113 2301,3112 2344,3112 2387,3111 2429,3111 2472,3110 2515,3110 2558,3109 2600,3109 2643,3108 2686,3108 2729,3107"/>
                <TextEquiv>
                    <Unicode>mung, welche wir in der Sprechbühne</Unicode>
                </TextEquiv>
            </TextLine>
            <TextLine id="r1l39" custom="readingOrder {index:38;}">
                <Coords points="679,3181 1471,3183 1550,3168 1549,3123 678,3150"/>
                <Baseline points="685,3175 727,3175 770,3175 813,3175 856,3175 899,3174 942,3174 985,3173 1028,3172 1071,3172 1114,3171 1156,3170 1199,3170 1242,3169 1285,3168 1328,3168 1371,3168 1414,3167 1457,3168 1500,3168 1543,3169"/>
                <TextEquiv>
                    <Unicode>weniger interessanten Artikel des</Unicode>
                </TextEquiv>
            </TextLine>
            <TextLine id="r1l40" custom="readingOrder {index:39;}">
                <Coords points="1855,3183 2203,3200 2537,3166 2588,3189 2726,3177 2725,3121 1854,3147"/>
                <Baseline points="1862,3180 1904,3179 1947,3179 1990,3179 2033,3178 2076,3178 2119,3177 2161,3177 2204,3176 2247,3176 2290,3175 2333,3174 2376,3173 2419,3172 2461,3171 2504,3170 2547,3169 2590,3167 2633,3165 2676,3164 2719,3162"/>
                <TextEquiv>
                    <Unicode>nur sehr selten erlebt haben. Soll ich</Unicode>
                </TextEquiv>
            </TextLine>
            <TextLine id="r1l41" custom="readingOrder {index:40;}">
                <Coords points="684,3247 851,3229 958,3263 1016,3234 1558,3222 1557,3174 1529,3172 1068,3207 991,3183 683,3195"/>
                <Baseline points="691,3234 734,3235 777,3235 820,3235 863,3234 906,3234 949,3234 992,3233 1035,3232 1078,3232 1121,3231 1164,3230 1207,3229 1250,3228 1293,3227 1336,3226 1379,3225 1422,3224 1465,3223 1508,3222 1551,3221"/>
                <TextEquiv>
                    <Unicode>Herrn Engel zurück: Der Artikel</Unicode>
                </TextEquiv>
            </TextLine>
            <TextLine id="r1l42" custom="readingOrder {index:41;}">
                <Coords points="1859,3236 2045,3259 2354,3220 2736,3234 2735,3193 2687,3177 2469,3173 2400,3210 2324,3178 1858,3207"/>
                <Baseline points="1866,3240 1909,3238 1952,3237 1995,3236 2038,3234 2081,3233 2124,3233 2167,3232 2210,3231 2253,3231 2297,3230 2340,3230 2383,3229 2426,3229 2469,3228 2512,3228 2555,3227 2598,3226 2641,3226 2684,3225 2728,3224"/>
                <TextEquiv>
                    <Unicode>noch weiter gehen? — Welche wir</Unicode>
                </TextEquiv>
            </TextLine>
            <TextLine id="r1l43" custom="readingOrder {index:42;}">
                <Coords points="680,3314 1551,3302 1550,3251 679,3266"/>
                <Baseline points="686,3297 728,3296 771,3296 814,3295 857,3295 900,3294 943,3293 986,3293 1029,3292 1072,3291 1115,3290 1157,3290 1200,3289 1243,3288 1286,3287 1329,3286 1372,3285 1415,3285 1458,3283 1501,3283 1544,3282"/>
                <TextEquiv>
                    <Unicode>spricht gegen das Kino. Die Intonatien</Unicode>
                </TextEquiv>
            </TextLine>
            <TextLine id="r1l44" custom="readingOrder {index:43;}">
                <Coords points="1871,3307 2104,3324 2745,3280 2744,3246 2703,3233 2377,3263 2290,3236 1926,3270 1870,3248"/>
                <Baseline points="1878,3298 1921,3297 1964,3297 2007,3296 2050,3295 2093,3295 2136,3294 2179,3293 2222,3292 2265,3291 2308,3291 2351,3290 2394,3289 2437,3288 2480,3287 2523,3287 2566,3286 2609,3285 2652,3284 2695,3283 2738,3282"/>
                <TextEquiv>
                    <Unicode>bei dem Original Schnitzler nie und</Unicode>
                </TextEquiv>
            </TextLine>
            <TextLine id="r1l45" custom="readingOrder {index:44;}">
                <Coords points="1875,3355 2161,3377 2241,3352 2657,3359 2744,3338 2744,3309 1874,3322"/>
                <Baseline points="1882,3357 1924,3356 1967,3356 2010,3356 2053,3355 2095,3355 2138,3355 2181,3354 2224,3354 2266,3353 2309,3352 2352,3352 2395,3351 2437,3350 2480,3349 2523,3348 2566,3347 2608,3345 2651,3344 2694,3341 2737,3339"/>
                <TextEquiv>
                    <Unicode>nirgends gefühlt haben. Und nich!</Unicode>
                </TextEquiv>
            </TextLine>
            <TextLine id="r1l46" custom="readingOrder {index:45;}">
                <Coords points="677,3370 766,3352 924,3389 974,3360 1567,3354 1566,3311 1432,3294 1317,3319 677,3317"/>
                <Baseline points="684,3354 727,3355 771,3355 815,3356 859,3356 903,3355 946,3355 990,3354 1034,3353 1078,3353 1122,3351 1165,3350 1209,3349 1253,3348 1297,3347 1341,3346 1384,3346 1428,3345 1472,3344 1516,3344 1560,3344"/>
                <TextEquiv>
                    <Unicode>ist richtig und kompromiert sich zu</Unicode>
                </TextEquiv>
            </TextLine>
            <TextLine id="r1l47" custom="readingOrder {index:46;}">
                <Coords points="677,3435 1514,3419 1561,3402 1561,3363 675,3369"/>
                <Baseline points="684,3418 727,3417 771,3416 814,3416 858,3414 901,3413 945,3412 988,3411 1032,3410 1075,3408 1119,3407 1162,3406 1206,3405 1249,3404 1293,3403 1336,3403 1380,3402 1423,3402 1467,3402 1510,3402 1554,3402"/>
                <TextEquiv>
                    <Unicode>der auch von uns festgestellten Tat¬</Unicode>
                </TextEquiv>
            </TextLine>
            <TextLine id="r1l48" custom="readingOrder {index:47;}">
                <Coords points="1875,3414 1944,3436 2183,3412 2345,3433 2460,3405 2558,3426 2688,3417 2726,3405 2726,3373 2472,3348 1874,3385"/>
                <Baseline points="1882,3419 1923,3417 1965,3417 2007,3415 2049,3414 2091,3413 2133,3412 2174,3411 2216,3410 2258,3409 2300,3409 2342,3408 2384,3407 2426,3407 2467,3406 2509,3405 2551,3405 2593,3404 2635,3403 2677,3402 2719,3401"/>
                <TextEquiv>
                    <Unicode>etwa bombaslische Mittel, Sensations¬</Unicode>
                </TextEquiv>
            </TextLine>
            <TextLine id="r1l49" custom="readingOrder {index:48;}">
                <Coords points="1871,3480 2315,3495 2395,3461 2735,3465 2734,3410 2699,3408 1871,3450"/>
                <Baseline points="1878,3477 1920,3476 1963,3474 2005,3473 2048,3471 2090,3470 2133,3470 2175,3469 2218,3468 2260,3467 2303,3467 2345,3466 2388,3466 2430,3465 2473,3464 2515,3463 2558,3462 2600,3461 2643,3459 2685,3458 2728,3456"/>
                <TextEquiv>
                    <Unicode>sang und Klang, eine einfache Staf¬</Unicode>
                </TextEquiv>
            </TextLine>
            <TextLine id="r1l50" custom="readingOrder {index:49;}">
                <Coords points="691,3483 1461,3478 1555,3459 1554,3414 690,3440"/>
                <Baseline points="698,3474 740,3474 783,3473 825,3473 868,3472 910,3472 953,3471 995,3470 1038,3469 1080,3469 1123,3468 1165,3467 1208,3466 1250,3465 1293,3464 1335,3463 1378,3462 1420,3461 1463,3460 1505,3459 1548,3458"/>
                <TextEquiv>
                    <Unicode>sache, daß der Film nur zur Belusti¬</Unicode>
                </TextEquiv>
            </TextLine>
            <TextLine id="r1l51" custom="readingOrder {index:50;}">
                <Coords points="696,3538 944,3554 1587,3516 1547,3478 1445,3471 695,3503"/>
                <Baseline points="703,3534 746,3533 790,3532 834,3531 878,3530 922,3529 965,3528 1009,3528 1053,3527 1097,3526 1141,3526 1184,3525 1228,3524 1272,3524 1316,3523 1360,3522 1403,3522 1447,3521 1491,3520 1535,3519 1579,3518"/>
                <TextEquiv>
                    <Unicode>gung geeignet, von den künstlerischen</Unicode>
                </TextEquiv>
            </TextLine>
            <TextLine id="r1l52" custom="readingOrder {index:51;}">
                <Coords points="1874,3541 2738,3529 2737,3502 2627,3470 2567,3506 2468,3474 2319,3510 2259,3479 2184,3510 2014,3476 1873,3498"/>
                <Baseline points="1880,3536 1922,3535 1965,3534 2007,3534 2050,3533 2092,3532 2135,3531 2177,3529 2220,3528 2262,3527 2305,3526 2348,3525 2390,3524 2433,3523 2475,3522 2518,3521 2560,3520 2603,3519 2645,3518 2688,3518 2731,3517"/>
                <TextEquiv>
                    <Unicode>fage-Parade, ein einfaches Stim¬</Unicode>
                </TextEquiv>
            </TextLine>
            <TextLine id="r1l53" custom="readingOrder {index:52;}">
                <Coords points="1872,3603 2738,3578 2737,3541 2683,3531 2498,3557 1871,3543"/>
                <Baseline points="1879,3595 1921,3594 1964,3592 2006,3592 2049,3590 2092,3589 2134,3588 2177,3587 2219,3585 2262,3585 2305,3584 2347,3582 2390,3581 2432,3580 2475,3579 2518,3579 2560,3578 2603,3578 2645,3577 2688,3577 2731,3576"/>
                <TextEquiv>
                    <Unicode>mungsbild der Trauerszene, ohne die</Unicode>
                </TextEquiv>
            </TextLine>
            <TextLine id="r1l54" custom="readingOrder {index:53;}">
                <Coords points="706,3599 1440,3579 1546,3610 1574,3601 1574,3541 705,3554"/>
                <Baseline points="713,3591 755,3591 798,3590 841,3590 883,3589 926,3588 969,3587 1011,3586 1054,3586 1097,3585 1140,3584 1182,3584 1225,3583 1268,3582 1310,3581 1353,3581 1396,3581 1438,3580 1481,3580 1524,3580 1567,3580"/>
                <TextEquiv>
                    <Unicode>Ambitionen fern zu halten ist. Aber</Unicode>
                </TextEquiv>
            </TextLine>
            <TextLine id="r1l55" custom="readingOrder {index:54;}">
                <Coords points="696,3646 743,3669 1334,3652 1369,3647 1368,3584 1258,3608 1120,3590 1001,3615 818,3596 695,3613"/>
                <Baseline points="703,3647 735,3646 768,3646 801,3645 834,3644 867,3643 900,3643 933,3642 966,3642 999,3642 1032,3641 1064,3641 1097,3640 1130,3640 1163,3640 1196,3639 1229,3639 1262,3638 1295,3638 1328,3637 1361,3637"/>
                <TextEquiv>
                    <Unicode>nur in gegenwärtiger Form!</Unicode>
                </TextEquiv>
            </TextLine>
            <TextLine id="r1l56" custom="readingOrder {index:55;}">
                <Coords points="1882,3652 2384,3668 2474,3638 2670,3653 2748,3607 2371,3586 1881,3611"/>
                <Baseline points="1888,3647 1930,3647 1973,3646 2016,3646 2058,3646 2101,3645 2144,3645 2186,3645 2229,3644 2272,3644 2315,3644 2357,3643 2400,3642 2443,3642 2485,3641 2528,3641 2571,3639 2613,3638 2656,3637 2699,3635 2742,3634"/>
                <TextEquiv>
                    <Unicode>mystische Draperie,ohne die in ge¬</Unicode>
                </TextEquiv>
            </TextLine>
            <TextLine id="r1l57" custom="readingOrder {index:56;}">
                <Coords points="1881,3712 2745,3701 2744,3660 2703,3650 1880,3663"/>
                <Baseline points="1888,3706 1930,3706 1973,3705 2015,3705 2058,3704 2100,3703 2143,3702 2185,3702 2228,3701 2270,3700 2313,3699 2355,3698 2398,3697 2440,3696 2483,3695 2525,3694 2568,3692 2610,3692 2653,3690 2695,3689 2738,3688"/>
                <TextEquiv>
                    <Unicode>heimnisvollem Schattentanz schwel¬</Unicode>
                </TextEquiv>
            </TextLine>
            <TextLine id="r1l58" custom="readingOrder {index:57;}">
                <Coords points="770,3707 818,3727 1264,3697 1561,3716 1586,3665 1458,3665 1414,3638 1332,3669 1241,3643 942,3677 769,3652"/>
                <Baseline points="777,3706 817,3705 857,3705 897,3704 937,3704 977,3703 1017,3703 1057,3703 1097,3702 1137,3702 1178,3702 1218,3701 1258,3701 1298,3701 1338,3700 1378,3699 1418,3698 1458,3698 1498,3697 1538,3696 1579,3694"/>
                <TextEquiv>
                    <Unicode>In dem Artikel heißt es: „Ich muß</Unicode>
                </TextEquiv>
            </TextLine>
            <TextLine id="r1l59" custom="readingOrder {index:58;}">
                <Coords points="1880,3776 2758,3755 2696,3706 2634,3727 2494,3703 2277,3729 2135,3708 2091,3745 1979,3715 1879,3748"/>
                <Baseline points="1886,3768 1929,3767 1972,3767 2015,3766 2058,3765 2102,3764 2145,3763 2188,3761 2231,3760 2274,3759 2318,3757 2361,3755 2404,3754 2447,3753 2490,3752 2534,3750 2577,3750 2620,3749 2663,3748 2706,3748 2750,3748"/>
                <TextEquiv>
                    <Unicode>genden, flackernden Fackel-Requi¬</Unicode>
                </TextEquiv>
            </TextLine>
            <TextLine id="r1l60" custom="readingOrder {index:59;}">
                <Coords points="709,3764 1474,3771 1576,3752 1576,3721 709,3723"/>
                <Baseline points="716,3762 758,3762 801,3762 844,3762 886,3762 929,3762 972,3761 1014,3761 1057,3760 1100,3760 1143,3760 1185,3759 1228,3759 1271,3758 1313,3758 1356,3757 1399,3757 1441,3756 1484,3756 1527,3755 1570,3755"/>
                <TextEquiv>
                    <Unicode>widersprechen, wenn Sie (Mosz¬</Unicode>
                </TextEquiv>
            </TextLine>
            <TextLine id="r1l61" custom="readingOrder {index:60;}">
                <Coords points="1878,3834 2479,3836 2567,3806 2704,3826 2751,3781 2254,3768 1877,3796"/>
                <Baseline points="1885,3824 1930,3823 1975,3822 2020,3821 2065,3820 2111,3820 2156,3819 2201,3818 2246,3818 2291,3817 2337,3816 2382,3815 2427,3814 2472,3813 2517,3812 2563,3811 2608,3810 2653,3809 2698,3808 2744,3806"/>
                <TextEquiv>
                    <Unicode>siten, Tränen-Pumpen und vibrie¬</Unicode>
                </TextEquiv>
            </TextLine>
            <TextLine id="r1l62" custom="readingOrder {index:61;}">
                <Coords points="705,3831 1582,3832 1590,3792 1437,3764 704,3792"/>
                <Baseline points="712,3822 755,3822 799,3822 842,3821 886,3821 929,3820 973,3820 1016,3819 1060,3818 1103,3818 1147,3817 1191,3816 1234,3816 1278,3815 1321,3814 1365,3813 1408,3813 1452,3812 1495,3811 1539,3811 1583,3810"/>
                <TextEquiv>
                    <Unicode>kowski) mit möglichen technischen</Unicode>
                </TextEquiv>
            </TextLine>
            <TextLine id="r1l63" custom="readingOrder {index:62;}">
                <Coords points="1876,3886 2635,3888 2750,3848 2670,3820 2430,3851 2293,3832 2239,3862 2139,3829 1876,3847"/>
                <Baseline points="1883,3880 1926,3880 1969,3880 2012,3880 2055,3880 2098,3880 2141,3879 2184,3879 2227,3879 2270,3878 2313,3877 2356,3877 2399,3876 2442,3875 2485,3874 2528,3873 2571,3871 2614,3870 2657,3869 2700,3867 2743,3865"/>
                <TextEquiv>
                    <Unicode>rende Bariton frisch „aufgewärmt“</Unicode>
                </TextEquiv>
            </TextLine>
            <TextLine id="r1l64" custom="readingOrder {index:63;}">
                <Coords points="707,3874 801,3905 1074,3903 1151,3875 1421,3891 1570,3879 1570,3822 707,3840"/>
                <Baseline points="715,3881 757,3881 799,3881 842,3881 884,3881 927,3881 969,3880 1011,3880 1054,3879 1096,3878 1139,3877 1181,3877 1223,3876 1266,3875 1308,3874 1351,3873 1393,3872 1435,3871 1478,3871 1520,3870 1563,3869"/>
                <TextEquiv>
                    <Unicode>Vollendungen den Ruf aller derjeni¬</Unicode>
                </TextEquiv>
            </TextLine>
            <TextLine id="r1l65" custom="readingOrder {index:64;}">
                <Coords points="1885,3952 2726,3940 2752,3931 2751,3876 1884,3900"/>
                <Baseline points="1892,3938 1934,3939 1977,3940 2019,3940 2062,3940 2105,3939 2147,3939 2190,3938 2233,3937 2275,3936 2318,3935 2361,3934 2403,3932 2446,3932 2489,3931 2531,3929 2574,3929 2617,3928 2659,3928 2702,3928 2745,3928"/>
                <TextEquiv>
                    <Unicode>Hier wurde ad oculos demonstriert,</Unicode>
                </TextEquiv>
            </TextLine>
            <TextLine id="r1l66" custom="readingOrder {index:65;}">
                <Coords points="711,3956 1520,3939 1580,3898 1377,3871 1274,3905 1142,3882 710,3915"/>
                <Baseline points="718,3946 760,3944 803,3942 846,3941 889,3940 932,3939 974,3938 1017,3937 1060,3937 1103,3936 1146,3936 1188,3935 1231,3934 1274,3934 1317,3933 1360,3932 1402,3932 1445,3931 1488,3930 1531,3929 1574,3928"/>
                <TextEquiv>
                    <Unicode>gen ersticken wollen, welche in der</Unicode>
                </TextEquiv>
            </TextLine>
            <TextLine id="r1l67" custom="readingOrder {index:66;}">
                <Coords points="719,4007 811,4029 1073,3993 1363,4015 1541,3994 1587,3976 1587,3941 1186,3969 1080,3944 719,3957"/>
                <Baseline points="726,4001 768,3999 811,3998 854,3997 896,3996 939,3995 982,3994 1024,3994 1067,3993 1110,3992 1153,3992 1195,3991 1238,3991 1281,3990 1323,3990 1366,3989 1409,3988 1451,3987 1494,3986 1537,3985 1580,3983"/>
                <TextEquiv>
                    <Unicode>Institution des Kino, des gegenwärti¬</Unicode>
                </TextEquiv>
            </TextLine>
            <TextLine id="r1l68" custom="readingOrder {index:67;}">
                <Coords points="1898,4014 2642,4005 2752,3986 2752,3945 1896,3953"/>
                <Baseline points="1904,4002 1946,4001 1988,4001 2030,4000 2072,3999 2114,3998 2156,3996 2198,3995 2240,3994 2282,3993 2325,3991 2367,3990 2409,3989 2451,3988 2493,3987 2535,3987 2577,3986 2619,3985 2661,3985 2703,3986 2746,3986"/>
                <TextEquiv>
                    <Unicode>daß doch nicht, wenigstens nicht das</Unicode>
                </TextEquiv>
            </TextLine>
            <TextLine id="r1l69" custom="readingOrder {index:68;}">
                <Coords points="1892,4054 2026,4079 2604,4043 2715,4060 2742,4058 2741,4002 2300,4004 2070,4036 1891,4019"/>
                <Baseline points="1899,4059 1940,4058 1982,4058 2024,4057 2066,4056 2107,4055 2149,4054 2191,4053 2233,4052 2274,4051 2316,4050 2358,4049 2400,4048 2441,4047 2483,4046 2525,4045 2567,4044 2608,4043 2650,4042 2692,4041 2734,4040"/>
                <TextEquiv>
                    <Unicode>einzige „stärkste Instrument der seeli¬</Unicode>
                </TextEquiv>
            </TextLine>
            <TextLine id="r1l70" custom="readingOrder {index:69;}">
                <Coords points="715,4071 1579,4053 1578,4019 1520,3998 714,4033"/>
                <Baseline points="722,4060 764,4059 807,4058 849,4057 892,4056 934,4055 977,4054 1019,4054 1062,4053 1104,4052 1147,4051 1189,4051 1232,4050 1274,4049 1317,4048 1359,4048 1402,4047 1444,4047 1487,4046 1529,4045 1572,4044"/>
                <TextEquiv>
                    <Unicode>gen und des zukünftigen, eine Be¬</Unicode>
                </TextEquiv>
            </TextLine>
            <TextLine id="r1l71" custom="readingOrder {index:70;}">
                <Coords points="1894,4121 2641,4125 2751,4107 2750,4064 1893,4086"/>
                <Baseline points="1900,4114 1942,4113 1984,4112 2026,4112 2068,4111 2110,4111 2152,4110 2195,4110 2237,4109 2279,4109 2321,4108 2363,4108 2405,4107 2447,4106 2490,4106 2532,4105 2574,4103 2616,4102 2658,4100 2700,4099 2743,4096"/>
                <TextEquiv>
                    <Unicode>schen Wirkung die menschliche</Unicode>
                </TextEquiv>
            </TextLine>
            <TextLine id="r1l72" custom="readingOrder {index:71;}">
                <Coords points="703,4115 797,4139 1576,4113 1575,4057 1152,4066 1116,4092 1038,4059 992,4085 703,4081"/>
                <Baseline points="711,4121 753,4119 796,4118 839,4117 882,4115 925,4115 968,4114 1011,4113 1054,4112 1097,4112 1140,4111 1182,4111 1225,4110 1268,4110 1311,4109 1354,4109 1397,4108 1440,4108 1483,4107 1526,4107 1569,4106"/>
                <TextEquiv>
                    <Unicode>reicherung der „Kunstsphäre“, er¬</Unicode>
                </TextEquiv>
            </TextLine>
            <TextLine id="r1l73" custom="readingOrder {index:72;}">
                <Coords points="1884,4175 2684,4181 2745,4171 2745,4137 2094,4123 2068,4146 1883,4146"/>
                <Baseline points="1891,4169 1933,4170 1975,4170 2018,4170 2060,4170 2102,4170 2145,4170 2187,4170 2229,4170 2272,4169 2314,4169 2356,4168 2399,4167 2441,4166 2483,4166 2526,4164 2568,4163 2610,4161 2653,4160 2695,4158 2738,4156"/>
                <TextEquiv>
                    <Unicode>S’imme ist. Gerade die zarteste see¬</Unicode>
                </TextEquiv>
            </TextLine>
            <TextLine id="r1l74" custom="readingOrder {index:73;}">
                <Coords points="715,4191 911,4177 1022,4192 1108,4171 1107,4151 1015,4120 987,4138 927,4128 869,4148 824,4127 802,4140 745,4130 714,4145"/>
                <Baseline points="722,4172 747,4171 772,4171 797,4170 823,4170 848,4169 873,4169 898,4168 924,4168 949,4167 974,4167 999,4167 1025,4167 1050,4167 1075,4167 1101,4167"/>
                <TextEquiv>
                    <Unicode>blicken können.</Unicode>
                </TextEquiv>
            </TextLine>
            <TextLine id="r1l75" custom="readingOrder {index:74;}">
                <Coords points="1891,4250 2428,4224 2599,4244 2729,4226 2760,4183 1890,4191"/>
                <Baseline points="1898,4228 1940,4229 1983,4230 2026,4230 2069,4230 2111,4230 2154,4230 2197,4229 2240,4229 2282,4228 2325,4227 2368,4226 2411,4225 2453,4224 2496,4222 2539,4221 2582,4220 2624,4219 2667,4218 2710,4217 2753,4216"/>
                <TextEquiv>
                    <Unicode>lische Wirkung hat ein noch zärteres</Unicode>
                </TextEquiv>
            </TextLine>
            <TextLine id="r1l76" custom="readingOrder {index:75;}">
                <Coords points="807,4236 1563,4231 1593,4222 1593,4191 1320,4171 1174,4201 806,4188"/>
                <Baseline points="814,4234 852,4233 891,4232 929,4231 968,4230 1007,4229 1045,4229 1084,4228 1122,4227 1161,4227 1200,4226 1238,4226 1277,4225 1315,4225 1354,4225 1393,4224 1431,4224 1470,4224 1508,4223 1547,4223 1586,4222"/>
                <TextEquiv>
                    <Unicode>Wir haben weiter oben darauf hin¬</Unicode>
                </TextEquiv>
            </TextLine>
            <TextEquiv>
                <Unicode>Liebelei
5 box 12/5
9
Lale

Daß diese Behauptung übertrieben
ist, will ich nur an einem Beispiel
handelnden Personen, die Färbung
des Tones so intensiv wahrnehmen,
zeigen. In diesem Tagen ist Schnitz¬
lers „Liebelei“ zur Aufführung ge¬
als beim Vertiefen in eine literarisch¬
kommen; dieser Film ist deshalb sehr
künstlerische Schöpfung, bei einem
geeignet (ganz zufällig), obige Be¬
stummen Roman? Sind Sie nicht da¬
zu fähig, sehr geehrter Herr Engel, ist
hauptungen zu widerlegen, weil ge¬
rade „Liebelei“ ein Drama ist, wo auf
hier nicht jeder und noch so vollkom¬
mener Synchronismus zwischen
der Bühne nur die Schnitzlersche
Dramatisierung das Kunstinteresse
Grammophon und Film überflüssig,
hochgeschätzter Herr Moszkowski?
erweckt. Handlung ist eigentlich gar
Wir glauben auch ferner, daß eine
wenig. Und siehe dal Der verpönt¬
den Sujets streng angepaßte künst¬
Film bringt uns einen subtil spannen¬
lerisch-musikalische Begleitung viel,
den Stoff; gerade der Film „Liebelei“
viel stilgemäßer ist, viel illustrieren¬
steigert uns gegen den Schluß der¬
der als ein Grammophon.
maßen zu einer dramatischen Stim¬
Und jetzt zu dem zweiten, nicht
mung, welche wir in der Sprechbühne
weniger interessanten Artikel des
nur sehr selten erlebt haben. Soll ich
Herrn Engel zurück: Der Artikel
noch weiter gehen? — Welche wir
spricht gegen das Kino. Die Intonatien
bei dem Original Schnitzler nie und
nirgends gefühlt haben. Und nich!
ist richtig und kompromiert sich zu
der auch von uns festgestellten Tat¬
etwa bombaslische Mittel, Sensations¬
sang und Klang, eine einfache Staf¬
sache, daß der Film nur zur Belusti¬
gung geeignet, von den künstlerischen
fage-Parade, ein einfaches Stim¬
mungsbild der Trauerszene, ohne die
Ambitionen fern zu halten ist. Aber
nur in gegenwärtiger Form!
mystische Draperie,ohne die in ge¬
heimnisvollem Schattentanz schwel¬
In dem Artikel heißt es: „Ich muß
genden, flackernden Fackel-Requi¬
widersprechen, wenn Sie (Mosz¬
siten, Tränen-Pumpen und vibrie¬
kowski) mit möglichen technischen
rende Bariton frisch „aufgewärmt“
Vollendungen den Ruf aller derjeni¬
Hier wurde ad oculos demonstriert,
gen ersticken wollen, welche in der
Institution des Kino, des gegenwärti¬
daß doch nicht, wenigstens nicht das
einzige „stärkste Instrument der seeli¬
gen und des zukünftigen, eine Be¬
schen Wirkung die menschliche
reicherung der „Kunstsphäre“, er¬
S’imme ist. Gerade die zarteste see¬
blicken können.
lische Wirkung hat ein noch zärteres
Wir haben weiter oben darauf hin¬</Unicode>
            </TextEquiv>
        </TextRegion>
        <TextRegion orientation="0.0" id="r2" custom="readingOrder {index:1;}">
            <Coords points="2997,3613 2997,4245 3426,4245 3426,3613"/>
            <TextLine id="r2l1" custom="readingOrder {index:0;}">
                <Coords points="3009,3647 3021,3647 3030,3652 3035,3650 3042,3656 3069,3649 3073,3652 3085,3652 3086,3611 3076,3611 3069,3616 3061,3610 3055,3612 3045,3606 3037,3611 3027,3604 3021,3608 3010,3607"/>
                <Baseline points="3016,3643 3047,3643 3078,3645"/>
                <TextEquiv>
                    <Unicode>unf</Unicode>
                </TextEquiv>
            </TextLine>
            <TextLine id="r2l2" custom="readingOrder {index:1;}">
                <Coords points="2996,3714 3006,3716 3027,3707 3035,3713 3048,3712 3068,3718 3091,3739 3106,3731 3125,3732 3128,3656 3112,3660 3107,3655 3101,3660 3091,3654 3074,3662 3056,3652 3043,3658 3021,3647 2998,3653"/>
                <Baseline points="3004,3699 3032,3701 3061,3702 3090,3703 3119,3704"/>
                <TextEquiv>
                    <Unicode>Nach</Unicode>
                </TextEquiv>
            </TextLine>
            <TextLine id="r2l3" custom="readingOrder {index:2;}">
                <Coords points="2993,3779 3041,3761 3082,3770 3098,3759 3138,3772 3342,3775 3343,3716 3316,3709 3278,3723 3242,3707 3212,3729 3181,3716 3161,3734 3128,3715 3099,3733 3053,3714 3016,3730 2994,3721"/>
                <Baseline points="3001,3760 3026,3761 3052,3761 3078,3762 3103,3762 3129,3763 3155,3763 3180,3763 3206,3763 3232,3763 3257,3764 3283,3764 3309,3764 3335,3764"/>
                <TextEquiv>
                    <Unicode>ein individuel</Unicode>
                </TextEquiv>
            </TextLine>
            <TextLine id="r2l4" custom="readingOrder {index:3;}">
                <Coords points="2989,3825 3103,3835 3382,3827 3382,3791 3331,3787 3308,3771 3255,3806 3196,3772 3165,3792 3143,3771 3042,3783 2989,3770"/>
                <Baseline points="2997,3818 3022,3819 3047,3820 3072,3821 3097,3821 3123,3822 3148,3822 3173,3822 3198,3822 3223,3822 3249,3822 3274,3822 3299,3821 3324,3821 3349,3820 3375,3819"/>
                <TextEquiv>
                    <Unicode>fühlskreis, der</Unicode>
                </TextEquiv>
            </TextLine>
            <TextLine id="r2l5" custom="readingOrder {index:4;}">
                <Coords points="2995,3878 3050,3893 3079,3881 3134,3901 3167,3886 3318,3901 3352,3881 3411,3883 3412,3851 3350,3825 3292,3839 3153,3829 3123,3849 3060,3836 2995,3844"/>
                <Baseline points="3002,3875 3027,3876 3052,3877 3077,3878 3102,3879 3127,3879 3152,3880 3177,3880 3203,3880 3228,3881 3253,3881 3278,3880 3303,3880 3328,3880 3353,3879 3378,3879 3404,3877"/>
                <TextEquiv>
                    <Unicode>sympathische Wer</Unicode>
                </TextEquiv>
            </TextLine>
            <TextLine id="r2l6" custom="readingOrder {index:5;}">
                <Coords points="2994,3937 3067,3955 3146,3940 3188,3955 3280,3942 3311,3957 3374,3941 3414,3961 3414,3896 3358,3912 3303,3892 3252,3905 3221,3891 2994,3899"/>
                <Baseline points="3002,3933 3027,3935 3052,3936 3077,3937 3103,3938 3128,3938 3153,3938 3178,3939 3204,3939 3229,3939 3254,3939 3279,3938 3305,3938 3330,3938 3355,3937 3380,3937 3406,3937"/>
                <TextEquiv>
                    <Unicode>das heutige dram</Unicode>
                </TextEquiv>
            </TextLine>
            <TextLine id="r2l7" custom="readingOrder {index:6;}">
                <Coords points="2995,4015 3098,4008 3114,4018 3143,4001 3199,4013 3234,3999 3289,4022 3314,4004 3375,4013 3384,3969 3309,3946 3230,3970 3167,3951 3139,3965 3081,3963 3059,3949 2995,3956"/>
                <Baseline points="3002,3990 3027,3994 3052,3996 3077,3997 3102,3999 3127,4000 3152,4000 3177,4000 3202,4000 3227,3999 3252,3999 3277,3998 3302,3998 3327,3997 3352,3996 3377,3996"/>
                <TextEquiv>
                    <Unicode>fähig ist, diese</Unicode>
                </TextEquiv>
            </TextLine>
            <TextLine id="r2l8" custom="readingOrder {index:7;}">
                <Coords points="2995,4053 3098,4074 3149,4051 3197,4075 3226,4059 3243,4070 3284,4056 3337,4069 3408,4062 3408,4017 3367,4007 3301,4027 3247,4011 3208,4021 3191,4007 3139,4024 3088,4010 2995,4015"/>
                <Baseline points="3003,4052 3029,4053 3056,4054 3082,4054 3109,4055 3135,4055 3162,4056 3188,4056 3215,4056 3241,4055 3268,4055 3294,4055 3321,4055 3347,4054 3374,4054 3401,4053"/>
                <TextEquiv>
                    <Unicode>rufen (was ich</Unicode>
                </TextEquiv>
            </TextLine>
            <TextLine id="r2l9" custom="readingOrder {index:8;}">
                <Coords points="3001,4103 3082,4126 3147,4116 3294,4126 3313,4112 3400,4130 3411,4085 3372,4066 3342,4083 3291,4071 3262,4085 3153,4059 3096,4083 3073,4069 3051,4081 3001,4073"/>
                <Baseline points="3008,4107 3034,4108 3060,4109 3087,4110 3113,4110 3140,4111 3166,4111 3192,4112 3219,4112 3245,4112 3272,4112 3298,4112 3324,4112 3351,4112 3377,4112 3404,4111"/>
                <TextEquiv>
                    <Unicode>wenn ich an ein</Unicode>
                </TextEquiv>
            </TextLine>
            <TextLine id="r2l10" custom="readingOrder {index:9;}">
                <Coords points="3006,4182 3120,4175 3150,4193 3181,4177 3233,4190 3333,4175 3419,4204 3419,4141 3390,4144 3334,4116 3314,4127 3241,4118 3193,4142 3138,4127 3110,4141 3065,4117 3007,4133"/>
                <Baseline points="3014,4166 3040,4167 3067,4168 3093,4168 3120,4169 3146,4170 3173,4170 3199,4171 3226,4171 3252,4171 3279,4171 3305,4171 3332,4171 3358,4171 3385,4170 3412,4169"/>
                <TextEquiv>
                    <Unicode>schen unter Mens</Unicode>
                </TextEquiv>
            </TextLine>
            <TextLine id="r2l11" custom="readingOrder {index:10;}">
                <Coords points="3012,4234 3101,4249 3213,4219 3261,4244 3433,4243 3434,4197 3413,4205 3346,4180 3293,4210 3237,4187 3115,4198 3076,4176 3014,4183"/>
                <Baseline points="3020,4222 3045,4223 3070,4224 3096,4225 3121,4226 3146,4227 3172,4228 3197,4229 3223,4230 3248,4230 3273,4231 3299,4232 3324,4232 3349,4232 3375,4232 3400,4232 3426,4231"/>
                <TextEquiv>
                    <Unicode>Szenen in „Gen</Unicode>
                </TextEquiv>
            </TextLine>
            <TextEquiv>
                <Unicode>unf
Nach
ein individuel
fühlskreis, der
sympathische Wer
das heutige dram
fähig ist, diese
rufen (was ich
wenn ich an ein
schen unter Mens
Szenen in „Gen</Unicode>
            </TextEquiv>
        </TextRegion>
    </Page>
</PcGts>
