<?xml version="1.0" encoding="UTF-8" standalone="yes"?>
<PcGts xmlns="http://schema.primaresearch.org/PAGE/gts/pagecontent/2013-07-15" xmlns:xsi="http://www.w3.org/2001/XMLSchema-instance" xsi:schemaLocation="http://schema.primaresearch.org/PAGE/gts/pagecontent/2013-07-15 http://schema.primaresearch.org/PAGE/gts/pagecontent/2013-07-15/pagecontent.xsd">
    <Metadata>
        <Creator>prov=University of Rostock/Institute of Mathematics/CITlab/Gundram Leifert/gundram.leifert@uni-rostock.de:name=ONB_Newseye_GT_M1+(htr_id=10810)::::v=2.4.2
prov=University of Rostock/Institute of Mathematics/CITlab/Tobias Gruening/tobias.gruening@uni-rostock.de:name=de.uros.citlab.module.baseline2polygon.B2PSeamMultiOriented:v=2.4.2
prov=University of Rostock/Institute of Mathematics/CITlab/Tobias Gruening/tobias.gruening@uni-rostock.de:name=/mnt/transkribus/LA/DEA/URO/LA_news_onb_att.pb:de.uros.citlab.segmentation.CITlab_LA_ML:v=2.4.2
Transkribus</Creator>
        <Created>2019-10-07T12:00:23.016+02:00</Created>
        <LastChange>2019-10-09T15:06:12.645+02:00</LastChange>
        <TranskribusMetadata docId="223992" pageId="9509454" pageNr="1392" tsid="16671070" status="IN_PROGRESS" userId="40391" imgUrl="https://files.transkribus.eu/Get?id=IGICACFHWSFMUDATXWVKJWBE&amp;fileType=view" xmlUrl="https://files.transkribus.eu/Get?id=BAOFJNXOXLHJRFGWPVDCQLYX" imageId="6198287"/>
    </Metadata>
    <Page imageFilename="223992_1392.jpeg" imageWidth="3436" imageHeight="4224">
        <ReadingOrder>
            <OrderedGroup id="ro_1711446281552" caption="Regions reading order">
                <RegionRefIndexed index="0" regionRef="r1"/>
            </OrderedGroup>
        </ReadingOrder>
        <TextRegion orientation="0.0" id="r1" custom="readingOrder {index:0;}">
            <Coords points="148,188 148,2829 2807,2829 2807,188"/>
            <TextLine id="r1l1" custom="readingOrder {index:0;}">
                <Coords points="245,214 531,222 659,207 658,151 589,165 524,143 497,169 379,138 353,154 294,138 244,152"/>
                <Baseline points="261,212 286,212 311,211 337,211 362,210 387,210 413,209 438,209 463,209 489,208 514,208 539,208 565,208 590,209 615,209 641,209"/>
                <TextEquiv>
                    <Unicode>Liebelei</Unicode>
                </TextEquiv>
            </TextLine>
            <TextLine id="r1l2" custom="readingOrder {index:1;}">
                <Coords points="793,242 862,223 888,250 960,247 1006,224 1062,251 1138,232 1239,246 1240,141 1161,140 1109,159 1086,139 1033,139 987,165 935,138 794,150"/>
                <Baseline points="808,211 834,211 860,211 886,212 912,213 938,214 964,214 990,215 1016,215 1042,216 1068,216 1094,216 1120,215 1146,215 1172,214 1198,213 1224,211"/>
                <TextEquiv>
                    <Unicode>box 12/8</Unicode>
                </TextEquiv>
            </TextLine>
            <TextLine id="r1l3" custom="readingOrder {index:2;}">
                <Coords points="235,255 323,267 500,247 573,266 661,238 724,246 773,229 772,183 703,174 562,207 280,205 233,183"/>
                <Baseline points="252,234 277,234 302,234 327,235 353,235 378,235 403,236 428,236 454,236 479,236 504,236 529,236 555,235 580,235 605,233 630,233 656,231 681,229 706,227 731,224 757,221"/>
                <TextEquiv>
                    <Unicode>A0 A.   GA SA</Unicode>
                </TextEquiv>
            </TextLine>
            <TextLine id="r1l4" custom="readingOrder {index:3;}">
                <Coords points="148,1358 253,1360 296,1351 325,1361 381,1359 382,1293 356,1289 319,1299 293,1288 260,1308 231,1310 192,1277 172,1296 149,1296"/>
                <Baseline points="165,1346 190,1346 215,1346 240,1346 265,1346 290,1346 315,1347 340,1348 365,1350"/>
                <TextEquiv>
                    <Unicode>„</Unicode>
                </TextEquiv>
            </TextLine>
            <TextLine id="r1l5" custom="readingOrder {index:4;}">
                <Coords points="316,1408 332,1406 339,1409 345,1404 365,1402 357,1346 341,1349 337,1346 334,1350 308,1353"/>
                <Baseline points="330,1379 346,1377"/>
                <TextEquiv>
                    <Unicode>A</Unicode>
                </TextEquiv>
            </TextLine>
            <TextLine id="r1l6" custom="readingOrder {index:5;}">
                <Coords points="744,1436 2717,1455 2796,1448 2796,1383 744,1397"/>
                <Baseline points="759,1435 865,1436 971,1437 1077,1438 1184,1439 1290,1440 1396,1441 1502,1441 1609,1442 1715,1442 1821,1442 1927,1442 2034,1442 2140,1442 2246,1442 2352,1441 2459,1440 2565,1439 2671,1438 2778,1436"/>
                <TextEquiv>
                    <Unicode>dies den Typus des „süßen Mädels“. Auch das wäre Erscheinung und Temperament prädestinieren ihn für</Unicode>
                </TextEquiv>
            </TextLine>
            <TextLine id="r1l7" custom="readingOrder {index:6;}">
                <Coords points="131,1478 597,1499 634,1479 676,1506 748,1486 749,1401 542,1417 433,1400 404,1426 368,1400 131,1409"/>
                <Baseline points="148,1471 177,1471 206,1472 235,1472 264,1472 294,1473 323,1473 352,1473 381,1474 410,1474 440,1474 469,1474 498,1474 527,1474 556,1474 586,1474 615,1473 644,1473 673,1473 702,1472 732,1472"/>
                <TextEquiv>
                    <Unicode>knst und Literatur.</Unicode>
                </TextEquiv>
            </TextLine>
            <TextLine id="r1l8" custom="readingOrder {index:7;}">
                <Coords points="736,1481 2795,1489 2628,1437 736,1435"/>
                <Baseline points="754,1485 855,1488 956,1490 1057,1491 1158,1493 1260,1494 1361,1494 1462,1495 1563,1495 1664,1495 1766,1495 1867,1494 1968,1494 2069,1493 2170,1493 2272,1492 2373,1491 2474,1490 2575,1489 2676,1488 2778,1487"/>
                <TextEquiv>
                    <Unicode>eines Jubiläums würdig, auch das hebt die Bedeu= den Theodor. Er war beinahe wienerisch. Herr Gerth</Unicode>
                </TextEquiv>
            </TextLine>
            <TextLine id="r1l9" custom="readingOrder {index:8;}">
                <Coords points="1764,1547 2719,1555 2808,1541 2807,1485 1763,1498"/>
                <Baseline points="1781,1542 1831,1543 1882,1544 1932,1544 1983,1544 2033,1544 2084,1543 2134,1543 2185,1542 2235,1541 2286,1540 2337,1538 2387,1538 2438,1536 2488,1536 2539,1535 2589,1534 2640,1534 2690,1534 2741,1534 2792,1535"/>
                <TextEquiv>
                    <Unicode>ist zwar kein Fritz, wie sich ihn Schnitzler wünschen</Unicode>
                </TextEquiv>
            </TextLine>
            <TextLine id="r1l10" custom="readingOrder {index:9;}">
                <Coords points="750,1549 1781,1570 1758,1491 750,1487"/>
                <Baseline points="765,1540 817,1540 870,1540 922,1540 975,1541 1027,1542 1080,1542 1133,1543 1185,1544 1238,1545 1290,1546 1343,1546 1395,1546 1448,1546 1501,1546 1553,1545 1606,1544 1658,1543 1711,1541 1764,1538"/>
                <TextEquiv>
                    <Unicode>tung dieses Theaterstückes über die Vergangenheit hin¬</Unicode>
                </TextEquiv>
            </TextLine>
            <TextLine id="r1l11" custom="readingOrder {index:10;}">
                <Coords points="165,1533 236,1561 302,1545 358,1566 391,1553 417,1574 443,1551 535,1576 621,1554 699,1572 700,1503 635,1482 595,1501 165,1481"/>
                <Baseline points="180,1533 205,1535 230,1537 255,1538 280,1540 306,1541 331,1542 356,1543 381,1543 406,1544 432,1544 457,1544 482,1545 507,1545 532,1545 558,1545 583,1544 608,1544 633,1544 658,1543 684,1543"/>
                <TextEquiv>
                    <Unicode>Der Barbier von</Unicode>
                </TextEquiv>
            </TextLine>
            <TextLine id="r1l12" custom="readingOrder {index:11;}">
                <Coords points="752,1597 1589,1616 1589,1557 1540,1543 752,1542"/>
                <Baseline points="767,1582 807,1583 847,1584 888,1584 928,1585 968,1586 1009,1586 1049,1587 1089,1587 1130,1588 1170,1588 1210,1589 1251,1589 1291,1589 1331,1589 1372,1589 1412,1588 1452,1588 1493,1588 1533,1587 1574,1586"/>
                <TextEquiv>
                    <Unicode>aus und glorifiziert Wien in alle Ewigkeit.</Unicode>
                </TextEquiv>
            </TextLine>
            <TextLine id="r1l13" custom="readingOrder {index:12;}">
                <Coords points="1769,1592 2801,1607 2780,1535 1769,1549"/>
                <Baseline points="1785,1592 1834,1591 1884,1590 1934,1590 1984,1589 2034,1589 2084,1589 2134,1589 2184,1589 2234,1589 2284,1589 2333,1589 2383,1588 2433,1588 2483,1588 2533,1587 2583,1586 2633,1585 2683,1584 2733,1582 2783,1580"/>
                <TextEquiv>
                    <Unicode>würde, ist aber intelligent genug, sich auch in ihn zu</Unicode>
                </TextEquiv>
            </TextLine>
            <TextLine id="r1l14" custom="readingOrder {index:13;}">
                <Coords points="146,1607 278,1607 297,1621 327,1615 343,1622 373,1597 400,1594 401,1552 358,1564 345,1550 322,1559 292,1545 249,1557 240,1547 204,1553 191,1539 171,1549 148,1545"/>
                <Baseline points="164,1595 191,1595 219,1596 246,1597 274,1598 301,1599 329,1600 356,1600 384,1599"/>
                <TextEquiv>
                    <Unicode>Verriac.</Unicode>
                </TextEquiv>
            </TextLine>
            <TextLine id="r1l15" custom="readingOrder {index:14;}">
                <Coords points="1771,1643 2799,1656 2798,1587 1771,1591"/>
                <Baseline points="1786,1639 1835,1640 1885,1640 1935,1640 1985,1639 2035,1639 2085,1639 2135,1638 2185,1637 2235,1637 2285,1636 2334,1635 2384,1635 2434,1634 2484,1634 2534,1634 2584,1634 2634,1634 2684,1635 2734,1636 2784,1637"/>
                <TextEquiv>
                    <Unicode>schicken. Herr Weyrich spielte den Hans Weiring</Unicode>
                </TextEquiv>
            </TextLine>
            <TextLine id="r1l16" custom="readingOrder {index:15;}">
                <Coords points="166,1664 284,1671 307,1647 501,1676 774,1662 773,1580 675,1610 576,1584 498,1608 415,1588 301,1621 166,1602"/>
                <Baseline points="184,1656 212,1655 241,1654 269,1654 298,1654 327,1654 355,1654 384,1654 413,1654 441,1654 470,1655 499,1655 527,1655 556,1655 585,1655 613,1655 642,1654 671,1654 699,1653 728,1651 757,1650"/>
                <TextEquiv>
                    <Unicode>schrieb unter das Personenver¬</Unicode>
                </TextEquiv>
            </TextLine>
            <TextLine id="r1l17" custom="readingOrder {index:16;}">
                <Coords points="1779,1715 2019,1714 2035,1697 2084,1693 2104,1713 2209,1713 2232,1706 2232,1640 1778,1643"/>
                <Baseline points="1794,1686 1820,1685 1846,1684 1873,1683 1899,1683 1926,1683 1952,1683 1979,1683 2005,1683 2031,1683 2058,1683 2084,1683 2111,1683 2137,1683 2164,1683 2190,1682 2217,1681"/>
                <TextEquiv>
                    <Unicode>in traditioneller Weise.</Unicode>
                </TextEquiv>
            </TextLine>
            <TextLine id="r1l18" custom="readingOrder {index:17;}">
                <Coords points="807,1693 1178,1725 1766,1712 1767,1633 1478,1657 1015,1632 932,1661 808,1627"/>
                <Baseline points="824,1699 870,1700 916,1701 963,1701 1009,1702 1055,1702 1102,1703 1148,1704 1194,1704 1241,1705 1287,1705 1333,1705 1380,1706 1426,1706 1472,1706 1519,1706 1565,1706 1611,1705 1658,1705 1704,1704 1751,1704"/>
                <TextEquiv>
                    <Unicode>So trägt das Stück so viel Werte in sich, daß ihm</Unicode>
                </TextEquiv>
            </TextLine>
            <TextLine id="r1l19" custom="readingOrder {index:18;}">
                <Coords points="146,1724 219,1707 449,1717 491,1691 531,1714 761,1710 760,1671 741,1667 307,1648 278,1671 146,1645"/>
                <Baseline points="163,1704 192,1704 221,1704 250,1704 279,1704 308,1704 337,1705 366,1705 395,1705 424,1706 453,1706 482,1706 511,1706 540,1706 569,1706 598,1706 627,1705 656,1704 685,1703 714,1702 744,1700"/>
                <TextEquiv>
                    <Unicode>pieies „Liebelei“, die Anmer¬</Unicode>
                </TextEquiv>
            </TextLine>
            <TextLine id="r1l20" custom="readingOrder {index:19;}">
                <Coords points="761,1757 1799,1751 1799,1708 1763,1702 762,1688"/>
                <Baseline points="777,1749 827,1750 877,1750 928,1751 978,1751 1028,1752 1079,1753 1129,1753 1179,1754 1230,1754 1280,1755 1330,1755 1381,1756 1431,1756 1481,1756 1532,1755 1582,1755 1632,1754 1683,1753 1733,1752 1784,1751"/>
                <TextEquiv>
                    <Unicode>die Darstellung bei wenigstens einiger wienerischer</Unicode>
                </TextEquiv>
            </TextLine>
            <TextLine id="r1l21" custom="readingOrder {index:20;}">
                <Coords points="164,1750 279,1766 315,1749 338,1769 499,1768 555,1748 574,1768 761,1764 761,1708 525,1712 492,1689 466,1716 164,1720"/>
                <Baseline points="181,1753 209,1754 237,1754 265,1755 294,1755 322,1755 350,1755 378,1755 407,1755 435,1755 463,1755 491,1755 520,1754 548,1754 576,1753 604,1753 633,1753 661,1753 689,1753 717,1753 746,1753"/>
                <TextEquiv>
                    <Unicode> Zeit: Gegenwart.“ Der Ort</Unicode>
                </TextEquiv>
            </TextLine>
            <TextLine id="r1l22" custom="readingOrder {index:21;}">
                <Coords points="2201,1792 2240,1812 2454,1815 2785,1798 2785,1752 2716,1749 2690,1769 2605,1736 2483,1762 2431,1726 2276,1752 2201,1743"/>
                <Baseline points="2216,1795 2243,1796 2271,1797 2298,1798 2326,1798 2354,1799 2381,1799 2409,1799 2437,1799 2464,1799 2492,1799 2520,1799 2547,1798 2575,1798 2603,1798 2630,1797 2658,1797 2686,1797 2713,1797 2741,1797 2769,1798"/>
                <TextEquiv>
                    <Unicode>eine einaktige Komödie von</Unicode>
                </TextEquiv>
            </TextLine>
            <TextLine id="r1l23" custom="readingOrder {index:22;}">
                <Coords points="171,1806 1994,1815 2023,1740 171,1760"/>
                <Baseline points="187,1807 277,1805 368,1803 459,1802 550,1802 641,1801 732,1801 823,1801 914,1801 1005,1802 1096,1802 1186,1803 1277,1803 1368,1803 1459,1803 1550,1803 1641,1802 1732,1801 1823,1800 1914,1798 2005,1796"/>
                <TextEquiv>
                    <Unicode>r stimmt bei Schnitzler immer), Behandlung nichts anhaben kann. Wird es von echt Dann</Unicode>
                </TextEquiv>
            </TextLine>
            <TextLine id="r1l24" custom="readingOrder {index:23;}">
                <Coords points="2291,1863 2436,1865 2524,1847 2544,1860 2672,1846 2790,1858 2790,1799 2458,1815 2324,1793 2291,1803"/>
                <Baseline points="2308,1848 2333,1848 2359,1848 2385,1848 2411,1847 2437,1847 2463,1847 2488,1847 2514,1847 2540,1847 2566,1847 2592,1847 2618,1846 2643,1846 2669,1846 2695,1845 2721,1845 2747,1844 2773,1843"/>
                <TextEquiv>
                    <Unicode>von Berriac“. Auch Mell</Unicode>
                </TextEquiv>
            </TextLine>
            <TextLine id="r1l25" custom="readingOrder {index:24;}">
                <Coords points="157,1859 2019,1849 1970,1793 157,1806"/>
                <Baseline points="174,1853 265,1851 356,1850 448,1849 539,1849 631,1849 722,1849 814,1849 905,1849 997,1850 1088,1851 1179,1851 1271,1852 1362,1852 1454,1852 1545,1852 1637,1852 1728,1851 1820,1850 1911,1848 2003,1846"/>
                <TextEquiv>
                    <Unicode>stimmen, denn das Erlebnis der wienerischen Menschen gespielt, dann löst sein Moll= Max Mell¬</Unicode>
                </TextEquiv>
            </TextLine>
            <TextLine id="r1l26" custom="readingOrder {index:25;}">
                <Coords points="1760,1910 1823,1907 1836,1894 1872,1908 1911,1895 1970,1909 2023,1899 2065,1909 2082,1896 2095,1910 2118,1907 2119,1854 2020,1863 2004,1846 1987,1859 1918,1856 1876,1835 1843,1858 1761,1854"/>
                <Baseline points="1775,1897 1800,1897 1825,1897 1850,1896 1875,1896 1901,1896 1926,1897 1951,1897 1976,1897 2002,1898 2027,1898 2052,1899 2077,1899 2103,1899"/>
                <TextEquiv>
                    <Unicode>ist ein Wiener, ##</Unicode>
                </TextEquiv>
            </TextLine>
            <TextLine id="r1l27" custom="readingOrder {index:26;}">
                <Coords points="159,1918 1413,1880 1646,1916 1692,1854 159,1855"/>
                <Baseline points="176,1899 251,1898 326,1898 401,1898 476,1897 551,1897 626,1897 701,1897 776,1897 851,1897 926,1897 1001,1898 1076,1898 1151,1898 1226,1898 1301,1899 1376,1899 1451,1899 1526,1899 1601,1899 1676,1899"/>
                <TextEquiv>
                    <Unicode>Zeitalter gebunden. Aber diese ton, jenes „Zärtliche ohne Pathos“ das von ##</Unicode>
                </TextEquiv>
            </TextLine>
            <TextLine id="r1l28" custom="readingOrder {index:27;}">
                <Coords points="2300,1909 2530,1906 2546,1892 2569,1908 2734,1906 2802,1884 2801,1845 2298,1854"/>
                <Baseline points="2315,1904 2341,1904 2367,1904 2393,1903 2419,1903 2446,1902 2472,1901 2498,1901 2524,1900 2551,1898 2577,1898 2603,1896 2629,1895 2655,1894 2682,1893 2708,1893 2734,1893 2760,1892 2787,1892"/>
                <TextEquiv>
                    <Unicode>ngerer, einer mit schönen</Unicode>
                </TextEquiv>
            </TextLine>
            <TextLine id="r1l29" custom="readingOrder {index:28;}">
                <Coords points="1768,1929 1922,1959 2481,1940 2540,1970 2802,1940 2802,1884 1768,1903"/>
                <Baseline points="1786,1943 1838,1942 1891,1941 1943,1941 1996,1942 2048,1943 2101,1943 2154,1944 2206,1945 2259,1946 2311,1947 2364,1947 2416,1948 2469,1947 2522,1947 2574,1946 2627,1944 2679,1942 2732,1939 2785,1935"/>
                <TextEquiv>
                    <Unicode>ichterischen Talenten, die immer### vielversprechend</Unicode>
                </TextEquiv>
            </TextLine>
            <TextLine id="r1l30" custom="readingOrder {index:29;}">
                <Coords points="157,1951 1769,1961 1769,1902 1418,1879 157,1905"/>
                <Baseline points="175,1946 253,1946 332,1946 411,1946 490,1946 569,1946 648,1946 726,1946 805,1946 884,1946 963,1946 1042,1946 1121,1946 1200,1946 1278,1946 1357,1946 1436,1946 1515,1946 1594,1946 1673,1947 1752,1947"/>
                <TextEquiv>
                    <Unicode>, es ist also ein Vierteljahrhun= ausgeht, unser Gemüt in allen Fasern auf. 2#### </Unicode>
                </TextEquiv>
            </TextLine>
            <TextLine id="r1l31" custom="readingOrder {index:30;}">
                <Coords points="2523,1996 2549,1992 2566,2008 2598,1993 2631,1999 2657,1991 2694,2003 2730,1992 2756,2001 2772,1984 2805,1986 2803,1940 2777,1931 2741,1949 2521,1950"/>
                <Baseline points="2540,1994 2567,1993 2595,1991 2623,1990 2650,1988 2678,1987 2706,1986 2733,1985 2761,1986 2789,1987"/>
                <TextEquiv>
                    <Unicode>genscheinlich</Unicode>
                </TextEquiv>
            </TextLine>
            <TextLine id="r1l32" custom="readingOrder {index:31;}">
                <Coords points="1798,2008 1834,2014 1857,1994 1919,2010 1939,1993 1965,2006 2073,1995 2116,2010 2142,1994 2208,2009 2254,1992 2294,2005 2316,1998 2316,1955 1797,1945"/>
                <Baseline points="1815,1994 1840,1995 1866,1995 1891,1995 1917,1994 1942,1994 1968,1994 1994,1993 2019,1993 2045,1992 2070,1991 2096,1991 2121,1990 2147,1990 2173,1990 2198,1990 2224,1990 2249,1990 2275,1991 2301,1992"/>
                <TextEquiv>
                    <Unicode>ind Er schafft nicht viel, be</Unicode>
                </TextEquiv>
            </TextLine>
            <TextLine id="r1l33" custom="readingOrder {index:32;}">
                <Coords points="759,1998 1741,2002 1718,1950 759,1952"/>
                <Baseline points="774,1991 821,1991 869,1991 916,1991 964,1991 1012,1992 1059,1992 1107,1992 1154,1992 1202,1993 1250,1993 1297,1993 1345,1993 1392,1993 1440,1993 1488,1993 1535,1993 1583,1993 1630,1992 1678,1991 1726,1990"/>
                <TextEquiv>
                    <Unicode>burger Aufführung war wohl nicht durchwegs wien¬</Unicode>
                </TextEquiv>
            </TextLine>
            <TextLine id="r1l34" custom="readingOrder {index:33;}">
                <Coords points="153,2003 761,2000 761,1948 334,1957 196,1951 153,1928"/>
                <Baseline points="170,1993 198,1994 227,1994 256,1995 285,1995 313,1996 342,1996 371,1996 400,1996 428,1996 457,1996 486,1996 515,1996 543,1996 572,1996 601,1996 630,1995 658,1995 687,1995 716,1994 745,1994"/>
                <TextEquiv>
                    <Unicode>nigen, so daß dieses so liebe, uns</Unicode>
                </TextEquiv>
            </TextLine>
            <TextLine id="r1l35" custom="readingOrder {index:34;}">
                <Coords points="2565,2044 2614,2039 2628,2052 2637,2042 2657,2051 2670,2041 2694,2050 2719,2033 2733,2042 2775,2044 2774,2001 2731,2003 2718,1993 2695,2001 2679,1994 2656,2002 2639,1996 2564,2001"/>
                <Baseline points="2581,2039 2606,2038 2631,2037 2656,2037 2682,2037 2707,2036 2732,2034 2758,2032"/>
                <TextEquiv>
                    <Unicode>er was er</Unicode>
                </TextEquiv>
            </TextLine>
            <TextLine id="r1l36" custom="readingOrder {index:35;}">
                <Coords points="757,2048 2412,2050 2366,1991 757,1999"/>
                <Baseline points="772,2043 853,2042 934,2041 1015,2041 1097,2041 1178,2040 1259,2040 1340,2040 1422,2041 1503,2041 1584,2041 1665,2041 1747,2041 1828,2041 1909,2041 1990,2041 2072,2041 2153,2041 2234,2040 2315,2039 2397,2038"/>
                <TextEquiv>
                    <Unicode>risch, aber sie gelang so. daß auch ihr die Herzen ent= in der Tretmühle des Journa##</Unicode>
                </TextEquiv>
            </TextLine>
            <TextLine id="r1l37" custom="readingOrder {index:36;}">
                <Coords points="165,2047 759,2056 759,2000 625,2016 566,1993 470,2009 165,1994"/>
                <Baseline points="180,2039 208,2040 236,2040 264,2041 292,2042 320,2042 348,2042 376,2043 404,2043 432,2044 461,2044 489,2044 517,2044 545,2044 573,2044 601,2044 629,2043 657,2043 685,2042 713,2042 742,2041"/>
                <TextEquiv>
                    <Unicode>e Stück ein Jubiläum feiern</Unicode>
                </TextEquiv>
            </TextLine>
            <TextLine id="r1l38" custom="readingOrder {index:37;}">
                <Coords points="750,2117 2536,2100 2556,2044 750,2064"/>
                <Baseline points="765,2093 853,2092 942,2091 1031,2090 1120,2090 1208,2090 1297,2090 1386,2090 1475,2090 1563,2090 1652,2091 1741,2091 1830,2091 1918,2091 2007,2091 2096,2090 2185,2090 2273,2089 2362,2088 2451,2086 2540,2084"/>
                <TextEquiv>
                    <Unicode>gegenschlugen. Frl. Schefranek, die echte Tränen schreibt, kommt aus einem Dichterheig </Unicode>
                </TextEquiv>
            </TextLine>
            <TextLine id="r1l39" custom="readingOrder {index:38;}">
                <Coords points="159,2096 763,2105 763,2055 730,2049 159,2050"/>
                <Baseline points="174,2087 202,2088 231,2089 259,2090 288,2091 317,2091 345,2091 374,2092 403,2092 431,2092 460,2092 489,2092 517,2092 546,2092 575,2092 603,2091 632,2091 661,2091 689,2091 718,2091 747,2092"/>
                <TextEquiv>
                    <Unicode>erer Berechtigung ein Jubiläum,</Unicode>
                </TextEquiv>
            </TextLine>
            <TextLine id="r1l40" custom="readingOrder {index:39;}">
                <Coords points="761,2142 2242,2165 2544,2151 2606,2091 761,2100"/>
                <Baseline points="778,2141 868,2140 959,2139 1049,2138 1140,2138 1230,2138 1321,2138 1411,2138 1502,2138 1592,2138 1683,2139 1774,2139 1864,2139 1955,2139 2045,2138 2136,2138 2226,2137 2317,2136 2407,2135 2498,2133 2589,2131"/>
                <TextEquiv>
                    <Unicode>weinte, ist zur Christine=Darstellung berufen. Ste#nersten Lyriker. „Der Barbier von Berr¬</Unicode>
                </TextEquiv>
            </TextLine>
            <TextLine id="r1l41" custom="readingOrder {index:40;}">
                <Coords points="159,2155 333,2136 372,2153 776,2142 776,2106 730,2096 408,2111 159,2096"/>
                <Baseline points="174,2137 203,2138 232,2138 261,2139 291,2139 320,2140 349,2140 379,2140 408,2140 437,2141 467,2141 496,2141 525,2141 554,2141 584,2141 613,2141 642,2141 672,2141 701,2141 730,2141 760,2141"/>
                <TextEquiv>
                    <Unicode>frisch, so lied, so ans Herz grei¬</Unicode>
                </TextEquiv>
            </TextLine>
            <TextLine id="r1l42" custom="readingOrder {index:41;}">
                <Coords points="756,2192 2578,2206 2742,2189 2742,2136 756,2143"/>
                <Baseline points="771,2187 868,2187 966,2187 1064,2187 1162,2187 1259,2187 1357,2187 1455,2187 1553,2187 1650,2187 1748,2186 1846,2186 1944,2186 2041,2186 2139,2186 2237,2186 2335,2185 2432,2185 2530,2184 2628,2184 2726,2183"/>
                <TextEquiv>
                    <Unicode>freilich noch nicht süßes Mädel genug, ist um ein seinem kontrastlichen #sammenhang zur Auffühenn</Unicode>
                </TextEquiv>
            </TextLine>
            <TextLine id="r1l43" custom="readingOrder {index:42;}">
                <Coords points="154,2190 493,2204 601,2188 667,2208 762,2195 762,2145 207,2141 154,2161"/>
                <Baseline points="171,2185 199,2186 228,2187 257,2188 286,2188 314,2189 343,2189 372,2189 401,2189 429,2189 458,2189 487,2189 516,2189 544,2188 573,2188 602,2188 631,2188 659,2188 688,2188 717,2188 746,2188"/>
                <TextEquiv>
                    <Unicode>Erstaufführung vor 25 Jahren.</Unicode>
                </TextEquiv>
            </TextLine>
            <TextLine id="r1l44" custom="readingOrder {index:43;}">
                <Coords points="1770,2243 2805,2239 2804,2163 2768,2153 2722,2187 1770,2197"/>
                <Baseline points="1786,2236 1836,2235 1886,2233 1936,2232 1986,2232 2036,2231 2086,2231 2136,2231 2186,2231 2236,2231 2286,2231 2336,2231 2386,2231 2436,2230 2486,2230 2536,2230 2586,2229 2636,2228 2686,2227 2736,2226 2787,2224"/>
                <TextEquiv>
                    <Unicode>mit Schnitzlers „Liebelei“. Wie in dieser wird dort</Unicode>
                </TextEquiv>
            </TextLine>
            <TextLine id="r1l45" custom="readingOrder {index:44;}">
                <Coords points="153,2242 1785,2219 153,2190"/>
                <Baseline points="170,2234 254,2234 338,2235 422,2235 506,2236 590,2236 674,2236 759,2235 843,2235 927,2235 1011,2234 1095,2234 1179,2234 1264,2233 1348,2233 1432,2232 1516,2232 1600,2232 1684,2232 1769,2232"/>
                <TextEquiv>
                    <Unicode>würde, daß alles Sonstige, das Quenichen zu sehr in sich gekehrt; der Gefühlsaus¬</Unicode>
                </TextEquiv>
            </TextLine>
            <TextLine id="r1l46" custom="readingOrder {index:45;}">
                <Coords points="2381,2273 2417,2289 2509,2283 2538,2296 2558,2283 2627,2283 2640,2296 2660,2280 2712,2293 2742,2276 2794,2286 2794,2227 2545,2237 2381,2227"/>
                <Baseline points="2398,2275 2423,2275 2448,2275 2474,2275 2499,2276 2524,2276 2550,2276 2575,2276 2600,2277 2626,2277 2651,2277 2676,2276 2702,2276 2727,2276 2752,2275 2778,2274"/>
                <TextEquiv>
                    <Unicode>ist's da umgekehrt</Unicode>
                </TextEquiv>
            </TextLine>
            <TextLine id="r1l47" custom="readingOrder {index:46;}">
                <Coords points="146,2311 1630,2295 1774,2285 1774,2236 146,2239"/>
                <Baseline points="163,2283 242,2283 322,2283 402,2284 481,2284 561,2284 641,2284 720,2284 800,2284 880,2284 960,2283 1039,2283 1119,2283 1199,2283 1278,2282 1358,2282 1438,2282 1517,2281 1597,2281 1677,2281 1757,2280"/>
                <TextEquiv>
                    <Unicode>den Weg alles Vergänglichen bruch im letzten Akt müßte elementarer sein. Aber es</Unicode>
                </TextEquiv>
            </TextLine>
            <TextLine id="r1l48" custom="readingOrder {index:47;}">
                <Coords points="1764,2279 1863,2279 1882,2295 2336,2291 2335,2242 2289,2235 1764,2233"/>
                <Baseline points="1780,2279 1807,2281 1834,2282 1861,2282 1888,2283 1915,2283 1942,2284 1969,2284 1996,2284 2023,2283 2050,2283 2077,2283 2104,2283 2131,2282 2158,2282 2185,2282 2212,2282 2239,2281 2266,2281 2293,2281 2320,2281"/>
                <TextEquiv>
                    <Unicode>nur zur Erholung geliebelt,</Unicode>
                </TextEquiv>
            </TextLine>
            <TextLine id="r1l49" custom="readingOrder {index:48;}">
                <Coords points="2406,2328 2475,2331 2498,2347 2515,2330 2561,2326 2587,2339 2646,2325 2679,2338 2712,2325 2804,2333 2803,2287 2767,2278 2406,2289"/>
                <Baseline points="2422,2328 2448,2327 2474,2326 2500,2325 2526,2325 2552,2324 2578,2324 2604,2324 2630,2323 2656,2323 2682,2323 2708,2323 2734,2323 2760,2323 2787,2323"/>
                <TextEquiv>
                    <Unicode>Hirne. Und ist ein</Unicode>
                </TextEquiv>
            </TextLine>
            <TextLine id="r1l50" custom="readingOrder {index:49;}">
                <Coords points="153,2338 2120,2346 2278,2287 153,2289"/>
                <Baseline points="169,2329 273,2330 378,2331 482,2332 587,2332 692,2332 796,2332 901,2332 1006,2331 1110,2331 1215,2330 1320,2330 1424,2329 1529,2329 1634,2329 1738,2329 1843,2329 1948,2329 2052,2330 2157,2331 2262,2332"/>
                <TextEquiv>
                    <Unicode>seiner „Liebelei“ möchte man's war wieder eine schöne Talentprobe. Hingegen hatte! Da tut es eine Frau, nei#</Unicode>
                </TextEquiv>
            </TextLine>
            <TextLine id="r1l51" custom="readingOrder {index:50;}">
                <Coords points="2473,2383 2667,2385 2712,2374 2768,2387 2804,2380 2804,2324 2472,2331"/>
                <Baseline points="2489,2374 2516,2374 2543,2374 2570,2374 2597,2374 2624,2373 2652,2373 2679,2372 2706,2372 2733,2372 2760,2372 2788,2372"/>
                <TextEquiv>
                    <Unicode> sondern in der</Unicode>
                </TextEquiv>
            </TextLine>
            <TextLine id="r1l52" custom="readingOrder {index:51;}">
                <Coords points="139,2393 2307,2393 2208,2324 139,2331"/>
                <Baseline points="155,2379 261,2380 368,2381 475,2381 582,2381 689,2381 795,2381 902,2380 1009,2380 1116,2379 1223,2378 1329,2377 1436,2377 1543,2376 1650,2375 1757,2375 1863,2375 1970,2375 2077,2376 2184,2376 2291,2377"/>
                <TextEquiv>
                    <Unicode>Fann es nicht annehmen: sie ist die „Frau eines Strumpfwirkers“ Frau Czernitz= Eifersuchtsakt und spielt nich</Unicode>
                </TextEquiv>
            </TextLine>
            <TextLine id="r1l53" custom="readingOrder {index:52;}">
                <Coords points="142,2453 2795,2383 141,2380"/>
                <Baseline points="159,2427 296,2428 434,2428 572,2428 710,2428 848,2428 986,2428 1123,2428 1261,2427 1399,2427 1537,2426 1675,2426 1813,2425 1950,2424 2088,2424 2226,2423 2364,2423 2502,2422 2640,2422 2778,2421"/>
                <TextEquiv>
                    <Unicode>st vielleicht das wienerischeste Renn wienerische Klassizität im Blute bis in die Grafschaft Laon in Frankreich, vor dem Ausbruch der</Unicode>
                </TextEquiv>
            </TextLine>
            <TextLine id="r1l54" custom="readingOrder {index:53;}">
                <Coords points="138,2489 2443,2493 2791,2420 138,2436"/>
                <Baseline points="154,2476 285,2476 416,2476 547,2476 678,2476 809,2475 940,2475 1071,2475 1202,2474 1333,2474 1464,2474 1595,2473 1726,2473 1857,2473 1988,2472 2119,2472 2250,2471 2381,2471 2512,2471 2643,2470 2774,2470"/>
                <TextEquiv>
                    <Unicode>en worden und wienerischer nicht Angenwimpern, bis in die Fingerspitzen, ja bis in die canzösischen Revolution, in einem Barbierladen.</Unicode>
                </TextEquiv>
            </TextLine>
            <TextLine id="r1l55" custom="readingOrder {index:54;}">
                <Coords points="153,2531 2629,2533 2806,2467 153,2489"/>
                <Baseline points="170,2529 300,2527 431,2526 562,2525 693,2524 824,2524 955,2523 1086,2523 1217,2523 1348,2523 1479,2523 1609,2523 1740,2523 1871,2523 2002,2522 2133,2522 2264,2521 2395,2520 2526,2519 2657,2517 2788,2515"/>
                <TextEquiv>
                    <Unicode>en wird; es hat Klassizität in der zeitgemäße Kleidung. Auch die Mizzi Schlager fand Nanette, die Frau des Barbiers. Seine Wirtschaft</Unicode>
                </TextEquiv>
            </TextLine>
            <TextLine id="r1l56" custom="readingOrder {index:55;}">
                <Coords points="151,2581 2791,2525 151,2531"/>
                <Baseline points="166,2577 296,2576 426,2576 557,2575 687,2574 818,2574 948,2573 1078,2573 1209,2573 1339,2572 1470,2572 1600,2572 1730,2572 1861,2571 1991,2571 2122,2571 2252,2571 2382,2571 2513,2570 2643,2570 2774,2570"/>
                <TextEquiv>
                    <Unicode>Menschen, im Ton. Hier muß in Frl. Jusa eine onnehmbare Verkörperung. Von geht zurück, denn seine Frau ist ein „Schmutfink“.</Unicode>
                </TextEquiv>
            </TextLine>
            <TextLine id="r1l57" custom="readingOrder {index:56;}">
                <Coords points="151,2633 2811,2633 2748,2568 151,2581"/>
                <Baseline points="168,2627 299,2625 430,2624 561,2623 693,2623 824,2622 955,2622 1087,2622 1218,2621 1349,2621 1481,2621 1612,2621 1743,2621 1874,2621 2006,2621 2137,2621 2268,2620 2400,2620 2531,2619 2662,2618 2794,2616"/>
                <TextEquiv>
                    <Unicode>en stahn“ bis ins letzte; jeder den Herren bot Herr Forstner die stärkste Leistung Die Servietten sind immer noch schmutzig und feucht</Unicode>
                </TextEquiv>
            </TextLine>
            <TextLine id="r1l58" custom="readingOrder {index:57;}">
                <Coords points="157,2686 2810,2684 2810,2611 156,2633"/>
                <Baseline points="172,2674 303,2673 434,2672 565,2671 696,2670 827,2669 958,2669 1089,2668 1220,2667 1351,2667 1482,2667 1613,2666 1744,2666 1875,2666 2006,2666 2137,2665 2268,2665 2399,2665 2530,2665 2661,2665 2792,2665"/>
                <TextEquiv>
                    <Unicode>dchen ist, mußte genau so gespro= des Abends. Unser Operettentenor ist ein gewandter vom letzten Gast. Die Frau ist eine kokette Katze. Er</Unicode>
                </TextEquiv>
            </TextLine>
            <TextLine id="r1l59" custom="readingOrder {index:58;}">
                <Coords points="165,2718 2487,2735 2805,2665 165,2679"/>
                <Baseline points="182,2719 312,2718 442,2717 572,2716 703,2716 833,2715 963,2715 1094,2714 1224,2713 1354,2713 1485,2712 1615,2712 1745,2712 1875,2711 2006,2711 2136,2711 2266,2711 2397,2711 2527,2712 2657,2712 2788,2712"/>
                <TextEquiv>
                    <Unicode>Patina an, wurde klassisch. In Schauspieler, ein sorgsamer Wortbehandler, dem der ist ihr „dummer Mann“, den sie betrügt. Sie sind ein</Unicode>
                </TextEquiv>
            </TextLine>
            <TextLine id="r1l60" custom="readingOrder {index:59;}">
                <Coords points="179,2784 2800,2780 2776,2707 179,2735"/>
                <Baseline points="194,2767 323,2767 452,2767 582,2767 711,2767 841,2767 970,2766 1099,2766 1229,2766 1358,2765 1488,2765 1617,2764 1746,2764 1876,2763 2005,2763 2135,2762 2264,2762 2393,2761 2523,2761 2652,2761 2782,2760"/>
                <TextEquiv>
                    <Unicode>Hans Weirings, des Violin= Operettenblödsinn nichts anhaben kann und den wir halbes Jahr verheiratet. Bevor er sie zu seiner Frau</Unicode>
                </TextEquiv>
            </TextLine>
            <TextLine id="r1l61" custom="readingOrder {index:60;}">
                <Coords points="181,2820 2762,2844 2824,2768 181,2784"/>
                <Baseline points="196,2818 326,2818 457,2818 587,2817 718,2817 848,2816 979,2816 1109,2816 1240,2815 1370,2815 1501,2814 1632,2814 1762,2814 1893,2813 2023,2813 2154,2812 2284,2811 2415,2811 2545,2810 2676,2809 2807,2808"/>
                <TextEquiv>
                    <Unicode>Theater, schuf Schnitzler über= immer sympathisch im Schauspiel begrüßen werden, nahm, ist er aufe Schloß rasieren gegangen. Damals</Unicode>
                </TextEquiv>
            </TextLine>
            <TextEquiv>
                <Unicode>Liebelei
box 12/8
A0 A.   GA SA
„
A
dies den Typus des „süßen Mädels“. Auch das wäre Erscheinung und Temperament prädestinieren ihn für
knst und Literatur.
eines Jubiläums würdig, auch das hebt die Bedeu= den Theodor. Er war beinahe wienerisch. Herr Gerth
ist zwar kein Fritz, wie sich ihn Schnitzler wünschen
tung dieses Theaterstückes über die Vergangenheit hin¬
Der Barbier von
aus und glorifiziert Wien in alle Ewigkeit.
würde, ist aber intelligent genug, sich auch in ihn zu
Verriac.
schicken. Herr Weyrich spielte den Hans Weiring
schrieb unter das Personenver¬
in traditioneller Weise.
So trägt das Stück so viel Werte in sich, daß ihm
pieies „Liebelei“, die Anmer¬
die Darstellung bei wenigstens einiger wienerischer
 Zeit: Gegenwart.“ Der Ort
eine einaktige Komödie von
r stimmt bei Schnitzler immer), Behandlung nichts anhaben kann. Wird es von echt Dann
von Berriac“. Auch Mell
stimmen, denn das Erlebnis der wienerischen Menschen gespielt, dann löst sein Moll= Max Mell¬
ist ein Wiener, ##
Zeitalter gebunden. Aber diese ton, jenes „Zärtliche ohne Pathos“ das von ##
ngerer, einer mit schönen
ichterischen Talenten, die immer### vielversprechend
, es ist also ein Vierteljahrhun= ausgeht, unser Gemüt in allen Fasern auf. 2#### 
genscheinlich
ind Er schafft nicht viel, be
burger Aufführung war wohl nicht durchwegs wien¬
nigen, so daß dieses so liebe, uns
er was er
risch, aber sie gelang so. daß auch ihr die Herzen ent= in der Tretmühle des Journa##
e Stück ein Jubiläum feiern
gegenschlugen. Frl. Schefranek, die echte Tränen schreibt, kommt aus einem Dichterheig 
erer Berechtigung ein Jubiläum,
weinte, ist zur Christine=Darstellung berufen. Ste#nersten Lyriker. „Der Barbier von Berr¬
frisch, so lied, so ans Herz grei¬
freilich noch nicht süßes Mädel genug, ist um ein seinem kontrastlichen #sammenhang zur Auffühenn
Erstaufführung vor 25 Jahren.
mit Schnitzlers „Liebelei“. Wie in dieser wird dort
würde, daß alles Sonstige, das Quenichen zu sehr in sich gekehrt; der Gefühlsaus¬
ist's da umgekehrt
den Weg alles Vergänglichen bruch im letzten Akt müßte elementarer sein. Aber es
nur zur Erholung geliebelt,
Hirne. Und ist ein
seiner „Liebelei“ möchte man's war wieder eine schöne Talentprobe. Hingegen hatte! Da tut es eine Frau, nei#
 sondern in der
Fann es nicht annehmen: sie ist die „Frau eines Strumpfwirkers“ Frau Czernitz= Eifersuchtsakt und spielt nich
st vielleicht das wienerischeste Renn wienerische Klassizität im Blute bis in die Grafschaft Laon in Frankreich, vor dem Ausbruch der
en worden und wienerischer nicht Angenwimpern, bis in die Fingerspitzen, ja bis in die canzösischen Revolution, in einem Barbierladen.
en wird; es hat Klassizität in der zeitgemäße Kleidung. Auch die Mizzi Schlager fand Nanette, die Frau des Barbiers. Seine Wirtschaft
Menschen, im Ton. Hier muß in Frl. Jusa eine onnehmbare Verkörperung. Von geht zurück, denn seine Frau ist ein „Schmutfink“.
en stahn“ bis ins letzte; jeder den Herren bot Herr Forstner die stärkste Leistung Die Servietten sind immer noch schmutzig und feucht
dchen ist, mußte genau so gespro= des Abends. Unser Operettentenor ist ein gewandter vom letzten Gast. Die Frau ist eine kokette Katze. Er
Patina an, wurde klassisch. In Schauspieler, ein sorgsamer Wortbehandler, dem der ist ihr „dummer Mann“, den sie betrügt. Sie sind ein
Hans Weirings, des Violin= Operettenblödsinn nichts anhaben kann und den wir halbes Jahr verheiratet. Bevor er sie zu seiner Frau
Theater, schuf Schnitzler über= immer sympathisch im Schauspiel begrüßen werden, nahm, ist er aufe Schloß rasieren gegangen. Damals</Unicode>
            </TextEquiv>
        </TextRegion>
    </Page>
</PcGts>
