3484 4320
295 239 1438 351 5. Liebelei box 11/5
480 296 878 366 en ene ere uen ten eneen un une
776 972 925 1065 1468
1750 988 2306 1068 No. 39. 28. September 10.
1379 977 1686 1067 SIGNALE
770 1097 2303 1180 wäre. Wer das Schauspiel kennt, wird kaum begreifen, wie der erste Akt mit
767 1157 2296 1212 seinen kurzen Dialogfetzen musikalisch eingekleidet werden konnte. Das war
769 1230 2300 1280 auch sicher keine leichte Arbeit und selbst der Kanst Neumanns ist es nicht
771 1275 2294 1326 irmer gelungen, den leichten Ton zu treffen. Die Musik beschwert diesen
775 1326 2289 1379 flüssigen Dialog oft unnötig, gibt den harmlosesten Dingen eine unnötige Ge¬
785 1362 2293 1433 wichtigkeit und bringt dortsein Pathos hinein, wo man kaum eins erwartet.
784 1416 2296 1478 Wenn dann Worte wie „Pfropfenzieher“ oder „Konversationslexikon“, oder
783 1461 2306 1527 „Moccacremetorte“ mit Gefühl und Würde gesungen werden, so gibt das dem
769 1521 2300 1578 ästhetischen Empfinden doch immerhin einen Stoss, der nicht so schnell über¬
782 1550 2305 1621 wunden wird. Auch ironischen Bemerkungen wird durch die Vertonung oft die
775 1616 2302 1674 Spitze abgebrochen. Es klingt nicht mehr witzig, sondern unangehm ernüchternd,
773 1658 2297 1713 wenn der ach so lange und schöne Kuss der Liebenden von einem dritten durch
770 1704 2301 1760 die Frage nach einem — Zündholz so jäh abgebrochen wird. Doch das sind
768 1764 2306 1820 Ausstellungen allgemeiner Natur, die besonders dem ersten Akte gelten. In den
767 1808 2297 1868 beiden Schlussakten kommen die lyrischen Partien stärker zur Geltung und sind
766 1863 2304 1919 in ihren Stimmungen richtig eingefangen worden. Neumann ist vor allen Dingen
781 1910 2314 1962 ein Meister der Instrumentation. Das Orchester klingt sehr schön und bringt
780 1942 2315 2018 immer neue Reize, ohne die Reizungen der Hypermodernen zu verwenden. Melodie
782 2014 2317 2065 ist Trumpf, alles singt und klingt, und wäre die Harmonisierung nicht so gewählt,
772 2050 2305 2095 so würden bisweilen die musikalischen Gedanken sentimal anmuten. So aber
773 2096 2309 2169 klingt alles vornehm und hochanständig, Puccini gibt den Grundton an. Von
778 2149 2306 2216 Reminiszenzen ist das Werk vollständig frei, sodass es falsch wäre, von Kapell¬
771 2201 2313 2259 meistermusik zu reden. Da den Sängern dankbare, wenn auch schwierige
774 2252 2308 2318 Aufgaben zuerteilt sind, und die Aufführung der Oper nur einen kleinen Apparat
776 2299 2309 2367 (zwei Zimmer, keinen Chor, wenig Personal) erfordert, so dürfte das neue Werk
775 2348 2289 2412 für ziele Bühnen bald praktische Bedeutung erlangen. Die Aufführung war vor¬
771 2416 2304 2458 züglich, Dr. Rottenberg dirigierte für seinen Kollegen Neumann, Intendant
781 2458 2304 2513 Jensen hütete die Regie. Frl. Sellin war als Christine unübertrefflich, Herr
783 2500 2312 2570 Gentner als Fritz äusserst passend. Auch Arthur Schnitzler war anwesend
769 2546 2314 2616 und musste sich neben dem Komponisten die Huldigungen der Menge gefallen lassen.
769 2590 2317 2661 Dieser aber wurde gefeiert, wie hier lange kein einheimischer Künstler gefeiert
785 2646 2306 2715 worden ist. Und wenn Neumann den Lorbeerkranz betrachtet, auf dessen
769 2697 2308 2757 Schleife ihm die boshaften Kellegen geschrieben hatten „Unserm lieben Franzl
766 2754 2309 2827 zu seiner ersten Liebelei“, so wird er sich gern des Tages erinnern, an dem
770 2805 1985 2863 er den Lohn für jahrelange, wenig anerkannte Arbeit gefunden.
1840 2834 2265 2909 Hugo Schlemüller.
893 2980 2164 3068 Kleinere Mitteilungen von hier und dort.
898 3059 2312 3118 „Vor dem Hunde wird gewarnt“ liest man am Eingang einer Villa
777 3108 2304 3160 im schönen Garmisch. Der Besitzer der Villa, Richard Strauss, verteidigt
782 3170 2296 3220 sich also gegen Eindringlinge, die den Frieden seines Heims stören könnten,
775 3215 2302 3271 durch Hundebisse. Stören ihm aber die bösen Zeitungen gar die Kreise seiner Ver¬
776 3264 2301 3320 träge mit den Bühnenvorständen, dann verstcht er es selbst, umsichzubeissen.
769 3307 2302 3379 Und dabei wird ihm alles, der Angriff wie die Verteidigung, zur Reklame, für
773 3352 2304 3420 das erst zu erwartende Werk! Wahrhaftig, so berühmt wie der „Rosenkavalier“.
775 3397 2310 3466 mit Hilfe der dienstwilligen Zeitungen schon vor der Aufführung geworden ist,
765 3455 2304 3509 kann er nach der Aufführung kaum bleiben, selbst wenn er ein unerhörtes
769 3507 2317 3571 Ret#gesitorisches Unikum wäre. Aber wenn Richard Strauss in seinem Manifest,
