3436 4224
323 132 729 210 Liebelei
891 131 1255 205 box 13/1
204 136 723 242 5. B
1223 1132 1392 1211 52
616 1129 1036 1236 Grazer Tage
978 1328 1481 1444 23.1Al 1934
586 1500 1461 1549 Im Prater blühn wieder die Bäume:
534 1543 1490 1614 Das war eine interessante Uraufführung im Volks¬
523 1603 1461 1655 theater am Pfingstsonntag. Verfasser J. Her¬
521 1634 1472 1689 mann. Rundfunk und besonders der Film haben
533 1697 1464 1747 uns an Musik und Wortknappheit gewöhnt: Musik
534 1733 1476 1793 und Bild sollen breiten Dialog ersetzen. Und hier
524 1779 1460 1828 findet man geradezu etwas wie einen neuen Stil.
530 1825 1475 1889 Musik behält die Führung, sehr viel Orchester,
533 1877 1460 1928 Spieluhr, Gesang auf und hinter der Szene, eine
523 1928 1462 1982 Art illustriertes Potpourri, das sehr gut wirkte. Be¬
530 1970 1464 2017 kannte Wiener Melodien sind geschickt in der Hand¬
524 2020 1466 2067 lung verankert, so daß sie dort zwanglos als deren
525 2065 1469 2114 Anlaß, nicht als zufällige Beigabe wirken (so im
528 2118 1466 2169 3. Akt, der eine heitere Umformung von Artur
519 2161 1467 2230 Schnitzlers Liebelei“ bringt das: „Dein Mutterl war
520 2191 1466 2263 a Wienerin“). Alles ist gut verwoben und ver¬
521 2253 1456 2310 sponnen. Manches, wie der Schluß des 3. und
536 2319 1465 2362 4. Aktes, löst sich ganz in Melodram oder in
531 2350 1458 2395 Pantomime auf und bekommt trotz der Stumm¬
517 2412 1463 2458 heit durch Bild und Melodie doch eine intensive
532 2445 1460 2496 ernste und heitere Deutbarkeit und Klarheit. Im
534 2492 1465 2553 Stück, in dem auch Kürze wohltuende Würze ist,
533 2548 1461 2586 gab Direktor Groß das heitere Seitenstück zum
527 2589 1463 2652 Papa Musiker in „Liebelei“, ein liebes altes Herrl
524 2645 1460 2688 voll Güte und vergnügter Verschmitztheit. Einen
518 2682 1465 2744 Vortragserfolg im ernsten Lied wie er hatte auch
522 2735 1462 2784 Milla Schreiner schon im 1. Akt mit dem
525 2778 1465 2832 „Doch wenn dir das Leben ein Stückerl vom Glück
532 2829 1469 2878 beschert" Sie gab auch in der Prosa einem zu
522 2876 1468 2947 Unrecht gekränkten Herzen ergreifenden Ausdruck.
2050 348 2910 446 „OBSERVER
2162 429 2860 503 I. österr. behördl. konzessioniertes
2134 477 2896 549 Unternehmen für Zeitungs-Ausschnitte
2197 533 2827 615 WIEN, I., WOLLZEILE 11
2264 594 2735 651 TELEPHON R-23-0-43
2062 711 2451 790 Ausschnitt aus:
2186 779 2774 910 The Vienas doraf, Tiea
2058 938 2214 1022 vom:
2315 967 2842 1089 25 MA 1934
2091 1123 2453 1202 Theatres
2113 1231 2895 1298 HUGO THIMIG RETIRES
2378 1295 2602 1365 AT 80
2455 1466 2587 1521 Se e
2511 1575 2558 1671 S
2146 1923 2898 1982 The famous Austrian actor, and
2101 1981 2895 2039 Dean of his profession, Hugo Thimig,
2093 2022 2897 2098 father of the brilliant family of
2103 2082 2897 2135 actors and founder of the famous
2103 2123 2907 2182 theatre collection which has formed
2110 2171 2901 2226 the nucleus of the Vienna National
2099 2222 2910 2282 Librory Theatre Collection, the
2108 2273 2899 2330 finest in the world, is to celebrate
2107 2318 2768 2399 his 80th Birthday on June 13.
2161 2368 2914 2446 Director Hermann Röbbeling of
2103 2421 2916 2485 the Burgtheater invited the famous
2104 2478 2901 2541 artist to appear on his birthday in
2114 2535 2904 2593 his most famous role, that of Striese
2114 2575 2910 2648 in the farce, The Rape of the
2115 2625 2913 2698 Sabines“. Unfortunately for Vien¬
2117 2667 2918 2737 nese theatre-goers, whose favourite!
2106 2733 2911 2793 actor he is, Thimig has declined this
2121 2770 2916 2841 invitation on the grounds that he¬
2121 2818 2910 2888 intends to spend this birthday in
2124 2877 2927 2948 retirement and has resolved to giveg
2117 2932 2602 3007 up the stage entirely.
2169 2974 2918 3035 Until the end of last season, Hugo
2123 3026 2910 3094 Thimig was a member of the Theater
2128 3088 2913 3132 in the Josefstadt Ensemble, and as
2121 3122 2913 3182 his last role played the musician,
2122 3176 2885 3244 Weiring, in Schnitzler’s“ Liebelei“
2191 3214 2905 3275 In arecent interview, Thimig
2132 3265 2915 3315 declared:“T am not. going to act any
2130 3295 2923 3361 more because I have reached that age
2125 3338 2933 3398 when the public can hardly be expected
2133 3381 2915 3436 to tolerate an actor any longer. I
2131 3414 2919 3472 should have loved to play with my son
2126 3452 2919 3507 on the same stage at the Burgtheater,
2131 3503 2919 3548 with which so many years of my life
2126 3540 2574 3590 have been bound up.
2204 3565 2926 3627 At any rate, I have the satis¬
2127 3616 2918 3660 faction of knowing that, until I left the
2135 3647 2933 3704 stage at the Josefstadt, nobody ever
2130 3690 2921 3748 observed any signs of fatigue on my
2126 3722 2923 3786 part. I prefer that the Viennese public
2141 3762 2924 3826 should regret that I no longer act
2139 3805 2931 3860 rather than that they should regret
2128 3854 2544 3911 that I still do act.“
