3532 4256
416 232 788 304 Liebelei
253 203 1403 353 5. box 12/6
2018 71 2206 161 S
1869 131 2911 202 Arthur Schnitzler Gestern gelangte das be¬
1864 165 2938 245 ersck Schauspiel in unserem
1855 231 2927 316 neuen Häuse zum erstenmale zur Aufführung.
1870 262 2932 358 Es ist dies wohl unstreitig das beste Werk
1857 307 2941 418 des Wiener Arztes und Dichters, denn seine
1862 363 2940 458 ganze Eigenart spiegelt sich in diesem wie¬
1870 403 2931 487 der Schnitzler, dessen Domäne und eigent¬
1870 462 2935 552 liche Stärke der „Einakter“ ist, ging in die¬
1877 507 2944 594 ser Dichtung von der dramatischen Stubie zur
1876 554 2943 657 größeren dramatischen Komposition, vom skep¬
1874 584 2967 694 tischen Lächeln zu vertiefter, einster Betrach¬
1865 641 2955 754 tung, über. Auch hier bewegt er sich als ech¬
1870 698 2959 790 #ter Naturalist wieder im engen Kreise des
1888 755 2968 820 bürgerlichen Lebens der Gegenwart, auch hier
1888 798 2948 880 spielen wieder das „süße Mädchen“ die ver¬
1891 846 2956 927 heiratete Frau, die ein Verhältnis hat, der
1901 905 2956 980 Liebhaber und der Freund eine große Rolle
1954 933 2965 1012 lauter ureigen Gestalten Schnitzler'scher
1895 986 2968 1077 Muse; — auch hier liefert er uns einen Bei¬
1901 1030 2968 1134 trag zur Psychologie der „lieben, füßen Mäd¬
1906 1086 2970 1160 chen“, wie Wolzogens wohlklingende Namen¬
1879 1138 2978 1257 gebung lautet. Und nun käme die Handlung:
1989 1175 2986 1261 Ein junger Student, Fritz Lobheimer (Herr
1896 1237 2953 1329 Gebhard dem das Lieben gewohnte Beschäf¬
1895 1299 2990 1351 tigung ist, lernt in Christine Weiring (Frl.
1909 1340 2980 1401 Herting) ein junges Mädchen kennen, dees ihn
1911 1366 2986 1465 wirklich innig liebt. Sie ist die Tochter eines
1909 1425 2979 1503 ellten Violinspielers vom Josefstädter Theater.
1913 1476 2970 1563 (Herr Schleger). Sie nimmt das Verhältnis
1915 1498 3008 1603 tiefernst, andessen es Fritz nur als Liebelei
1907 1570 2993 1652 auffaßt. Zwei Tage, nachdem er Christine be¬
1920 1634 2983 1708 sucht hatt, erfährt sie, daß er im Duell ge¬
1920 1671 3003 1764 fallen ist, um eine andere, verheiratete Feau#¬
1922 1724 2985 1805 Keine Zeile zum Abschied hatte ihr Fritz hin¬
1916 1745 3004 1859 terlassen, ja nicht einmal seine Leiche darf sie
1933 1828 3003 1902 mehr sehen. Da fühlt Christine, daß sie ihm
1925 1853 3003 1959 im Grunde nichts gewesen, obgleich sie ihm
1928 1912 2988 1989 alles gab. Und so macht sie ihrem Leben durch
1922 1972 2995 2063 Selbstmord ein Ende. — Hier bildet die Vor¬
1931 2017 3005 2104 führung eines leicht in den Tag hinein leben¬
1920 2046 2999 2176 den Liebespaares den Hintergrund für die
1933 2109 2993 2189 ernste Schilderung der aus dem Spiele erwach¬
1933 2162 3002 2250 senden, tieferen, das ganze Leben des Mäd¬
1946 2222 2990 2298 chens durchzitternden und vernichtenden Nei¬
1930 2295 2090 2367 gung.
2027 2298 3020 2385 Die Aufführung auf unserer Bühne kann
1888 2364 3038 2438 =werden; insbesondere gebührt dem Spielenel¬
1950 2426 3039 2497 Herrn Gebhard für seine stimmungsvolle,
1952 2469 3044 2549 liebevolle Inszenierung, sowie für das flotte
1965 2534 3032 2584 Zusammenspiel vollstes Lob. Auch sein Fritz
1939 2572 3046 2643 wurde von ihm in Sprache und Geste durch¬
1919 2614 3043 2680 aus lebenswahr verkörpert. Sein treuer
1955 2670 3035 2718 Freund, der gute Kerl Theodor fand in Herrn
1936 2703 3035 2780 [Dekner einen flotten, der Rolle voll ge¬
1948 2775 3034 2837 wachsenen Darsteller. Besonders im ersten Akt
1962 2817 3042 2884 woirkte sein, von jeder Uebertreibung freier,
1961 2862 3042 2934 warmer Humor erquickend Seine ebenbürtige
1956 2912 3037 2989 Partnerin, Frl. Targler, stellte das Modi¬
1966 2962 3032 3034 stenmädchen Mizzi, mit dem leichten Sinn, und
1954 3020 2999 3081 dem guten Herzen, schick, urwienrisch, dar.
2065 3064 3035 3121 In Spiel und Auffassung gleich lobens¬
1962 3101 3035 3161 wert war Frl. Herting in der schwierigen
1956 3160 3028 3221 Rolle der Christine. Nur wäre nächstens manch¬
1965 3197 3038 3267 mal etwas mehr Deutlichkeit zu wünschen.
1952 3258 3035 3320 Auch scheint Frl. Herting manchmal, was
1957 3305 3047 3374 Dialekt anhelangt, vergessen zu haben, daß
1965 3349 2965 3419 sie an der schönen, blauen Donau lebt.
1966 3403 3035 3468 In Maske, Sprache und Darstellung ein Ka¬
1962 3447 3040 3517 binettstückchen brachte Herr Schleger als
1959 3491 3039 3559 Weising auf die Bühne. Doch auch ihm kann
1954 3548 3035 3622 für nächstes Mal, speziell im letzten Akte, mehr
1968 3590 3042 3664 Deutlichkeit empfohlen werden. — Auch die
1951 3645 3040 3707 übrigen kleineren Rollen, waren durch Frl.
1951 3711 3035 3759 Ullrich und Herrn Mohr gut besetzt. Schließ¬
1953 3743 3033 3812 lich wäre noch zu bemerken, daß das sehr
1958 3806 3043 3859 mäßig besuchte Haus allen Darstellern ver¬
1955 3838 3040 3909 dienten Beifall zollte und daß vielleicht näch¬
1959 3872 3043 3956 stens im Schauspiel die höchst überflüssige, nur
1971 3940 3036 4000 störend wirkende Zwischenaktmusik lieber fort¬
1956 3989 3037 4061 bleiben sollte, denn: entweder was Gutes —
1960 4038 2997 4135 oder gar nichts 144 —Th—.
2957 4080 3068 4127 rer
