3060 4224
448 160 652 229 Lieb
289 159 898 268 5. Mnnnnennn
975 159 1415 256 box 10/3
1940 130 3062 193 lesen in der preisgekrönten und wahrhaft vortrefflichen Monogre
1940 178 3056 226 über „Heinrich von Kleist“ von Otto Brahm, was Wur
1938 221 3059 270 daß der Direktor des Deutschen Theaters diesem Lustspiel seine
1951 256 3057 303 sondere Sorgfalt zugewendet und das Urteil des Literarhistor
1945 297 3063 340 gewissermaßen thatsächlich bestätigt hat. Ganz ausgezeichnet abe
1938 333 3059 371 es ihm gelungen, das war wirklich ein Bild aus dem Leben
1943 372 3058 420 vollen satten Farben und herzhaft lachendem Humor, als sei
1933 413 3056 465 alter Niederländer aus dem Rahmen herabgestiegen. Der D
1934 491 3057 535 echt im Kolorit, nur hie und da etwas zu grell aufgetra
1934 529 3059 572 der fleißige und begabte Künstler kann sich jetzt schon den besten
1934 573 3054 624 stellern dieser Itolle an die Seite stellen, und beseitigt er noch
1928 614 3056 654 Zuvick, dann bleibt nichts mehr zu wünschen übrig. Der Ke
1935 647 3058 690 der unverfrorenen Frechheit mit dem bösen Gewissen war von gera
1926 685 3056 725 überwältigender Wirkung. Wenn er auch die Szene und das Inte
1926 720 3050 761 beherrschte, standen die Andern ihm doch ebenbürtig zur Seite,
1930 753 3058 808 Schreiber Licht mit seinem kriechenden Ehrgeiz (Hans Fisch
1930 805 3064 848 Frau Martha Null, die streitbare, prozeßsüchtige Bäuerin (M.
1937 844 3054 888 Meyer), Eva und Ruprecht (Helene Staglé und Paul Bie
1928 875 3061 928 feld), diese naiven Charaktere voll frischen poetischen Lebens, kur
1925 920 3055 970 alle wurden so, wie sie der feinsinnige Kritiker Brahm entwi
1924 953 3056 1003 von den Künstlern des Direktor Brahm überzeugend vorgeführt,
1922 994 3064 1060 war ein wirklicher Genuß, der mit freudigem Beifall gewürdigt
1926 1034 2216 1090 gelohnt wurde.
2013 1051 3064 1122 Auch „aus dem Leben des Tages, aus Beobachtung und
1926 1107 3065 1152 fahrung geschöpft“, erschien sodann zum ersten Mule: „Liebe
1929 1152 3064 1216 Schauspiel in 3 Akten von Arthur Schnitzler. Aber hier war
1937 1185 3064 1238 „Wirklichkeitssinn“ weder frisch, noch kräftig und behaglich. Aus
1926 1226 3055 1275 frischen Landluft in die schwüle, sentimental parfümirte Grise
1925 1261 3064 1317 katmosphäre. Neben dem klassischen Realisten nahm sich der mod
1938 1304 3057 1347 Realist im Ganzen recht trübselig aus, und sein Aufputz stach
1921 1342 3064 1394 jener schmucklosen Natürlichkeit durch geschminkte Fadenscheinigkeit
1921 1383 3042 1427 vorteilhaft ab. Daß ein junger Mann ein Verhältnis hat,
1919 1415 3058 1469 Modistin ist und Mizi Schlager heißt, ist auch außerhalb W
1928 1462 3057 1508 nichts ungewöhnliches, und nirgend wird es auffallen, wenn d
1922 1497 3054 1542 umgekehrte Tugendspiegel seinen Freund von der Lie
2600 1532 3066 1585 der von der Eifer
2189 1530 2585 1586 verheirateten Frau,
1925 1538 2037 1582 mit
1923 1571 3011 1619 des Gatten drohenden Gefahren halber, abzubringen
1922 1623 3026 1665 und kein besseres Gegenmittel kennt, als die etwas
1922 1640 3041 1701 barere Freundin seiner Geliebten, die auch sofort bereit ist, sich
1927 1690 3058 1736 nehmen zu lassen. Und so soupirt denn dieses Vierblatt den ga
1921 1733 3066 1777 ersten Akt hindurch in der Wohnung des Geheilten, die Garten
1921 1777 3066 1819 aus „Faust“ nur daß das kupplerische Paar nichts teuflisches
1922 1812 3064 1861 sich hat, wihrend das andere allerdings die Sache mit vorschr
1930 1856 3052 1903 mäßiger Sentimentalität anfaßt. In dieses Liebesmahl platzt
1930 1889 3065 1938 steinerne Gast hinein, „ein Herr“, wie er auf dem Zettel heißt,
1923 1926 3064 1967 Gatte jener Dame, der die Beweise ihrer Untreue in Händen
1931 1964 3065 2007 und von dem Liebhaber Rechenschaft fordert. Die weibli
1929 2006 3065 2056 Teilnehmerinnen des Quartetts waren vor dem Besuch in das Ne
1935 2049 3064 2091 zimmer geflüchtet, haben also den Grund der Störung nicht erfah
1936 2092 3064 2144 über einer brünstigen Abschiedsumarmung des neuen Liebespa
1936 2128 3055 2169 senkt sich der Vorhang, und der Dichter erscheint. Der zu
1926 2165 3056 2216 Akt spielt im Dunstkreis, will sagen in dem bescheid
1928 2194 3055 2246 Stübchen Greichens, die aber Christine Weiring heißt und
1935 2244 3045 2291 Tochter eines Violinspielers am Josephstädter Theater ist, br
1930 2271 3058 2318 Mann und zärtlicher Vater, im übrigen Witwer. Ein Brackenb
1931 2307 3059 2370 wird in der Ferne gezeigt, aber Gretchen, die auch Klärchen hei
1929 2361 3050 2407 könnte, liebt nur ihn, der weder ein Faust noch ein Egmont ist.
1932 2397 3064 2443 brave Nachbarin, die den ehrlich gesinnten Diurnisten in Bereitse
1931 2428 3060 2484 hält, warnt, man munkelt schon. Vergeblich, die Bethörte hält unerschüt
1927 2477 3057 2523 lich an seiner Liebe fest, der sie Ehrlichkeit und Dauer zutraut, obn
1921 2511 3026 2554 die erfahrene Freundin ihr vorhält, daß sie dafür es
1930 2526 3065 2614 dumm angefangen habe. Das ist ein realistisches Mäd¬
1930 2584 2410 2640 das immer schon an
2413 2581 3052 2646 den Nächsten denkt. Der V
1924 2637 3023 2684 geht in's Theater, der Geliebte erscheint hat er ihr
1927 2663 3052 2713 gestern seinen Besuch versprochen. Er sieht sich überall um, d
1924 2714 3066 2759 kosen sie, bis ihn der Freund abholt, morgen findet das Duell st
1934 2747 3057 2799 Natürlich weiß sie nichts davon, über einer brünstigen Abschie
1930 2780 3065 2838 umarmung der Liebenden senkt sich der Vorhang, und der Dichter
1931 2822 3065 2869 scheint. Im dritten Akt, der den Schauplatz nicht wechselt, harrt
1923 2872 3039 2912 des Geliebten. Statt seiner kommt der Vater, sie hat ihm
1926 2905 3058 2950 vorher alles offenbart, und ist er stillschweigend fortgegang
1924 2937 2376 2997 Wahrscheinlich hat er
2380 2943 3041 2986 den linkshändigen Schwiegersohn
1935 2988 3066 3038 gesucht und einen Toten gefunden. Langsam bereitet
1925 3009 3031 3061 sein Kind vor, was er nur andeutet, erfährt sie von
1938 3057 3043 3108 Freund, der mit dem letzten Gruße herbeieilt, von seiner
1935 3099 3065 3148 liebten begleitet. Furchtbare Seelenkämpfe, schier endlose Marter,
1933 3133 3066 3175 sie den gewaltsam sie Zurückhaltenden sich entreißt. Während
1923 3176 3039 3218 beiden jungen Leute ihr nacheilen, bricht der alte Vater mit
1923 3215 3051 3256 Schmerzensruf zusammen: „sie kommt nicht wieder,“ auch der A
1926 3253 3065 3308 hang fällt, und nur der Dichter kommt noch mehrere Male zum V
1930 3286 2952 3354 schein. Das Deutsche Theater weiß seine Dichter zu ehren.
2007 3326 3064 3376 Gewiß ein bemerkenswertes Talent, dem noch die Ruhe und R
1921 3364 3058 3413 fehlt, und das auf falschem Wege befangen. Eine endlose Rede
1927 3408 3065 3448 eine sehr dünne und unerquickliche Handlung, und dabei sind
1928 3443 3056 3489 Konflikte weder modern, noch interessant. Der Dialog ist stellenw
3024 3485 3053 3510 —7
1918 3489 3060 3530 sehr frisch und gewandt, und soll es dem Dichter als besonderes A
1922 3526 3064 3577 dienst angerechnet werden, daß sein Held zwar kein H
1919 3562 3065 3610 aber doch wenigstens kein Lump ist. Das von einem Wie
1918 3600 3061 3647 verfaßte und in Wien spielende Stück wurde von Wien
1918 3632 3056 3686 vortrefflich dargestellt und erhielt so einen anmutenden Lokalt
1924 3682 3056 3727 Der Preis gebürt Agnes Sorma (Christine), die das grisett
1926 3714 3065 3764 hafte Gretchen meisterlich mit vollendeter Natürlichkeit entwickelte
1921 3756 3056 3796 durch ihre hinreißende Kunst die Qual der Schlußszene gänzlich 1
1917 3795 3064 3839 gessen machte. Dicht an sie heran ragte Emanuel Reicher (Ha
1921 3837 3057 3888 Weiring), ein vollendeter Künstler, wenn er nicht künstelt und sein
1922 3874 3061 3919 natürlichen Gang nicht auf dem Cothurn emporstelzt. Wie rührend
1923 3911 3064 3960 schon die äußere Erscheinung und Haltung des alten verschlisse
1915 3948 3024 3992 Orchestergeigers mit dem künstlerischen Anstrich, wie
2127 3988 2219 4030 die
2245 3983 2758 4037 väterliche Angst bei
2755 3980 3054 4040 der Vorbereitt
1920 3987 2093 4042 greifend
1918 4016 3059 4072 des ahnungslosen Kindes auf den entsetzlichen Schlag. Jose
1923 4063 3056 4121 Jarno (Theodor Kaiser) und Gisela Schneider (M
2999 4111 3066 4146 PER
