3484 4224
296 157 701 227 Liebelei
842 155 1288 243 box 12/8
286 208 710 261 eeenteterrerete eten tereen
520 1038 1242 1154 Klose & Seidel
571 1143 1184 1219 Bureau für Zeitung seusschunte
510 1195 1221 1283 Berlin NO. 43, Georgenkischplatz 21
674 1297 997 1414 Weser
1006 1351 1084 1439 #
485 1369 697 1448 Zeitung:
961 1399 1140 1490 Dig.
484 1435 623 1506 Ort:
676 1431 945 1538 Aehie
482 1511 671 1586 Datum:
729 1529 803 1589 A
966 1528 1246 1601 #E
660 1570 1168 1659 13. 00N 192)
443 1715 1221 1804 „Bremer Schauspielhaus.
695 1790 1040 1855 Schnitzler=Abend.
334 1845 1457 1900 Von Schnitzlers Werken wird neben seinen kleinen Novellen
272 1893 1460 1957 wohl nür noch das Schauspiel von der Liebelei auch in zwanzig
279 1935 1453 1989 Jahren noch erträglich sein, denn hier treibt er nicht nur ein
275 1989 1453 2043 unterhaltsames Spiel mit geistreichen Worten, sondern rückt
271 2012 1460 2082 auch ein volles Stück Menschenleben vor uns hin. Zwar be¬
269 2068 1460 2128 schreibt er auch hier mehr, als daß er gestaltet, zwar kommt er
268 2116 1454 2159 auch hier ins eigentlich Dramatische hinein, aber es steht
275 2157 1460 2207 eine sehr feine Kunst der Beseelung hinter diesen gewöhnlichen,
271 2185 1462 2244 schlichten Geschehnissen, denen zum großen Drama nichts anderes
269 2242 1450 2305 fehlt als das Wichtigste, die Blutwärme des Dichters Doch:
284 2278 1491 2351 Er ist durchaus Wiener, ein Mann mit einer süßen Wehmut,
268 2389 1460 2458 einem heiteren Lebensüberdruß, einem spielerischen Ernst, einer
271 2431 1464 2502 schwermütigen Lustigkeit. Man denkt bei ihm immer an den
278 2475 1463 2530 Backfisch, der sich nach einem großen Weltschmerz sehnt und
280 2507 1457 2589 Prallinees, hört auf seine gescheiten Worte mit wohl temperier¬
269 2564 1453 2632 ten Gefühlen und sieht mit lauer Lust der Entwickelung der
266 2610 1454 2677 Dinge zu, die sich letzten Endes in eine ganz windschiefe Psycho¬
272 2634 1456 2724 logie verläuft. Unter Ludwig Bargs Regie gab sich alles sehr
266 2697 1448 2764 natürlich, sehr fein, etwas parfümiert, wie es zu Schnitzler ge¬
263 2740 1459 2793 hört, und etwas getragen ohne den Ernst der Sache allzusehr zu
257 2787 1461 2853 betonen. Martha Schild hob die in dem einfältig guten Herzen
253 2821 1462 2895 der Christine ruhenden Schätze tief erfühlt, war aber doch ein
267 2866 1459 2924 bißchen zu völlig in ihren Formen für ein so armes Hascherl.
271 2897 1455 2983 Paul Mährdel als der andere Anatol, hier Fritz geheißen, war
256 2964 1454 3008 ein lieber Junge voll getragener Melodie. Ludwig Barg gab
255 2999 1459 3066 dem getreuen Theodor die seelenlose Würde des halbseidenen
260 3045 1454 3117 Gent, Gertrud Wagner war ein prachtvoll lebendiger Mensch
255 3076 1451 3158 alt süße Mizi. Den Musikus hüllte Julius Donat in eitel
262 3125 1455 3193 Menschlichkeit und Güte. Neben ihm standen Gertrud Wagner
255 3178 1456 3244 als Katharine und Max Schmack als der einzige Kerl im Stück
252 3219 1460 3287 auf festen Füßen sicher im Kreis. — Der voraufgehenden Kom¬
257 3244 1444 3320 tesse Mizzi fehlte für mein Gefühl die vornehme Ruhe, der er¬
260 3300 1445 3382 sterbende Hauch des Verwesenden. Eine Erfüllung war nur
258 3349 1453 3411 Paula Wirth, und sie stand so lebendig im Rahmen, daß man
260 3387 658 3458 die anderen vergaß.
1220 3407 1442 3487 K. .
2064 1027 2772 1153 Klose & Seidel
2124 1133 2741 1207 Bureau für Zeiung sausschnitte
2059 1198 2781 1278 Ber ln NO. 43, Georgerkischplatz 21
2252 1244 2814 1409 Nachrichten
2045 1362 2256 1440 Zeitung:
2033 1423 2179 1500 Ort:
2342 1384 2724 1544 Bremen.)
2043 1491 2792 1590 Datum: A#un
2395 1557 2499 1618 IN
2009 1749 2991 1806 Bremer Schauspielhaus. Komtesse Mizzi. Liebelei.
1956 1791 2993 1823 Von Artonr Schnitzler. Arthur Schnitzler ist der
1956 1820 2996 1858 gewandteste und kultivierteste Bühnenvertreter des im süßen
1962 1854 2997 1893 Nichtstun nur dem Genuß hingegebenen Wiener Phäaken¬
1958 1890 2996 1932 tuyks. Seine skeptische Resignation hat einen aus be¬
1970 1919 2999 1969 quemer Selbstnachsicht und doch leicht ironischer Bitterkeit
1958 1958 3001 2006 gemischten Nachgeschmack. Was für diese ganze schon halb¬
1952 1984 3002 2034 orientalische Wiener Süße=Mädel=Lebenskunst charakte¬
1951 2026 2996 2070 ristisch ist, das ist natürlich nicht die fehlende Philister¬
1957 2059 2992 2104 moral, sondern das Fehlen jeder tieferen Stellungnahme
1965 2088 3007 2141 zum wirklichen Leben und seinem Inhalt, und der Mangel
1965 2126 2990 2169 an jeder Willenskraft, sei es zum Guten oder Bösen,
1965 2160 2997 2203 überhaupt. Man vergleiche die beiden Hauptvertreter
1956 2189 2997 2240 dieser, dem deutschen Verpflichtungsgefühl dem Leben
1965 2225 2991 2267 gegenüber so ganz fremden und so ganz in verantwor¬
1958 2255 3004 2302 tungslosem Sichtreibenlassen schwelgenden Wiener Rich¬
1960 2299 2992 2339 tung, Schnitzler und Schönher (Hofmannsthal und Beer¬
1961 2322 3009 2367 Hofmann ergänzen sie vortrefflich), so findet man überall
1964 2358 3002 2394 denselben Grundzug der ethischen Empfindungslosigkeit;
1958 2394 2998 2433 es fehlt ihnen eben das Organ dafür. Schönher als roher,
1956 2417 2998 2470 handfester Theatraliker, und Schnitzler als müde blasierter,
1956 2462 2992 2493 feinfühliger, liebenswürdiger Salonplauderer beide sind
1958 2495 2997 2541 wahrlich nicht geeignet, um den vielbesprochenen und
1963 2525 2999 2590 vielberufenen Aufbau der deutschen Volksseele zu unter¬
1954 2556 2117 2607 stützen.
2039 2572 2998 2631 Nun ist ja Schnitzlers Liebelei zweifellos sein
1959 2623 2996 2673 bestes Werk. Es bleibt im kleinen Rahmen, aber es dehnt
1956 2657 3003 2706 sich doch so weit, daß es dem herz= und kopflosen süßen,
1962 2695 3002 2732 kleinen Mädel, der Mizi Schlager, die ernstere, warm¬
1963 2726 2998 2766 blütige, tiefer empfindende Christine gegenüberstellt und
1962 2758 3018 2793 sogar dem „Helden die Todesangst als natürliche Reak¬
1962 2795 3018 2831 tion seines Wesens mit auf den Weg gibt. Jedenfalls ist
1950 2828 3018 2881 die Feinheit der Charakterzeichnung und die schwere
1963 2856 3006 2916 Melancholie der Stimmung von Schnitzler sonst nirgends
1963 2893 3001 2932 wieder erreicht. Und die Aufführung dieses Stückes, in
1964 2930 3009 2974 der Martha Schild die Christine, Gertrud Wagner die
1953 2962 2996 3009 Mizi, Paul Mährdel den Fritz und Ludwig Barg den
1962 2998 2998 3035 Theodor gaben, ließ keinen Wunsch nach Feinheit und
1965 3028 3005 3088 Gedämpftheit der Stimmung offen. Diese Feinheit fehlte
1968 3058 3000 3113 der Aufführung der Komtesse Mizzi, die der
1965 3093 3012 3143 Liebelei voraufging, merrwürdigerweise ganz. Das liegt
1964 3130 3011 3180 zunächst an dem oberflächlicher gearbeiteten Akt selber,
1965 3163 3006 3210 aber offenbar war auch die Besetzung nicht überall aus¬
1969 3199 3006 3236 reichend. Der feine Schliff der Schnitzlerschen Dialoge
1964 3238 3008 3273 kam nicht zur Geltung. So hatte die Liebelei manches
1974 3264 3003 3307 auszugleichen. Und das tat sie. Jedenfalls war der Bei¬
1956 3309 2639 3360 fall am Schluß stark und aufrichtig.
2859 3305 2966 3352 H.
