3484 4224
770 128 1208 218 box 12/8
223 134 637 205 Liebelei
217 186 632 244 ne ie etetete ertene e eseteren
413 506 1084 604 Berliner Börsenseltung
631 714 918 805 8 Okt. 4020
233 792 1132 872 Schnitzler im Schiller=Theater.
262 854 1082 953 „Weihnachtseinkäuse.“ — „Liebelei.“
202 908 1210 988 Die letzte Christine, die wir sahen, war Käte Dorsch.
133 976 1219 1035 ] In ihrem Schauen zu stehen, war gestern Lucie Mann¬
147 1005 1229 1083 heims schweres Schicksal. Das liebe, süße Mädel, das
145 1057 1220 1144 nun einmal von der Regel eine Ausnahme macht, eine
149 1090 1227 1172 Liebelei ernst nimmt und daran zugrunde geht, ist, wie
151 1133 1223 1203 Schnitzler es geformt, typisch Wienerisches Geschöpf. Aus
162 1172 1222 1260 diesem Klima in ein anderes verpflanzt, verliert es seinen
159 1221 1233 1301 Duft, seinen Zauber, seine Anmat. Um es mit einem
161 1255 1232 1359 Wort zu sagen: die Mannheim ist keine Wienerische, ist
158 1299 1240 1380 eine norddeutsche Christine, ist keine Schnitzlerische, ist eine
661 1348 1235 1407 eine Zwuingsschwester der
159 1367 582 1437 Hebbelsche Christine,
160 1398 1242 1474 Tischlermeisterstochter Klara, denkt man und findet, daß
168 1440 1241 1521 ihre Herbheit eher in der Tischlereidüsternis Meister
796 1469 1239 1545 freundlichen Musik¬
628 1491 797 1545 hellen,
500 1497 573 1546 im
172 1500 461 1560 Antons als
1131 1509 1245 1566 sein
163 1515 1108 1601 zimmer des Violinisten Weiring gewachsen
1007 1555 1244 1612 Mannheim
514 1572 861 1633 die Christine
164 1582 503 1647 könnte. Wenn
176 1600 1245 1690 zum fröhlichen Nachtmahl bei ihrem Fritz er¬
172 1641 1249 1725 scheint, trägt ihr Antlitz schon die Wetterzeichen kommender
180 1681 1246 1775 Tragik, zittert aus ihrer Stimme schon das Wissen um das
175 1720 1264 1803 Zukünftige. Im Gegensatz zur Naietät der Dorsch steht
184 1766 1253 1858 hier, wenn man das recht verstehen will, eine literarische
180 1811 1247 1889 Bewußtheit, von allem Anfang an wird die Gestalt als
195 1898 1272 1980 tragisch etikemtiert. Es ist nur Konsequenz, man kann nicht
195 1961 1259 2020 sagen: der verschiedenen Auffassungen, sondern muß
199 1992 1267 2068 sagen: der verschiedenen Naturells, daß die Dorsch seelisch
199 2055 1264 2113 auslischt, die Mannheim sich körperlich auflöst. Jener ist
197 2082 1252 2153 das Weiterleben unmöglich, weil ih rdas Herz zerbrach, —
198 2124 1256 2195 dieser, weil sie (als ein Geschöpf aus Hebbelschen Bezirken)
198 2166 740 2227 die Welt nicht mehr versteht.
262 2200 1265 2281 So vollendet sich das Schicksal der Mannheim=Chriseine
183 2251 1263 2314 sozusagem in einer ihr fvemden Umgebung. Sie erscheint
193 2310 1253 2370 von vornherein wurzellos. Man glaubt ihr nicht das innige
194 2348 1262 2412 Verhältnis zum Vater, dem Jakob Tiedtke mit see¬
196 2384 1270 2460 lischer Verhaltenheit die Angst des Ahnenden, auch Unaus¬
187 2436 1262 2479 gesprochenes Fühlenden gibt; man glaubt ihr nicht die
180 2467 1257 2538 Freundschaft mit der von praller Lebenslust strotzenden
181 2521 1266 2584 Mizi der Maria Paudler; glaubt ihr überhaupt nicht
180 2562 1260 2627 den Verkohr in einem Kreise, in dem die unbekümmer
188 2599 1261 2667 sorglose Hingabe an den Angenblick, wie sie der Theoder
184 2647 1253 2710 Kaiser des jungen Dichtersohnes Heinrich Schnitzler
180 2694 1265 2756 liebenswürdig verkörpert, alle Semtimentalitäten totschlägt.
181 2728 1251 2800 Freilich der Fritz Lobheimer des Richard Duschinsky
174 2778 1261 2837 in seiner Sprödigkeit scheint eher zu ihr zu passen; aber es
179 2816 1261 2881 Gibt zu berücksichtigen, daß hier die Zwiespältigkeit eines
182 2856 1252 2922 Charakters zu geben ist, während Christine den Typ völliger
183 2897 670 2957 Unkomplizievheit darstellt.
243 2925 1255 3029 Der Spielleiter Jehling konnte die verschiedenen
177 2987 1254 3054 Naturells nicht in Einklang bringen. Er ließ jeden Dar¬
183 3033 1238 3093 steller nach seiner Fagon selig werden. Nach seiner Jacon —
181 3078 1253 3123 das gilt selbst im eigentlichsten, im kostümlichen Sinne. In¬
177 3121 1250 3168 sofern die Mädchen sich nach der Mode um die Jahrhundert¬
172 3164 1246 3240 wende kostümieren mußten, die Jünglinge in Jackeitanzügen
175 3197 1041 3263 nach dem neuesten Schnitt erscheinen durften.
243 3248 1248 3303 Zu Beginn des Abends gab man den Dialog „Weih¬
172 3288 1250 3351 nachtseinkäufe“ aus dem Anatol=Zyklus. Sehr hübsch
161 3332 1250 3382 inese Wahl, denn Anatols Hymnus auf das liebe, süße Vor¬
160 3363 1241 3430 sadtmädel hat etwas vom Charakter eine%, Ouvertüre zum
169 3423 1247 3489 tragischen Christive=Schicksal. Aus oin Fabers
171 3468 1233 3530 Munde klingt der Hymnus beinahe inr als die Lebge
173 3508 1244 3573 mann=Eleganz zuläßt; aber wenn Lind Lossen darakf
168 3543 1236 3624 antwortet, so zittert aus mühsamer Beherrschtheit die ewige
167 3601 1247 3652 Sehnsucht des Weibes nach dem Christine=Glück, — selbst
174 3627 950 3706 zum den Preis der bitlersten Entläuschung.
844 3689 1166 3758 Franz Kös be.
2177 287 2676 380 Vorwärts, Berlin
1921 524 2624 655 Schnitzler=Abend.
1728 620 2875 685 Die gestrige von Jürgen Fehling besorgte Neueinstudie¬
1663 682 2883 745 rung von Schnitzlers „Liebelei“ im Staatlichen
1652 740 2888 787 Schiller=Theater war eine Art Jubiläum. Vor genau
1653 767 2873 799 30 Jahren hatte die Uraufführung im Wiener Hofburg=Theater statt¬
1660 802 2883 848 gefunden und Schnitzlers Ruhm begründet. Aus der gestrigen Vor¬
1662 828 2884 900 stellung hätte sehr leicht etwas Kühles, Unlebendiges werden können:
1666 880 2883 929 ein historischer Rückblick, eine theatergeschichtliche Erinnerung, wie
1669 909 2874 973 es vor drei Jahrzehnten auf der deutschen Bühne zugegangen ist.
1666 941 2883 1010 Es wurde mehr: die Tragödie des kleinen süßen Mädels, das an ihrer
1671 991 2874 1041 großen Liebe zu dem Mann aus der anderen Gesellschaftsschicht
1669 1026 2885 1084 zugrunde geht. Diese alltägliche Geschichte stahl sich leise in die
1658 1075 2875 1130 Herzen der Zuschauer, wurde zum persönlichen Erlebnis. Das spricht
1667 1108 2889 1148 um so mehr für den Wiener Dichter, als an der Fehlingschen
1663 1136 2871 1186 Inszenierung mancherlei auszusetzen ist. Er läßt im Kostüm der
1660 1176 2880 1221 90er Jahre des vorigen Jahrhunderts spielen. Warum eigentlich?
1659 1210 2885 1274 Darin besteht ja das Wertvolle an Schnitzlers Drama, daß es heute
1658 1257 2870 1302 so gut wie damals lebendig ist. Die Puffärmelchen und die himmel¬
1666 1293 2883 1346 stürmende Frisur, auf der das Hütchen ängstlich turnt, tragen in das
1663 1334 2887 1386 einpfindsame Schauspiel einen Ton von Lächerlschkeit, für den es zu
1669 1372 2878 1424 schade ist. Ueber den Dialekt hat sich Fehling nicht einig werden
1665 1410 2879 1448 können. Manche reden weanerisch, manche reines Hochdeutsch, andere
1666 1447 2879 1505 wieder ein Dialektgemisch. Das sind Aeußerlichleiten. Ein sorgsamer
1655 1484 2877 1535 Regisseur muß aber auch darüber Klarheit schaffen, besonders wenn
1660 1521 2883 1564 er im übrigen so gute Arbeit leistet. Lucie Mannheim, das
1667 1556 2893 1605 süße Mädel, versucht sich mit viel Geschick in einer hoch tragischen
1658 1600 2883 1648 Rolle. Sie reißt die Zuschauer mit, und manche Träne rann im
1667 1632 2887 1673 Partett. Das letzte in der Gestaltung tiefer Innerlichkeit gelingt
1656 1672 2882 1725 ihr nicht. Irgend etwas Kühles, Fremdes ging von ihrer Darstellung
1673 1725 2889 1767 aus. Jakob Tiedtke dagegen, den wir sonst als samosen Dar¬
1668 1746 2890 1809 steller komischer Rollen kennen gelernt haben, schafft in seinem
1651 1784 2882 1822 Musiker ing eine Gestalt von reiner und ergreifender
1655 1827 2886 1881 Menschlich. Den Liebhaber des süßen Mädels, Fritz, spielt
1656 1844 2885 1902 Richard Duschinsky. Auch er fand ergreifende Töne, wenn¬
1666 1899 2874 1946 gleich sein Aeußeres weniger an den behutsamen Schwerenöter und
1670 1943 2889 1992 Melancholiker als an einen modernen Caféhausliteralen erinnert.
1660 1977 2886 2047 Mathilde Sussin, Maria Paudler — als leichtsinniges
1657 2014 2458 2057 Wiener Flittchen, erwarben sich Verdlenste.
1739 2032 2877 2105 Der „Liebelei“ voraus geht der Einakter „Weihnachtseinkäufe“
1659 2082 2875 2150 aus Schnitzlers „Anatole“=Zyklus. Die „Weihnachtseinkäufe“ wirker
1670 2123 2869 2180 nur als Füllsel, das ebenso gut hätte wegbleiben können. Hien
1669 2172 2875 2207 können wir wieder Lina Lossens Kunst in der Verkörperung
1664 2209 2867 2263 matronenhafter Mütterlichkeit bewundern. Leider paßt dieser Tor
1660 2242 2869 2290 nicht in Schnitzlers zierliches und liebenswürdiges Wiener Wort
1662 2285 2868 2343 geplänkel. Her Beifall des hingerissenen Publikums war außer
1669 2320 2078 2376 ordentlich nachhaltig.
2726 2321 2864 2396 Dar¬
2178 2480 2727 2585 Der Derliner Westen
2317 2560 2693 2672 1 5 0kt. 1925
2084 2725 2533 2803 Schiller-Theater
1717 2695 1834 2837 *
1984 2775 2623 2866 „Weihnachtseinkäuse“ — „Liebele!“
1788 2847 2919 2897 Das erste Stück, eine Szene, an sich besser geeignet zum Lese¬
1724 2883 2914 2944 stück, als zum Bühnenspiel. Trotzdem hatten sich so hervorragende
1722 2923 2915 2973 Kräfte, wie Lina Lossen und Erwin Faber, darangemargt,
1731 2966 2916 3010 in diese so unlebendigeSzene Lebendiges zu tragen. Von der
1724 3007 2912 3060 Regie (Jürgen Fehling), die überhaupt im Ganzen als ausge¬
1728 3052 2911 3092 zeichnet vermerkt werden kann, war der Einakter sehr gut ge¬
1724 3069 2920 3117 wählt als Ueberleitung zum zweiten Stück. Der Begriff des
1736 3125 2911 3167 „süßen Mädels“ wird dort erklärt, der hier lebendig wirkt. Dank
1721 3164 2918 3205 einer seinen Regie und vorzüglichen Durstellung in fast allen
1726 3196 2918 3246 Vollen (einzig der Vater hätte weniger gebrechlich, oder weniger
1714 3247 2915 3283 leidenschaftlich sein müssen), verfehlte das Stück seine erschütternde
1725 3273 2917 3317 Wirkung nicht. Lucie Mannheim war eine zarte, zum Herzen
1728 3308 2910 3362 sprechende Christine, Maria Paudler ein entzückendes süßes
1721 3349 2915 3400 Mädel; Mathilde Sussin eine prachtvolle Frau Strumpfwirker
1731 3388 2924 3430 Vinder. In die etwas unglüglichen Rollen der jungen Leute fan¬
1732 3422 2912 3479 den sich gut und geschickt Richard Duschinsky als Fritz, Heinrich
1719 3458 2916 3513 Schnitzler, der Sohn des Dichters, als Theodor. Die Dekora¬
1719 3502 2909 3550 tionen Paul Schöns waren sehr gut, besonders das möblierte
1752 3539 2909 3596 mmer Fritz Lobheimers ganz typisch. Alles in allem kann man
1716 3587 2913 3645 das Schillertheater von Herzen zu diesen Neueinstudierungen be¬
2734 3614 2876 3686 G. H.
1715 3621 2008 3693 g. wünschen.
