<?xml version="1.0" encoding="UTF-8" standalone="yes"?>
<PcGts xmlns="http://schema.primaresearch.org/PAGE/gts/pagecontent/2013-07-15" xmlns:xsi="http://www.w3.org/2001/XMLSchema-instance" xsi:schemaLocation="http://schema.primaresearch.org/PAGE/gts/pagecontent/2013-07-15 http://schema.primaresearch.org/PAGE/gts/pagecontent/2013-07-15/pagecontent.xsd">
    <Metadata>
        <Creator>prov=University of Rostock/Institute of Mathematics/CITlab/Gundram Leifert/gundram.leifert@uni-rostock.de:name=ONB_Newseye_GT_M1+(htr_id=10810)::::v=2.4.2
prov=University of Rostock/Institute of Mathematics/CITlab/Tobias Gruening/tobias.gruening@uni-rostock.de:name=de.uros.citlab.module.baseline2polygon.B2PSeamMultiOriented:v=2.4.2
prov=University of Rostock/Institute of Mathematics/CITlab/Tobias Gruening/tobias.gruening@uni-rostock.de:name=/mnt/transkribus/LA/DEA/URO/LA_news_onb_att.pb:de.uros.citlab.segmentation.CITlab_LA_ML:v=2.4.2
Transkribus</Creator>
        <Created>2019-10-07T12:03:12.034+02:00</Created>
        <LastChange>2019-10-09T18:42:49.211+02:00</LastChange>
        <TranskribusMetadata docId="223992" pageId="9509917" pageNr="1724" tsid="16683273" status="IN_PROGRESS" userId="40391" imgUrl="https://files.transkribus.eu/Get?id=VIVRFGWGPKRWYYEWSEBNRSZK&amp;fileType=view" xmlUrl="https://files.transkribus.eu/Get?id=PZKUVLXPSNWTRSUKIWPJDKAD" imageId="6198619"/>
    </Metadata>
    <Page imageFilename="223992_1724.jpeg" imageWidth="3484" imageHeight="4128">
        <ReadingOrder>
            <OrderedGroup id="ro_1711446441724" caption="Regions reading order">
                <RegionRefIndexed index="0" regionRef="r1"/>
                <RegionRefIndexed index="1" regionRef="r2"/>
            </OrderedGroup>
        </ReadingOrder>
        <TextRegion orientation="0.0" id="r1" custom="readingOrder {index:0;}">
            <Coords points="172,80 172,3483 1679,3483 1679,80"/>
            <TextLine id="r1l1" custom="readingOrder {index:0;}">
                <Coords points="802,137 877,113 924,130 975,113 1061,115 1109,138 1248,116 1248,76 1233,80 1188,46 1126,59 1046,46 971,74 907,59 864,68 803,40"/>
                <Baseline points="812,104 837,104 862,104 887,105 912,105 937,106 962,107 987,107 1012,108 1037,108 1062,108 1087,108 1112,108 1137,108 1162,107 1187,105 1212,104 1238,101"/>
                <TextEquiv>
                    <Unicode>box 13/3</Unicode>
                </TextEquiv>
            </TextLine>
            <TextLine id="r1l2" custom="readingOrder {index:1;}">
                <Coords points="599,118 627,120 639,115 648,116 652,58 641,57 634,49 630,52 614,44 605,43"/>
                <Baseline points="610,105 640,107"/>
                <TextEquiv>
                    <Unicode>1</Unicode>
                </TextEquiv>
            </TextLine>
            <TextLine id="r1l3" custom="readingOrder {index:2;}">
                <Coords points="247,117 272,123 442,122 470,112 469,67 456,67 429,49 409,51 370,72 338,49 287,61 246,58"/>
                <Baseline points="257,113 282,112 308,112 333,111 359,110 384,110 410,110 435,110 461,109"/>
                <TextEquiv>
                    <Unicode>Lieb</Unicode>
                </TextEquiv>
            </TextLine>
            <TextLine id="r1l4" custom="readingOrder {index:3;}">
                <Coords points="243,136 395,168 427,168 467,145 559,140 598,140 629,166 647,164 647,107 615,104 581,71 540,88 521,81 465,113 409,99 377,114 243,115"/>
                <Baseline points="252,135 277,134 303,134 329,134 354,134 380,134 406,133 432,133 457,133 483,133 509,132 535,132 560,132 586,131 612,131 638,130"/>
                <TextEquiv>
                    <Unicode>  ne en en . S</Unicode>
                </TextEquiv>
            </TextLine>
            <TextLine id="r1l5" custom="readingOrder {index:4;}">
                <Coords points="575,423 592,423 612,408 621,416 624,414 639,417 646,347 636,346 622,356 617,353 611,355 608,351 600,356 581,356"/>
                <Baseline points="585,408 631,412"/>
                <TextEquiv>
                    <Unicode></Unicode>
                </TextEquiv>
            </TextLine>
            <TextLine id="r1l6" custom="readingOrder {index:5;}">
                <Coords points="372,427 408,434 412,432 419,440 429,434 445,434 445,356 423,352 414,361 399,352 372,348"/>
                <Baseline points="382,414 409,412 436,414"/>
                <TextEquiv>
                    <Unicode>Se</Unicode>
                </TextEquiv>
            </TextLine>
            <TextLine id="r1l7" custom="readingOrder {index:6;}">
                <Coords points="478,516 747,523 769,500 843,518 932,492 1002,510 1137,468 1135,419 1052,407 989,430 770,416 694,439 603,420 475,436"/>
                <Baseline points="486,496 518,497 550,497 582,496 614,495 646,494 678,493 710,491 742,490 774,488 807,487 839,485 871,483 903,482 935,481 967,480 999,479 1031,478 1063,478 1095,479 1128,479"/>
                <TextEquiv>
                    <Unicode>Wien I, Wollzeile 11</Unicode>
                </TextEquiv>
            </TextLine>
            <TextLine id="r1l8" custom="readingOrder {index:7;}">
                <Coords points="469,597 561,598 622,569 648,585 733,554 971,553 1008,576 1053,548 1127,568 1124,473 1052,513 898,494 774,528 689,507 467,526"/>
                <Baseline points="477,563 509,564 541,564 573,564 605,563 637,562 669,561 701,560 733,558 765,557 797,556 829,554 861,552 893,551 925,549 957,548 989,547 1021,546 1053,546 1085,546 1117,546"/>
                <TextEquiv>
                    <Unicode>Telephon R—23—0—43</Unicode>
                </TextEquiv>
            </TextLine>
            <TextLine id="r1l9" custom="readingOrder {index:8;}">
                <Coords points="689,603 701,603 730,637 751,632 837,659 878,643 920,670 950,655 982,655 990,594 929,590 911,568 856,557 808,577 780,559 752,566 739,555 693,572"/>
                <Baseline points="698,606 723,608 748,610 773,613 799,616 824,621 849,624 874,628 900,632 925,634 950,637 976,639"/>
                <TextEquiv>
                    <Unicode>Adarl, Lig</Unicode>
                </TextEquiv>
            </TextLine>
            <TextLine id="r1l10" custom="readingOrder {index:9;}">
                <Coords points="514,770 587,779 621,767 636,776 664,766 694,776 707,764 731,775 742,765 784,770 781,693 749,679 678,681 664,695 621,700 587,700 560,686 529,706 512,704"/>
                <Baseline points="524,762 551,759 579,758 607,756 634,755 662,755 690,754 717,754 745,754 773,754"/>
                <TextEquiv>
                    <Unicode>R86</Unicode>
                </TextEquiv>
            </TextLine>
            <TextLine id="r1l11" custom="readingOrder {index:10;}">
                <Coords points="859,847 876,848 887,858 917,852 926,862 952,861 961,869 973,862 1054,859 1055,818 1039,818 1030,808 997,814 957,799 934,819 917,811 881,815 861,806"/>
                <Baseline points="868,847 893,849 918,851 943,852 968,853 993,854 1018,854 1044,855"/>
                <TextEquiv>
                    <Unicode>WIENER</Unicode>
                </TextEquiv>
            </TextLine>
            <TextLine id="r1l12" custom="readingOrder {index:11;}">
                <Coords points="163,905 959,937 1040,928 1042,861 590,839 546,863 474,838 336,863 165,830"/>
                <Baseline points="172,899 217,900 262,901 307,902 352,904 398,905 443,906 488,907 533,909 578,910 624,911 669,913 714,913 759,915 804,916 850,917 895,918 940,919 985,921 1031,921"/>
                <TextEquiv>
                    <Unicode>mnmmmmtmnmmiun KUNDSCHAU</Unicode>
                </TextEquiv>
            </TextLine>
            <TextLine id="r1l13" custom="readingOrder {index:12;}">
                <Coords points="343,993 713,1008 756,992 907,1010 940,996 941,951 344,918"/>
                <Baseline points="352,981 382,982 412,983 443,984 473,985 504,986 534,986 565,987 595,988 626,989 656,989 687,990 717,991 748,992 778,992 809,993 839,993 870,994 900,995 931,996"/>
                <TextEquiv>
                    <Unicode>THEATER IN DER</Unicode>
                </TextEquiv>
            </TextLine>
            <TextLine id="r1l14" custom="readingOrder {index:13;}">
                <Coords points="413,1063 467,1072 499,1055 695,1066 757,1056 809,1071 841,1062 843,1002 414,998"/>
                <Baseline points="422,1043 447,1043 473,1043 498,1043 524,1044 550,1045 575,1045 601,1047 627,1048 652,1049 678,1050 703,1050 729,1051 755,1052 780,1052 806,1051 832,1051"/>
                <TextEquiv>
                    <Unicode>JOSEFSTADT</Unicode>
                </TextEquiv>
            </TextLine>
            <TextLine id="r1l15" custom="readingOrder {index:14;}">
                <Coords points="491,1119 536,1121 572,1134 598,1121 649,1128 663,1113 706,1114 744,1096 743,1066 728,1064 699,1079 681,1070 652,1083 610,1068 558,1076 544,1090 489,1089"/>
                <Baseline points="500,1111 526,1113 552,1113 578,1112 604,1110 630,1108 656,1107 682,1105 708,1104 735,1103"/>
                <TextEquiv>
                    <Unicode>„Liebelei“</Unicode>
                </TextEquiv>
            </TextLine>
            <TextLine id="r1l16" custom="readingOrder {index:15;}">
                <Coords points="651,1130 658,1130 662,1133 668,1129 681,1129 692,1137 699,1136 703,1132 705,1134 718,1133 719,1103 697,1102 691,1106 682,1100 674,1105 671,1101 669,1103 652,1102"/>
                <Baseline points="660,1121 685,1124 710,1123"/>
                <TextEquiv>
                    <Unicode></Unicode>
                </TextEquiv>
            </TextLine>
            <TextLine id="r1l17" custom="readingOrder {index:16;}">
                <Coords points="262,1164 492,1150 979,1180 1078,1168 1079,1120 263,1122"/>
                <Baseline points="272,1148 311,1151 351,1152 391,1154 431,1155 471,1157 511,1157 550,1158 590,1158 630,1159 670,1159 710,1159 750,1159 790,1159 829,1159 869,1159 909,1160 949,1160 989,1161 1029,1162 1069,1163"/>
                <TextEquiv>
                    <Unicode>Artur Schnitzlers Wiener Stück</Unicode>
                </TextEquiv>
            </TextLine>
            <TextLine id="r1l18" custom="readingOrder {index:17;}">
                <Coords points="198,1201 941,1220 1072,1200 1072,1174 938,1166 199,1158"/>
                <Baseline points="208,1188 250,1189 293,1190 336,1191 379,1193 421,1194 464,1195 507,1196 550,1197 592,1198 635,1199 678,1199 721,1200 763,1200 806,1201 849,1201 892,1201 934,1201 977,1201 1020,1201 1063,1201"/>
                <TextEquiv>
                    <Unicode>„Liebelei“, neu in Szene gesetzt in der</Unicode>
                </TextEquiv>
            </TextLine>
            <TextLine id="r1l19" custom="readingOrder {index:18;}">
                <Coords points="194,1224 1054,1255 1066,1209 194,1207"/>
                <Baseline points="203,1226 245,1227 288,1228 331,1230 373,1231 416,1232 459,1233 501,1235 544,1236 587,1236 630,1237 672,1238 715,1239 758,1240 800,1240 843,1241 886,1242 928,1242 971,1242 1014,1243 1057,1243"/>
                <TextEquiv>
                    <Unicode>Josefstadt durch Paul Kalbeck, wirkt</Unicode>
                </TextEquiv>
            </TextLine>
            <TextLine id="r1l20" custom="readingOrder {index:19;}">
                <Coords points="195,1276 1065,1278 1065,1254 931,1242 195,1243"/>
                <Baseline points="204,1266 246,1268 289,1269 331,1270 374,1272 416,1273 459,1274 501,1276 544,1277 586,1277 629,1278 672,1279 714,1280 757,1280 799,1281 842,1281 884,1282 927,1282 969,1282 1012,1282 1055,1282"/>
                <TextEquiv>
                    <Unicode>auch auf die Leute von heute. Diese in ihrer</Unicode>
                </TextEquiv>
            </TextLine>
            <TextLine id="r1l21" custom="readingOrder {index:20;}">
                <Coords points="193,1302 238,1323 1067,1325 1067,1278 193,1276"/>
                <Baseline points="203,1306 245,1307 288,1309 331,1310 373,1311 416,1312 459,1313 501,1314 544,1315 587,1316 630,1316 672,1317 715,1318 758,1318 800,1319 843,1319 886,1319 928,1320 971,1319 1014,1319 1057,1319"/>
                <TextEquiv>
                    <Unicode>einfachen dramatischen Struktur doppelt</Unicode>
                </TextEquiv>
            </TextLine>
            <TextLine id="r1l22" custom="readingOrder {index:21;}">
                <Coords points="192,1351 1077,1370 1061,1321 192,1313"/>
                <Baseline points="202,1346 245,1347 288,1348 331,1349 375,1350 418,1351 461,1352 504,1353 548,1354 591,1354 634,1355 677,1355 721,1356 764,1357 807,1357 850,1358 894,1359 937,1360 980,1360 1023,1361 1067,1362"/>
                <TextEquiv>
                    <Unicode>packende Angelegenheit wurde eben von</Unicode>
                </TextEquiv>
            </TextLine>
            <TextLine id="r1l23" custom="readingOrder {index:22;}">
                <Coords points="195,1409 338,1385 946,1403 946,1371 918,1367 196,1355"/>
                <Baseline points="204,1383 240,1384 277,1386 313,1387 350,1388 387,1389 423,1390 460,1390 496,1392 533,1392 570,1393 606,1393 643,1394 679,1394 716,1395 753,1395 789,1395 826,1395 862,1396 899,1396 936,1396"/>
                <TextEquiv>
                    <Unicode>einem wirklichen Dichter geschaffen.</Unicode>
                </TextEquiv>
            </TextLine>
            <TextLine id="r1l24" custom="readingOrder {index:23;}">
                <Coords points="250,1413 460,1450 1066,1446 1067,1403 988,1386 907,1406 251,1396"/>
                <Baseline points="260,1423 299,1424 339,1426 379,1427 419,1428 459,1429 498,1430 538,1431 578,1432 618,1433 658,1434 697,1435 737,1435 777,1435 817,1436 857,1436 896,1436 936,1435 976,1435 1016,1434 1056,1433"/>
                <TextEquiv>
                    <Unicode>Die Darstellung ist ganz auf der Höhe.</Unicode>
                </TextEquiv>
            </TextLine>
            <TextLine id="r1l25" custom="readingOrder {index:24;}">
                <Coords points="196,1461 1044,1490 1071,1438 371,1447 197,1418"/>
                <Baseline points="205,1460 247,1462 290,1464 333,1466 376,1468 419,1469 461,1471 504,1472 547,1473 590,1474 633,1475 675,1475 718,1476 761,1476 804,1476 847,1476 889,1476 932,1476 975,1476 1018,1475 1061,1475"/>
                <TextEquiv>
                    <Unicode>Paula Wessely ist eine wunderbare</Unicode>
                </TextEquiv>
            </TextLine>
            <TextLine id="r1l26" custom="readingOrder {index:25;}">
                <Coords points="200,1520 982,1535 1067,1512 1067,1485 1011,1481 201,1476"/>
                <Baseline points="209,1503 251,1504 293,1506 336,1507 378,1508 421,1509 463,1510 505,1511 548,1512 590,1512 633,1513 675,1513 717,1514 760,1514 802,1514 845,1514 887,1515 929,1515 972,1515 1014,1515 1057,1515"/>
                <TextEquiv>
                    <Unicode>Christine. Man hat diese Rolle derart durch¬</Unicode>
                </TextEquiv>
            </TextLine>
            <TextLine id="r1l27" custom="readingOrder {index:26;}">
                <Coords points="189,1549 1070,1560 1070,1530 1007,1518 189,1527"/>
                <Baseline points="199,1542 242,1544 285,1545 328,1547 371,1548 414,1549 457,1549 500,1550 543,1551 586,1551 630,1551 673,1551 716,1551 759,1552 802,1552 845,1552 888,1552 931,1552 974,1552 1017,1553 1061,1553"/>
                <TextEquiv>
                    <Unicode>dacht, noch nie dargestellt gesehen. Hugo</Unicode>
                </TextEquiv>
            </TextLine>
            <TextLine id="r1l28" custom="readingOrder {index:27;}">
                <Coords points="194,1581 1071,1605 1042,1559 195,1549"/>
                <Baseline points="204,1579 249,1581 294,1583 339,1584 384,1585 430,1586 475,1587 520,1588 565,1589 610,1589 656,1590 701,1591 746,1591 791,1592 836,1593 882,1593 927,1594 972,1595 1017,1596 1063,1597"/>
                <TextEquiv>
                    <Unicode>Thimig ist als alter Weyringer geradezu</Unicode>
                </TextEquiv>
            </TextLine>
            <TextLine id="r1l29" custom="readingOrder {index:28;}">
                <Coords points="195,1624 1005,1646 1057,1639 1058,1602 195,1589"/>
                <Baseline points="205,1621 247,1622 289,1623 331,1624 373,1626 415,1627 457,1628 499,1629 541,1630 583,1630 626,1631 668,1632 710,1633 752,1633 794,1634 836,1634 878,1634 920,1635 962,1635 1004,1635 1047,1635"/>
                <TextEquiv>
                    <Unicode>verblüffend lebensecht. Die Schlager Mizzi</Unicode>
                </TextEquiv>
            </TextLine>
            <TextLine id="r1l30" custom="readingOrder {index:29;}">
                <Coords points="212,1673 1067,1687 1068,1644 213,1631"/>
                <Baseline points="222,1659 263,1660 305,1662 347,1663 389,1665 431,1666 473,1667 514,1667 556,1669 598,1669 640,1670 682,1670 724,1671 766,1671 807,1672 849,1672 891,1672 933,1672 975,1672 1017,1672 1059,1672"/>
                <TextEquiv>
                    <Unicode>spielt Friedl Czeppa charmant. Hans</Unicode>
                </TextEquiv>
            </TextLine>
            <TextLine id="r1l31" custom="readingOrder {index:30;}">
                <Coords points="194,1707 952,1727 1062,1717 1063,1687 195,1666"/>
                <Baseline points="204,1701 246,1702 288,1703 331,1704 373,1705 416,1706 458,1707 501,1708 543,1708 586,1709 628,1709 670,1710 713,1710 755,1710 798,1711 840,1711 883,1712 925,1712 968,1712 1010,1713 1053,1713"/>
                <TextEquiv>
                    <Unicode>Thimig ist rührend lieb als Fritz und der</Unicode>
                </TextEquiv>
            </TextLine>
            <TextLine id="r1l32" custom="readingOrder {index:31;}">
                <Coords points="198,1747 1068,1758 1068,1730 977,1715 199,1704"/>
                <Baseline points="208,1740 250,1741 293,1742 335,1743 378,1744 420,1745 463,1746 505,1747 548,1748 590,1749 633,1750 676,1750 718,1751 761,1752 803,1752 846,1753 888,1753 931,1753 973,1753 1016,1753 1059,1752"/>
                <TextEquiv>
                    <Unicode>Theodor des Herrn Heinrich Schnitz¬</Unicode>
                </TextEquiv>
            </TextLine>
            <TextLine id="r1l33" custom="readingOrder {index:32;}">
                <Coords points="205,1788 725,1804 813,1798 814,1771 754,1750 673,1766 647,1746 593,1763 206,1744"/>
                <Baseline points="214,1780 243,1781 273,1782 302,1782 332,1783 361,1784 391,1785 420,1786 450,1787 479,1788 509,1788 538,1789 568,1789 597,1790 627,1790 656,1790 686,1790 715,1789 745,1788 774,1788 804,1786"/>
                <TextEquiv>
                    <Unicode>ler ist vortrefflich aufgefaßt.</Unicode>
                </TextEquiv>
            </TextLine>
            <TextLine id="r1l34" custom="readingOrder {index:33;}">
                <Coords points="248,1817 1063,1848 1064,1803 248,1789"/>
                <Baseline points="258,1818 297,1821 337,1823 377,1824 417,1826 457,1826 497,1828 536,1828 576,1829 616,1830 656,1830 696,1830 736,1831 776,1831 815,1831 855,1831 895,1831 935,1831 975,1831 1015,1831 1055,1831"/>
                <TextEquiv>
                    <Unicode>Daß es auch heute in Wien Kritiker</Unicode>
                </TextEquiv>
            </TextLine>
            <TextLine id="r1l35" custom="readingOrder {index:34;}">
                <Coords points="190,1864 1069,1889 1069,1849 997,1837 293,1836 190,1808"/>
                <Baseline points="199,1862 242,1862 285,1862 328,1862 371,1862 414,1863 457,1864 500,1865 543,1866 586,1867 629,1868 672,1869 715,1870 758,1871 801,1871 844,1871 887,1871 930,1871 973,1870 1016,1869 1060,1867"/>
                <TextEquiv>
                    <Unicode>gibt, die dieses schlichte dichterische Doku¬</Unicode>
                </TextEquiv>
            </TextLine>
            <TextLine id="r1l36" custom="readingOrder {index:35;}">
                <Coords points="197,1903 859,1925 1073,1904 1073,1880 1026,1876 197,1869"/>
                <Baseline points="207,1901 249,1901 292,1901 335,1901 378,1902 421,1903 464,1903 506,1905 549,1906 592,1906 635,1908 678,1908 721,1909 764,1909 806,1910 849,1910 892,1909 935,1908 978,1907 1021,1906 1064,1903"/>
                <TextEquiv>
                    <Unicode>ment wienerischer Art negieren oder ver¬</Unicode>
                </TextEquiv>
            </TextLine>
            <TextLine id="r1l37" custom="readingOrder {index:36;}">
                <Coords points="192,1949 511,1942 664,1963 814,1948 814,1920 786,1914 672,1929 580,1907 193,1902"/>
                <Baseline points="201,1936 231,1937 261,1938 291,1939 321,1941 351,1942 381,1942 412,1943 442,1943 472,1944 502,1944 532,1944 562,1945 592,1945 623,1945 653,1945 683,1945 713,1945 743,1945 773,1945 804,1945"/>
                <TextEquiv>
                    <Unicode>reißen einfach deshalb, weil</Unicode>
                </TextEquiv>
            </TextLine>
            <TextLine id="r1l38" custom="readingOrder {index:37;}">
                <Coords points="189,1988 1065,2007 1065,1956 190,1952"/>
                <Baseline points="199,1976 241,1977 284,1978 327,1979 370,1980 413,1980 455,1981 498,1982 541,1982 584,1983 627,1983 669,1984 712,1984 755,1985 798,1985 841,1985 883,1986 926,1986 969,1987 1012,1988 1055,1989"/>
                <TextEquiv>
                    <Unicode>Schnitzler ein Jud war — muß man eben</Unicode>
                </TextEquiv>
            </TextLine>
            <TextLine id="r1l39" custom="readingOrder {index:38;}">
                <Coords points="188,2049 817,2048 818,2003 698,1985 189,1987"/>
                <Baseline points="198,2011 228,2013 259,2015 289,2017 320,2018 350,2019 381,2020 411,2020 442,2021 472,2021 503,2021 533,2021 564,2022 594,2022 625,2023 655,2024 686,2025 716,2026 747,2028 777,2030 808,2033"/>
                <TextEquiv>
                    <Unicode>hinnehmen wie vieles andere.</Unicode>
                </TextEquiv>
            </TextLine>
            <TextLine id="r1l40" custom="readingOrder {index:39;}">
                <Coords points="988,2454 1001,2455 1006,2450 1019,2452 1029,2445 1036,2449 1052,2448 1061,2453 1072,2444 1082,2444 1084,2409 1065,2408 1060,2404 1054,2407 1037,2404 1029,2410 1024,2407 1018,2409 1013,2403 1005,2408 990,2407"/>
                <Baseline points="998,2445 1035,2445 1072,2449"/>
                <TextEquiv>
                    <Unicode>Z 6</Unicode>
                </TextEquiv>
            </TextLine>
            <TextLine id="r1l41" custom="readingOrder {index:40;}">
                <Coords points="179,3179 844,3149 844,3100 752,3097 712,3071 559,3103 516,3079 492,3101 391,3075 179,3089"/>
                <Baseline points="188,3144 220,3145 252,3145 284,3146 317,3146 349,3147 381,3147 414,3146 446,3146 478,3146 511,3146 543,3145 575,3145 607,3145 640,3144 672,3144 704,3144 737,3144 769,3144 801,3145 834,3145"/>
                <TextEquiv>
                    <Unicode>Theater in Wien.</Unicode>
                </TextEquiv>
            </TextLine>
            <TextLine id="r1l42" custom="readingOrder {index:41;}">
                <Coords points="271,3218 363,3245 441,3217 649,3215 717,3237 786,3213 853,3235 913,3212 913,3184 862,3170 574,3190 458,3172 430,3195 385,3169 357,3185 271,3174"/>
                <Baseline points="281,3211 312,3212 343,3213 374,3214 405,3215 436,3215 467,3215 498,3215 529,3215 560,3214 592,3213 623,3213 654,3212 685,3212 716,3211 747,3210 778,3209 809,3208 840,3208 871,3207 903,3207"/>
                <TextEquiv>
                    <Unicode>Von L. W. Rochowanski.</Unicode>
                </TextEquiv>
            </TextLine>
            <TextLine id="r1l43" custom="readingOrder {index:42;}">
                <Coords points="270,3281 1572,3275 1673,3269 1673,3224 269,3240"/>
                <Baseline points="278,3271 347,3270 416,3270 485,3269 555,3269 624,3269 693,3268 763,3268 832,3268 901,3268 971,3268 1040,3267 1109,3267 1178,3267 1248,3266 1317,3266 1386,3265 1456,3264 1525,3263 1594,3262 1664,3261"/>
                <TextEquiv>
                    <Unicode>Die Josefstadt haf mit Schnitzlers „Libelei“ einen der kostbarsten</Unicode>
                </TextEquiv>
            </TextLine>
            <TextLine id="r1l44" custom="readingOrder {index:43;}">
                <Coords points="186,3318 1672,3297 186,3256"/>
                <Baseline points="196,3311 269,3311 342,3311 416,3310 489,3310 562,3309 636,3309 709,3308 782,3307 856,3306 929,3305 1002,3305 1076,3304 1149,3303 1222,3302 1296,3301 1369,3301 1442,3300 1516,3300 1589,3300 1663,3300"/>
                <TextEquiv>
                    <Unicode>Abende gebofen, einen Abend gegenwärtigen Genießens durch die vollendete</Unicode>
                </TextEquiv>
            </TextLine>
            <TextLine id="r1l45" custom="readingOrder {index:44;}">
                <Coords points="187,3357 1684,3338 1654,3301 187,3318"/>
                <Baseline points="196,3352 273,3352 351,3351 429,3351 507,3350 585,3349 663,3349 740,3348 818,3347 896,3346 974,3345 1052,3344 1130,3343 1207,3343 1285,3342 1363,3341 1441,3340 1519,3340 1597,3339 1675,3338"/>
                <TextEquiv>
                    <Unicode>Darstellung (die Thimigs, Wessely, Czepa, Schnitzler und Rosar) und</Unicode>
                </TextEquiv>
            </TextLine>
            <TextLine id="r1l46" custom="readingOrder {index:45;}">
                <Coords points="180,3402 1681,3386 1645,3342 180,3363"/>
                <Baseline points="189,3391 263,3391 337,3390 411,3389 485,3388 559,3388 633,3387 707,3386 781,3385 855,3384 930,3384 1004,3383 1078,3382 1152,3381 1226,3380 1300,3379 1374,3378 1448,3377 1522,3376 1596,3375 1671,3374"/>
                <TextEquiv>
                    <Unicode>wehmütigen Erinnerns an den Klang verwehter Gefühle. Ein Theaterabend,</Unicode>
                </TextEquiv>
            </TextLine>
            <TextLine id="r1l47" custom="readingOrder {index:46;}">
                <Coords points="173,3445 1689,3421 1619,3381 173,3406"/>
                <Baseline points="183,3431 257,3430 332,3430 407,3429 482,3428 557,3427 631,3427 706,3426 781,3425 856,3424 931,3423 1005,3422 1080,3421 1155,3420 1230,3419 1305,3418 1379,3417 1454,3416 1529,3415 1604,3414 1679,3414"/>
                <TextEquiv>
                    <Unicode>einer der wenigen in Wien, der sich einprügt und nicht vergessen werden</Unicode>
                </TextEquiv>
            </TextLine>
            <TextLine id="r1l48" custom="readingOrder {index:47;}">
                <Coords points="188,3485 199,3485 208,3495 231,3490 237,3484 261,3489 272,3479 284,3480 295,3488 312,3486 313,3449 303,3448 294,3454 273,3442 264,3446 247,3443 240,3449 232,3441 212,3444 204,3436 189,3438"/>
                <Baseline points="197,3469 223,3471 250,3472 276,3473 303,3471"/>
                <TextEquiv>
                    <Unicode>kann.</Unicode>
                </TextEquiv>
            </TextLine>
            <TextEquiv>
                <Unicode>box 13/3
1
Lieb
  ne en en . S

Se
Wien I, Wollzeile 11
Telephon R—23—0—43
Adarl, Lig
R86
WIENER
mnmmmmtmnmmiun KUNDSCHAU
THEATER IN DER
JOSEFSTADT
„Liebelei“

Artur Schnitzlers Wiener Stück
„Liebelei“, neu in Szene gesetzt in der
Josefstadt durch Paul Kalbeck, wirkt
auch auf die Leute von heute. Diese in ihrer
einfachen dramatischen Struktur doppelt
packende Angelegenheit wurde eben von
einem wirklichen Dichter geschaffen.
Die Darstellung ist ganz auf der Höhe.
Paula Wessely ist eine wunderbare
Christine. Man hat diese Rolle derart durch¬
dacht, noch nie dargestellt gesehen. Hugo
Thimig ist als alter Weyringer geradezu
verblüffend lebensecht. Die Schlager Mizzi
spielt Friedl Czeppa charmant. Hans
Thimig ist rührend lieb als Fritz und der
Theodor des Herrn Heinrich Schnitz¬
ler ist vortrefflich aufgefaßt.
Daß es auch heute in Wien Kritiker
gibt, die dieses schlichte dichterische Doku¬
ment wienerischer Art negieren oder ver¬
reißen einfach deshalb, weil
Schnitzler ein Jud war — muß man eben
hinnehmen wie vieles andere.
Z 6
Theater in Wien.
Von L. W. Rochowanski.
Die Josefstadt haf mit Schnitzlers „Libelei“ einen der kostbarsten
Abende gebofen, einen Abend gegenwärtigen Genießens durch die vollendete
Darstellung (die Thimigs, Wessely, Czepa, Schnitzler und Rosar) und
wehmütigen Erinnerns an den Klang verwehter Gefühle. Ein Theaterabend,
einer der wenigen in Wien, der sich einprügt und nicht vergessen werden
kann.</Unicode>
            </TextEquiv>
        </TextRegion>
        <TextRegion orientation="0.0" id="r2" custom="readingOrder {index:1;}">
            <Coords points="1557,242 1557,3455 3119,3455 3119,242"/>
            <TextLine id="r2l1" custom="readingOrder {index:0;}">
                <Coords points="2292,286 2312,281 2335,294 2346,290 2384,291 2381,208 2366,207 2357,211 2344,202 2337,210 2327,212 2316,203 2310,205 2301,198 2289,198"/>
                <Baseline points="2301,269 2337,269 2373,267"/>
                <TextEquiv>
                    <Unicode>8</Unicode>
                </TextEquiv>
            </TextLine>
            <TextLine id="r2l2" custom="readingOrder {index:1;}">
                <Coords points="2194,356 2274,348 2322,368 2370,346 2412,370 2448,363 2466,376 2483,367 2498,381 2523,374 2524,299 2467,277 2410,295 2373,286 2326,293 2272,273 2223,298 2195,294"/>
                <Baseline points="2204,342 2229,342 2255,342 2281,342 2307,342 2333,342 2359,342 2384,343 2410,344 2436,345 2462,347 2488,347 2514,349"/>
                <TextEquiv>
                    <Unicode>##le Nr. 13</Unicode>
                </TextEquiv>
            </TextLine>
            <TextLine id="r2l3" custom="readingOrder {index:2;}">
                <Coords points="2165,426 2186,419 2216,430 2240,419 2266,425 2329,407 2357,407 2373,419 2387,406 2407,407 2409,356 2379,350 2369,357 2358,349 2347,358 2314,339 2292,357 2276,349 2219,359 2167,344"/>
                <Baseline points="2175,394 2202,392 2230,391 2258,391 2286,392 2314,394 2342,396 2370,397 2398,397"/>
                <TextEquiv>
                    <Unicode>Oaa</Unicode>
                </TextEquiv>
            </TextLine>
            <TextLine id="r2l4" custom="readingOrder {index:3;}">
                <Coords points="1712,505 1873,503 1919,524 2170,503 2232,526 2428,494 2429,459 2218,434 2139,454 2042,420 1997,449 1860,452 1802,423 1712,449"/>
                <Baseline points="1722,483 1756,485 1791,487 1826,488 1861,490 1896,490 1931,491 1966,492 2001,492 2036,492 2071,492 2105,492 2140,492 2175,492 2210,492 2245,492 2280,492 2315,492 2350,492 2385,492 2420,492"/>
                <TextEquiv>
                    <Unicode>111. Fanilienbl. Wien</Unicode>
                </TextEquiv>
            </TextLine>
            <TextLine id="r2l5" custom="readingOrder {index:4;}">
                <Coords points="2014,608 2143,613 2202,592 2226,593 2263,615 2326,620 2328,560 2264,555 2253,543 2150,557 2102,541 2058,558 2016,540"/>
                <Baseline points="2024,596 2050,596 2077,596 2103,596 2130,596 2157,596 2183,597 2210,598 2237,599 2263,601 2290,603 2317,605"/>
                <TextEquiv>
                    <Unicode>Nr 4</Unicode>
                </TextEquiv>
            </TextLine>
            <TextLine id="r2l6" custom="readingOrder {index:5;}">
                <Coords points="1755,799 1800,821 1976,794 2148,817 2350,784 2445,803 2554,792 2554,736 2402,718 2327,756 2221,716 2094,740 1820,720 1755,752"/>
                <Baseline points="1765,787 1804,786 1843,785 1882,785 1921,785 1960,785 1999,785 2038,785 2077,786 2116,786 2155,787 2194,787 2233,788 2272,788 2311,788 2350,788 2389,788 2428,787 2467,787 2506,786 2545,785"/>
                <TextEquiv>
                    <Unicode>Theater-, Kino- und</Unicode>
                </TextEquiv>
            </TextLine>
            <TextLine id="r2l7" custom="readingOrder {index:6;}">
                <Coords points="1824,885 2180,893 2485,866 2428,816 2335,798 2095,827 2043,806 1959,826 1872,804 1824,818"/>
                <Baseline points="1834,872 1866,872 1898,871 1930,871 1962,871 1994,870 2026,870 2058,869 2090,869 2122,869 2154,869 2186,869 2218,868 2250,868 2282,868 2314,868 2346,867 2378,867 2410,867 2442,867 2475,867"/>
                <TextEquiv>
                    <Unicode>Kunstnachrichten.</Unicode>
                </TextEquiv>
            </TextLine>
            <TextLine id="r2l8" custom="readingOrder {index:7;}">
                <Coords points="1774,942 2057,956 2573,927 2504,877 2433,871 2259,893 1773,886"/>
                <Baseline points="1782,932 1821,934 1860,934 1899,935 1938,936 1977,936 2016,935 2055,935 2094,935 2133,934 2172,933 2211,932 2250,931 2289,930 2328,929 2367,927 2406,926 2445,925 2484,924 2523,923 2563,922"/>
                <TextEquiv>
                    <Unicode>THEATER IN DER JOSEFSTADT.</Unicode>
                </TextEquiv>
            </TextLine>
            <TextLine id="r2l9" custom="readingOrder {index:8;}">
                <Coords points="1887,992 2746,992 2761,924 1886,965"/>
                <Baseline points="1895,982 1937,981 1980,980 2023,979 2066,979 2109,978 2152,977 2195,977 2238,976 2281,976 2324,975 2366,975 2409,974 2452,973 2495,972 2538,971 2581,970 2624,968 2667,967 2710,965 2753,963"/>
                <TextEquiv>
                    <Unicode> „Der tapfere Cassian“. Das Theater in der</Unicode>
                </TextEquiv>
            </TextLine>
            <TextLine id="r2l10" custom="readingOrder {index:9;}">
                <Coords points="1634,991 1652,1000 1677,995 1705,1010 1731,991 1761,1004 1804,991 1834,996 1834,946 1796,946 1759,929 1716,942 1695,929 1652,963 1634,961"/>
                <Baseline points="1643,985 1669,983 1695,981 1721,981 1747,980 1773,981 1799,982 1825,985"/>
                <TextEquiv>
                    <Unicode>„Liebelei“</Unicode>
                </TextEquiv>
            </TextLine>
            <TextLine id="r2l11" custom="readingOrder {index:10;}">
                <Coords points="1547,1033 2761,1018 2760,986 2624,975 1546,995"/>
                <Baseline points="1557,1035 1616,1034 1676,1033 1736,1031 1795,1030 1855,1030 1915,1029 1974,1028 2034,1027 2094,1026 2154,1026 2213,1025 2273,1024 2333,1023 2392,1022 2452,1021 2512,1019 2571,1018 2631,1016 2691,1014 2751,1012"/>
                <TextEquiv>
                    <Unicode>Josefstadt brachte als eine Art Schnitzler-Renais¬</Unicode>
                </TextEquiv>
            </TextLine>
            <TextLine id="r2l12" custom="readingOrder {index:11;}">
                <Coords points="1554,1090 2495,1091 2562,1060 2743,1091 2762,1018 1553,1055"/>
                <Baseline points="1563,1087 1622,1085 1682,1083 1741,1082 1801,1080 1860,1078 1920,1077 1979,1075 2039,1074 2098,1073 2158,1072 2218,1070 2277,1070 2337,1068 2396,1067 2456,1066 2515,1065 2575,1064 2634,1063 2694,1062 2754,1062"/>
                <TextEquiv>
                    <Unicode>sance das Bühnenwerk „Liebelei“ zur Aufführung und die</Unicode>
                </TextEquiv>
            </TextLine>
            <TextLine id="r2l13" custom="readingOrder {index:12;}">
                <Coords points="1554,1148 2350,1104 2772,1123 2771,1088 2659,1070 1553,1107"/>
                <Baseline points="1563,1136 1623,1134 1683,1132 1743,1130 1803,1128 1863,1127 1923,1125 1983,1124 2043,1123 2103,1122 2163,1121 2223,1120 2283,1119 2343,1118 2403,1117 2463,1116 2523,1115 2583,1114 2643,1112 2703,1111 2763,1109"/>
                <TextEquiv>
                    <Unicode>große Persinlichkeit des Dichter wußte auch heute.</Unicode>
                </TextEquiv>
            </TextLine>
            <TextLine id="r2l14" custom="readingOrder {index:13;}">
                <Coords points="1569,1188 2570,1180 2731,1168 2760,1124 1568,1149"/>
                <Baseline points="1577,1182 1635,1181 1694,1180 1753,1178 1811,1177 1870,1175 1929,1174 1987,1173 2046,1171 2105,1170 2164,1169 2222,1168 2281,1167 2340,1166 2398,1164 2457,1163 2516,1162 2574,1161 2633,1160 2692,1159 2751,1159"/>
                <TextEquiv>
                    <Unicode>viele Jahre nach Entstehung dieses Werkes trotz der</Unicode>
                </TextEquiv>
            </TextLine>
            <TextLine id="r2l15" custom="readingOrder {index:14;}">
                <Coords points="1553,1254 2679,1227 2761,1182 1552,1188"/>
                <Baseline points="1562,1232 1621,1231 1681,1230 1740,1229 1800,1227 1859,1226 1919,1225 1978,1224 2038,1222 2097,1221 2157,1220 2216,1219 2276,1218 2335,1216 2395,1215 2454,1214 2514,1213 2573,1212 2633,1210 2692,1209 2752,1207"/>
                <TextEquiv>
                    <Unicode>Befürchtung mancher Skeptiker auf das Publikum intensivst</Unicode>
                </TextEquiv>
            </TextLine>
            <TextLine id="r2l16" custom="readingOrder {index:15;}">
                <Coords points="1558,1296 2752,1260 2751,1226 2515,1218 1557,1251"/>
                <Baseline points="1567,1283 1625,1281 1684,1280 1743,1278 1802,1277 1861,1276 1919,1274 1978,1273 2037,1272 2096,1271 2155,1270 2213,1269 2272,1268 2331,1267 2390,1266 2449,1264 2507,1263 2566,1261 2625,1260 2684,1258 2743,1256"/>
                <TextEquiv>
                    <Unicode>zu wirken. Im Mittelpunkt der Aufführung stand das natur¬</Unicode>
                </TextEquiv>
            </TextLine>
            <TextLine id="r2l17" custom="readingOrder {index:16;}">
                <Coords points="1554,1331 2587,1335 2768,1311 2767,1262 1553,1301"/>
                <Baseline points="1563,1330 1622,1330 1682,1329 1742,1328 1802,1327 1861,1325 1921,1324 1981,1323 2041,1321 2100,1320 2160,1318 2220,1317 2280,1315 2339,1314 2399,1312 2459,1311 2519,1310 2578,1308 2638,1307 2698,1306 2758,1306"/>
                <TextEquiv>
                    <Unicode>hafte schöne und hinreißende Spiel Paula Wesselys. Die</Unicode>
                </TextEquiv>
            </TextLine>
            <TextLine id="r2l18" custom="readingOrder {index:17;}">
                <Coords points="1566,1388 2765,1367 2764,1313 1565,1333"/>
                <Baseline points="1576,1378 1635,1377 1694,1376 1753,1375 1812,1374 1871,1373 1930,1371 1989,1370 2048,1370 2107,1369 2166,1367 2225,1366 2284,1365 2343,1364 2402,1363 2461,1362 2520,1361 2579,1360 2638,1358 2697,1357 2756,1356"/>
                <TextEquiv>
                    <Unicode>Künstlerin verlieh ihrer großartigen Leistung echt mench¬</Unicode>
                </TextEquiv>
            </TextLine>
            <TextLine id="r2l19" custom="readingOrder {index:18;}">
                <Coords points="1560,1434 2756,1400 2641,1363 1559,1385"/>
                <Baseline points="1570,1428 1628,1427 1687,1426 1746,1425 1805,1424 1864,1423 1923,1422 1981,1421 2040,1420 2099,1419 2158,1418 2217,1417 2276,1416 2335,1415 2393,1413 2452,1412 2511,1411 2570,1408 2629,1407 2688,1404 2747,1402"/>
                <TextEquiv>
                    <Unicode>liche unst klare Töne, die ihre Rolle lebenswarm und erschüt¬</Unicode>
                </TextEquiv>
            </TextLine>
            <TextLine id="r2l20" custom="readingOrder {index:19;}">
                <Coords points="1565,1484 2714,1472 2773,1437 1564,1449"/>
                <Baseline points="1574,1476 1633,1475 1692,1474 1752,1473 1811,1472 1871,1471 1930,1470 1990,1469 2049,1468 2109,1467 2168,1466 2227,1465 2287,1463 2346,1462 2406,1461 2465,1459 2525,1458 2584,1456 2644,1455 2703,1453 2763,1451"/>
                <TextEquiv>
                    <Unicode>ternd gestalteten. Die grandiose Darstellungskraft Hugo</Unicode>
                </TextEquiv>
            </TextLine>
            <TextLine id="r2l21" custom="readingOrder {index:20;}">
                <Coords points="1562,1549 2772,1500 2653,1463 1560,1483"/>
                <Baseline points="1570,1524 1629,1523 1689,1523 1748,1522 1808,1521 1868,1520 1927,1519 1987,1518 2047,1517 2106,1515 2166,1514 2226,1513 2285,1511 2345,1510 2405,1509 2464,1507 2524,1506 2584,1505 2643,1504 2703,1503 2763,1502"/>
                <TextEquiv>
                    <Unicode>Thimigs wußte ebenfalls den menschlich nahegehenden Ton</Unicode>
                </TextEquiv>
            </TextLine>
            <TextLine id="r2l22" custom="readingOrder {index:21;}">
                <Coords points="1560,1583 2737,1573 2769,1497 1559,1546"/>
                <Baseline points="1569,1575 1628,1574 1688,1573 1747,1571 1807,1570 1867,1569 1926,1568 1986,1566 2045,1565 2105,1564 2165,1562 2224,1561 2284,1560 2343,1558 2403,1557 2463,1556 2522,1555 2582,1553 2641,1552 2701,1551 2761,1550"/>
                <TextEquiv>
                    <Unicode>zu finden. Die Verkörnerung der übrigen Rollen blieb Friedl</Unicode>
                </TextEquiv>
            </TextLine>
            <TextLine id="r2l23" custom="readingOrder {index:22;}">
                <Coords points="1559,1628 2776,1616 2774,1561 2520,1553 1558,1583"/>
                <Baseline points="1569,1625 1628,1624 1688,1623 1748,1621 1808,1620 1868,1619 1927,1618 1987,1617 2047,1616 2107,1614 2167,1613 2226,1612 2286,1611 2346,1610 2406,1608 2466,1607 2525,1606 2585,1604 2645,1603 2705,1601 2765,1599"/>
                <TextEquiv>
                    <Unicode>Czepa, Anny Rosar, Hans Thimig, Heinrich Schnitzler, dem</Unicode>
                </TextEquiv>
            </TextLine>
            <TextLine id="r2l24" custom="readingOrder {index:23;}">
                <Coords points="1567,1684 2591,1675 2770,1660 2769,1617 1566,1643"/>
                <Baseline points="1577,1673 1636,1672 1695,1670 1754,1669 1813,1668 1872,1666 1931,1665 1991,1663 2050,1662 2109,1661 2168,1660 2227,1659 2286,1657 2345,1656 2405,1655 2464,1654 2523,1653 2582,1652 2641,1651 2700,1650 2760,1650"/>
                <TextEquiv>
                    <Unicode>Sohne des Dichters und Merbert Hühner vorbchalten, die ihre</Unicode>
                </TextEquiv>
            </TextLine>
            <TextLine id="r2l25" custom="readingOrder {index:24;}">
                <Coords points="1570,1727 2768,1703 2767,1666 2630,1657 1570,1686"/>
                <Baseline points="1579,1719 1638,1719 1697,1719 1756,1719 1815,1718 1874,1718 1933,1717 1992,1715 2051,1714 2110,1712 2169,1711 2228,1709 2287,1708 2346,1706 2405,1705 2464,1703 2523,1701 2582,1700 2641,1699 2700,1698 2759,1697"/>
                <TextEquiv>
                    <Unicode>Aufgaben mit der ihrer Künstlerschaft gerecht werdenden</Unicode>
                </TextEquiv>
            </TextLine>
            <TextLine id="r2l26" custom="readingOrder {index:25;}">
                <Coords points="1563,1760 2161,1781 2731,1761 2768,1721 1562,1726"/>
                <Baseline points="1572,1768 1631,1768 1690,1767 1750,1767 1809,1766 1868,1765 1928,1764 1987,1763 2046,1761 2106,1760 2165,1758 2224,1757 2284,1756 2343,1754 2402,1753 2462,1751 2521,1750 2580,1749 2640,1747 2699,1746 2759,1745"/>
                <TextEquiv>
                    <Unicode>Noblesse erfüllten. Auch das Puppenspiel „Der tapfere Cas¬</Unicode>
                </TextEquiv>
            </TextLine>
            <TextLine id="r2l27" custom="readingOrder {index:26;}">
                <Coords points="1565,1821 2778,1816 2776,1745 1564,1781"/>
                <Baseline points="1575,1819 1634,1818 1694,1817 1753,1816 1813,1815 1873,1814 1932,1813 1992,1812 2051,1811 2111,1809 2171,1808 2230,1807 2290,1805 2349,1804 2409,1803 2469,1801 2528,1800 2588,1799 2647,1798 2707,1796 2767,1795"/>
                <TextEquiv>
                    <Unicode>sian“ mit Mans Thimig. Frau Czepa und Herrn Neugebauer</Unicode>
                </TextEquiv>
            </TextLine>
            <TextLine id="r2l28" custom="readingOrder {index:27;}">
                <Coords points="1570,1876 2766,1847 2744,1806 2604,1803 1569,1833"/>
                <Baseline points="1579,1870 1637,1869 1696,1867 1755,1866 1814,1865 1873,1863 1932,1862 1990,1861 2049,1860 2108,1859 2167,1858 2226,1858 2285,1857 2344,1856 2402,1854 2461,1853 2520,1852 2579,1850 2638,1848 2697,1846 2756,1844"/>
                <TextEquiv>
                    <Unicode>gefiel als würdige Ergänzung des Abends ausnehmend gut.</Unicode>
                </TextEquiv>
            </TextLine>
            <TextLine id="r2l29" custom="readingOrder {index:28;}">
                <Coords points="1572,1921 2774,1907 2773,1862 2634,1852 1572,1893"/>
                <Baseline points="1581,1916 1640,1916 1699,1915 1758,1915 1817,1914 1876,1913 1935,1912 1995,1912 2054,1911 2113,1910 2172,1909 2231,1907 2290,1906 2349,1905 2409,1903 2468,1902 2527,1900 2586,1899 2645,1896 2704,1895 2764,1893"/>
                <TextEquiv>
                    <Unicode>Regie führte Paul Kalbeck dessen kultiviert, vornehme Art</Unicode>
                </TextEquiv>
            </TextLine>
            <TextLine id="r2l30" custom="readingOrder {index:29;}">
                <Coords points="1570,1960 2261,1958 2261,1918 2241,1916 2141,1937 1934,1914 1670,1941 1571,1918"/>
                <Baseline points="1579,1963 1612,1962 1646,1962 1679,1961 1713,1961 1747,1962 1780,1962 1814,1962 1847,1963 1881,1963 1915,1964 1948,1964 1982,1964 2015,1964 2049,1964 2083,1964 2116,1964 2150,1964 2183,1963 2217,1962 2251,1960"/>
                <TextEquiv>
                    <Unicode>besandere Hervorhebung verdient.</Unicode>
                </TextEquiv>
            </TextLine>
            <TextLine id="r2l31" custom="readingOrder {index:30;}">
                <Coords points="2191,2229 2443,2221 2533,2235 2576,2215 2668,2227 2668,2143 2633,2154 2582,2134 2537,2149 2506,2134 2478,2151 2375,2133 2290,2147 2191,2137"/>
                <Baseline points="2200,2207 2225,2206 2250,2206 2276,2205 2301,2205 2327,2205 2352,2205 2378,2205 2403,2205 2429,2206 2454,2206 2479,2207 2505,2207 2530,2207 2556,2208 2581,2208 2607,2208 2632,2208 2658,2208"/>
                <TextEquiv>
                    <Unicode>„OBSERVEN</Unicode>
                </TextEquiv>
            </TextLine>
            <TextLine id="r2l32" custom="readingOrder {index:31;}">
                <Coords points="2105,2283 2252,2302 2425,2276 2734,2294 2769,2289 2770,2212 2571,2241 2489,2221 2201,2238 2106,2201"/>
                <Baseline points="2114,2268 2146,2271 2178,2273 2210,2275 2243,2276 2275,2277 2307,2278 2339,2278 2372,2278 2404,2278 2436,2278 2468,2278 2501,2278 2533,2278 2565,2278 2597,2279 2630,2279 2662,2280 2694,2281 2726,2282 2759,2284"/>
                <TextEquiv>
                    <Unicode>Wien, 1. Vollzeile Nr.11</Unicode>
                </TextEquiv>
            </TextLine>
            <TextLine id="r2l33" custom="readingOrder {index:32;}">
                <Coords points="2207,2361 2334,2348 2381,2366 2419,2342 2531,2336 2566,2365 2650,2370 2677,2354 2678,2290 2588,2300 2405,2276 2251,2302 2208,2284"/>
                <Baseline points="2217,2332 2242,2331 2267,2331 2292,2331 2317,2331 2342,2331 2367,2331 2392,2332 2417,2332 2442,2333 2467,2333 2492,2334 2517,2335 2542,2335 2567,2336 2592,2337 2617,2337 2642,2337 2668,2338"/>
                <TextEquiv>
                    <Unicode>Telnfon R-23-0-43</Unicode>
                </TextEquiv>
            </TextLine>
            <TextLine id="r2l34" custom="readingOrder {index:33;}">
                <Coords points="2077,2444 2143,2425 2347,2438 2379,2417 2764,2442 2751,2365 2581,2356 2484,2386 2407,2365 2313,2385 2269,2359 2205,2383 2078,2348"/>
                <Baseline points="2086,2415 2119,2415 2152,2416 2186,2417 2219,2417 2253,2417 2286,2418 2319,2418 2353,2418 2386,2418 2420,2417 2453,2417 2486,2417 2520,2417 2553,2418 2587,2418 2620,2418 2653,2419 2687,2419 2720,2420 2754,2421"/>
                <TextEquiv>
                    <Unicode>Illustr. Familienb1</Unicode>
                </TextEquiv>
            </TextLine>
            <TextLine id="r2l35" custom="readingOrder {index:34;}">
                <Coords points="2173,2484 2244,2510 2334,2480 2462,2495 2493,2469 2578,2511 2606,2505 2606,2430 2437,2437 2376,2420 2361,2435 2306,2437 2202,2424 2173,2442"/>
                <Baseline points="2182,2469 2207,2472 2233,2475 2259,2476 2285,2477 2311,2477 2337,2476 2363,2476 2389,2475 2414,2474 2440,2473 2466,2473 2492,2472 2518,2473 2544,2474 2570,2477 2596,2480"/>
                <TextEquiv>
                    <Unicode>Vien Nr 4.</Unicode>
                </TextEquiv>
            </TextLine>
            <TextLine id="r2l36" custom="readingOrder {index:35;}">
                <Coords points="2380,2644 2553,2646 2592,2668 2613,2658 2659,2659 2659,2601 2533,2595 2380,2605"/>
                <Baseline points="2389,2639 2415,2639 2441,2639 2467,2638 2493,2637 2519,2637 2545,2636 2571,2636 2597,2636 2623,2636 2649,2637"/>
                <TextEquiv>
                    <Unicode>LIEBELEI.</Unicode>
                </TextEquiv>
            </TextLine>
            <TextLine id="r2l37" custom="readingOrder {index:36;}">
                <Coords points="1976,2716 3108,2705 3107,2641 1975,2660"/>
                <Baseline points="1986,2697 2041,2696 2097,2696 2152,2696 2208,2695 2264,2695 2319,2695 2375,2694 2431,2694 2486,2694 2542,2693 2598,2693 2653,2692 2709,2692 2765,2691 2820,2690 2876,2690 2932,2689 2987,2688 3043,2687 3099,2686"/>
                <TextEquiv>
                    <Unicode>Arthur Schnitzlers unsterbliches Meisterwerk „Liebelei“</Unicode>
                </TextEquiv>
            </TextLine>
            <TextLine id="r2l38" custom="readingOrder {index:37;}">
                <Coords points="1894,2736 2111,2768 3103,2747 3089,2699 1894,2716"/>
                <Baseline points="1904,2744 1963,2746 2023,2747 2082,2747 2142,2747 2201,2747 2261,2747 2320,2747 2380,2746 2439,2746 2499,2745 2558,2744 2618,2743 2677,2742 2737,2741 2796,2740 2856,2739 2915,2738 2975,2738 3034,2737 3094,2737"/>
                <TextEquiv>
                    <Unicode>wurde vertonfilmt und gelangt derzeit zur Aufführung.</Unicode>
                </TextEquiv>
            </TextLine>
            <TextLine id="r2l39" custom="readingOrder {index:38;}">
                <Coords points="1909,2803 3093,2800 3108,2746 1908,2765"/>
                <Baseline points="1918,2799 1977,2798 2036,2798 2095,2797 2154,2796 2213,2796 2272,2795 2331,2795 2390,2794 2449,2794 2508,2794 2567,2793 2626,2792 2685,2792 2744,2791 2803,2790 2862,2790 2921,2789 2980,2788 3039,2787 3098,2786"/>
                <TextEquiv>
                    <Unicode>Die Reg'e führt der junge Regiseur Max Ophüls, der mit dem</Unicode>
                </TextEquiv>
            </TextLine>
            <TextLine id="r2l40" custom="readingOrder {index:39;}">
                <Coords points="1909,2850 3109,2833 3108,2801 2923,2787 1909,2807"/>
                <Baseline points="1918,2848 1977,2847 2036,2847 2095,2846 2154,2845 2213,2844 2272,2844 2331,2843 2390,2842 2449,2841 2508,2841 2567,2840 2626,2839 2685,2838 2744,2838 2803,2837 2862,2836 2921,2835 2980,2835 3039,2834 3099,2833"/>
                <TextEquiv>
                    <Unicode>Film „Die verkaufte Braut“ bereits eine außerordentlich ein¬</Unicode>
                </TextEquiv>
            </TextLine>
            <TextLine id="r2l41" custom="readingOrder {index:40;}">
                <Coords points="1906,2902 3037,2905 3111,2887 3111,2854 1906,2868"/>
                <Baseline points="1916,2898 1975,2897 2034,2896 2093,2895 2153,2895 2212,2894 2271,2893 2331,2893 2390,2892 2449,2892 2509,2891 2568,2890 2627,2889 2686,2889 2746,2888 2805,2887 2864,2886 2924,2885 2983,2883 3042,2882 3102,2880"/>
                <TextEquiv>
                    <Unicode>dringliche Talentprobe geliefert hat. Der Film spielt in der</Unicode>
                </TextEquiv>
            </TextLine>
            <TextLine id="r2l42" custom="readingOrder {index:41;}">
                <Coords points="1900,2954 3113,2952 3084,2893 1899,2901"/>
                <Baseline points="1910,2949 1969,2948 2029,2946 2088,2946 2148,2944 2208,2943 2267,2943 2327,2941 2387,2940 2446,2940 2506,2939 2566,2938 2625,2937 2685,2936 2745,2936 2804,2935 2864,2935 2924,2934 2983,2934 3043,2933 3103,2933"/>
                <TextEquiv>
                    <Unicode>Zeit, in der Schnitzler das Stück schrieb: vor dem Kriege.</Unicode>
                </TextEquiv>
            </TextLine>
            <TextLine id="r2l43" custom="readingOrder {index:42;}">
                <Coords points="1912,3011 3005,3004 3117,2986 3117,2952 1912,2961"/>
                <Baseline points="1922,2998 1981,2996 2040,2995 2099,2994 2159,2993 2218,2992 2277,2991 2336,2990 2396,2990 2455,2989 2514,2988 2573,2988 2633,2987 2692,2986 2751,2986 2810,2985 2870,2984 2929,2983 2988,2982 3047,2981 3107,2979"/>
                <TextEquiv>
                    <Unicode>Das Ensemble weist eine große Anzahl prominenter Namen</Unicode>
                </TextEquiv>
            </TextLine>
            <TextLine id="r2l44" custom="readingOrder {index:43;}">
                <Coords points="1902,3060 2851,3057 3066,3044 3116,3030 3116,2989 2013,2992 1902,3028"/>
                <Baseline points="1912,3046 1971,3045 2031,3044 2091,3043 2151,3042 2210,3041 2270,3040 2330,3039 2390,3038 2449,3037 2509,3036 2569,3036 2629,3035 2688,3034 2748,3033 2808,3032 2868,3032 2927,3030 2987,3030 3047,3029 3107,3027"/>
                <TextEquiv>
                    <Unicode>auf: Luise Ullrich, Magda Schneider, Olga Tschechowa, Gu¬</Unicode>
                </TextEquiv>
            </TextLine>
            <TextLine id="r2l45" custom="readingOrder {index:44;}">
                <Coords points="1913,3111 3115,3091 3114,3031 1913,3062"/>
                <Baseline points="1922,3096 1981,3094 2040,3092 2099,3091 2158,3090 2217,3089 2276,3088 2336,3087 2395,3086 2454,3085 2513,3085 2572,3084 2631,3083 2690,3083 2750,3082 2809,3081 2868,3081 2927,3080 2986,3080 3045,3079 3105,3078"/>
                <TextEquiv>
                    <Unicode>stav Gründgens. Paul Hörbiger. Wollgang Liebeneiner, Willz</Unicode>
                </TextEquiv>
            </TextLine>
            <TextLine id="r2l46" custom="readingOrder {index:45;}">
                <Coords points="1905,3149 3076,3146 3111,3091 1904,3112"/>
                <Baseline points="1914,3143 1973,3142 2032,3142 2092,3141 2151,3140 2211,3139 2270,3138 2330,3137 2389,3136 2449,3135 2508,3134 2567,3133 2627,3132 2686,3131 2746,3130 2805,3129 2865,3128 2924,3127 2984,3127 3043,3126 3103,3125"/>
                <TextEquiv>
                    <Unicode>Eichberger, Paul Otto, Oskar Sima und Ekkchard v. Arendt.</Unicode>
                </TextEquiv>
            </TextLine>
            <TextLine id="r2l47" custom="readingOrder {index:46;}">
                <Coords points="1920,3194 3120,3191 3108,3134 1920,3158"/>
                <Baseline points="1930,3192 1989,3191 2048,3189 2107,3188 2166,3187 2225,3187 2284,3186 2343,3185 2402,3184 2461,3183 2520,3183 2579,3182 2638,3181 2697,3180 2756,3180 2815,3179 2874,3178 2933,3177 2992,3176 3051,3175 3111,3173"/>
                <TextEquiv>
                    <Unicode>Wunderbare Aufnahmen, von denen ganz besonders die</Unicode>
                </TextEquiv>
            </TextLine>
            <TextLine id="r2l48" custom="readingOrder {index:47;}">
                <Coords points="1914,3249 3112,3247 3111,3197 2997,3187 1914,3211"/>
                <Baseline points="1924,3244 1986,3241 2048,3240 2110,3238 2172,3237 2234,3236 2296,3235 2358,3234 2420,3234 2482,3233 2544,3233 2606,3232 2668,3231 2730,3231 2792,3230 2854,3229 2916,3228 2978,3227 3040,3225 3103,3224"/>
                <TextEquiv>
                    <Unicode>romantischen Schlittenfahrten durch den dicht verschneiten</Unicode>
                </TextEquiv>
            </TextLine>
            <TextLine id="r2l49" custom="readingOrder {index:48;}">
                <Coords points="1920,3283 2965,3298 3125,3286 3125,3245 1920,3257"/>
                <Baseline points="1930,3293 1989,3291 2048,3290 2107,3288 2167,3287 2226,3286 2285,3285 2344,3284 2404,3283 2463,3283 2522,3282 2581,3282 2641,3281 2700,3281 2759,3280 2818,3279 2878,3279 2937,3278 2996,3277 3055,3276 3115,3274"/>
                <TextEquiv>
                    <Unicode>Wald hervorgehoben werden sollen, erfreuen das Auge. Die</Unicode>
                </TextEquiv>
            </TextLine>
            <TextLine id="r2l50" custom="readingOrder {index:49;}">
                <Coords points="1908,3345 3126,3336 3126,3286 1907,3290"/>
                <Baseline points="1918,3340 1981,3339 2044,3338 2107,3337 2170,3336 2233,3336 2296,3335 2359,3334 2422,3334 2485,3333 2549,3332 2612,3332 2675,3331 2738,3330 2801,3330 2864,3329 2927,3328 2990,3327 3053,3326 3117,3325"/>
                <TextEquiv>
                    <Unicode>überaus schwere Aufsabe der Vertonfilmung eines</Unicode>
                </TextEquiv>
            </TextLine>
            <TextLine id="r2l51" custom="readingOrder {index:50;}">
                <Coords points="1920,3404 3129,3394 3128,3343 3003,3324 2906,3360 2533,3328 2406,3365 1920,3363"/>
                <Baseline points="1929,3388 1988,3388 2048,3388 2107,3389 2167,3389 2226,3389 2286,3389 2345,3389 2405,3389 2464,3389 2524,3388 2583,3388 2643,3387 2702,3386 2762,3385 2821,3384 2881,3382 2940,3381 3000,3379 3059,3377 3119,3374"/>
                <TextEquiv>
                    <Unicode>Schnitzler'schen Dramas ist durch dieses Stück glänzend</Unicode>
                </TextEquiv>
            </TextLine>
            <TextLine id="r2l52" custom="readingOrder {index:51;}">
                <Coords points="1916,3445 1929,3445 1948,3457 1976,3449 1991,3454 2004,3446 2029,3460 2068,3439 2084,3437 2083,3403 2047,3405 2036,3396 2014,3408 1982,3396 1973,3406 1958,3408 1940,3396 1926,3408 1915,3408"/>
                <Baseline points="1925,3443 1950,3441 1975,3440 2000,3438 2025,3438 2050,3437 2075,3437"/>
                <TextEquiv>
                    <Unicode>gelöst.</Unicode>
                </TextEquiv>
            </TextLine>
            <TextEquiv>
                <Unicode>8
##le Nr. 13
Oaa
111. Fanilienbl. Wien
Nr 4
Theater-, Kino- und
Kunstnachrichten.
THEATER IN DER JOSEFSTADT.
 „Der tapfere Cassian“. Das Theater in der
„Liebelei“
Josefstadt brachte als eine Art Schnitzler-Renais¬
sance das Bühnenwerk „Liebelei“ zur Aufführung und die
große Persinlichkeit des Dichter wußte auch heute.
viele Jahre nach Entstehung dieses Werkes trotz der
Befürchtung mancher Skeptiker auf das Publikum intensivst
zu wirken. Im Mittelpunkt der Aufführung stand das natur¬
hafte schöne und hinreißende Spiel Paula Wesselys. Die
Künstlerin verlieh ihrer großartigen Leistung echt mench¬
liche unst klare Töne, die ihre Rolle lebenswarm und erschüt¬
ternd gestalteten. Die grandiose Darstellungskraft Hugo
Thimigs wußte ebenfalls den menschlich nahegehenden Ton
zu finden. Die Verkörnerung der übrigen Rollen blieb Friedl
Czepa, Anny Rosar, Hans Thimig, Heinrich Schnitzler, dem
Sohne des Dichters und Merbert Hühner vorbchalten, die ihre
Aufgaben mit der ihrer Künstlerschaft gerecht werdenden
Noblesse erfüllten. Auch das Puppenspiel „Der tapfere Cas¬
sian“ mit Mans Thimig. Frau Czepa und Herrn Neugebauer
gefiel als würdige Ergänzung des Abends ausnehmend gut.
Regie führte Paul Kalbeck dessen kultiviert, vornehme Art
besandere Hervorhebung verdient.
„OBSERVEN
Wien, 1. Vollzeile Nr.11
Telnfon R-23-0-43
Illustr. Familienb1
Vien Nr 4.
LIEBELEI.
Arthur Schnitzlers unsterbliches Meisterwerk „Liebelei“
wurde vertonfilmt und gelangt derzeit zur Aufführung.
Die Reg'e führt der junge Regiseur Max Ophüls, der mit dem
Film „Die verkaufte Braut“ bereits eine außerordentlich ein¬
dringliche Talentprobe geliefert hat. Der Film spielt in der
Zeit, in der Schnitzler das Stück schrieb: vor dem Kriege.
Das Ensemble weist eine große Anzahl prominenter Namen
auf: Luise Ullrich, Magda Schneider, Olga Tschechowa, Gu¬
stav Gründgens. Paul Hörbiger. Wollgang Liebeneiner, Willz
Eichberger, Paul Otto, Oskar Sima und Ekkchard v. Arendt.
Wunderbare Aufnahmen, von denen ganz besonders die
romantischen Schlittenfahrten durch den dicht verschneiten
Wald hervorgehoben werden sollen, erfreuen das Auge. Die
überaus schwere Aufsabe der Vertonfilmung eines
Schnitzler'schen Dramas ist durch dieses Stück glänzend
gelöst.</Unicode>
            </TextEquiv>
        </TextRegion>
    </Page>
</PcGts>
