3484 4352
497 229 824 293 iebele
311 204 1445 325 5 1 box 12/6
668 1131 1059 1202 Ausschallt absh
1067 1147 1706 1253 rliner, Local Anzei,
819 1189 1154 1289 12 Mnit
681 1246 821 1297 VOM:
733 1322 1203 1365 Dihastpile Wahitant.
764 1360 1649 1411 nn. Im Theater am Nollendorfplatz fand
725 1393 1669 1444 Hestern (Freitag) abend zugunsten des unter dem
733 1436 1650 1492 Protektorat der Kaiserin stehenden Deutschen
734 1481 1652 1537 Frauenvereins vom Roten Kreuz für die Kolo¬
740 1520 1397 1584 nien eine Aufführung von Arth#
733 1531 1651 1602 dreiaktigem Schauspiel „Liebelei all dis
740 1599 1651 1653 hätie erwarten sollen, daß bei einer Veranstal¬
742 1640 1649 1686 tung, bei der der Logenplatz 50 M. und der Par¬
738 1665 1651 1722 kettplatz in den vorderen Reihen 20 M. kostete,
733 1725 1644 1766 ein geschlossenes gesellschaftliches Bild zu erzielen
728 1751 1640 1804 gewesen wäre. Doch war leider nichts davon zu
746 1791 1638 1828 spüren. Nur wenige Damen waren in Gesell¬
741 1827 1651 1883 schaftsrobe und nur vereinzelte Herren im Frack
736 1870 1647 1912 erschienen, im übrigen herrschten Smoking und das
740 1905 1650 1954 sogenannte gute Kleid vor, doch konnte man im
738 1948 1647 2000 Parkett auch Herren im grauen Straßenanzug
727 1976 957 2031 und in
966 1985 1645 2034 den Logen Damen im, sagen
737 2030 1643 2074 wir, Straßenkostüm sehen. Um so einheitlicher
724 2064 1639 2120 war das Bild, das sich von der Bühne bot.
732 2098 1649 2137 Eine Anzahl vortrefflicher Künstler hatte sich in
730 2134 1643 2192 den Dienst der guten Sache gestellt und führte ihre
726 2167 1637 2241 Aufgaben mit voller Hingabe an das Werk durch.
722 2220 1642 2276 Allen voran Agnes Sorma, deren Christine als
723 2260 1646 2306 eine Meisterleistung längst bekannt und gewürdigt
733 2295 1639 2339 ist, und die auch gestern wieder mit ihren echten
729 2334 1635 2375 Herzenstönen tief zu rühren und zu erschüttern
721 2371 1645 2425 wußte. In der Rolle des Fritz war auch Kurt
723 2391 1641 2460 Stieler kein Neuling mehr, und es bleibt deshalb
730 2451 1634 2498 nur übrig, zu sagen, daß er auch diesmal ein vor¬
716 2488 1645 2548 treffliches Charakterbild dieses im Kerne ehrlichen,
733 2529 1635 2575 aber an seiner inneren Schwäche zugrunde
722 2557 1634 2622 gehenden jungen Offiziers schuf. Der Gewinn
720 2601 1632 2640 des Abends war Fritzi Massarys ganz ausgezeich¬
723 2642 1638 2690 nete Mizi. Es zeigte sich hier, welch einen
725 2674 1640 2720 Fonds echten Künstlertums in dieser Darstellerin
725 2717 1629 2768 steckt, die ihre besten Kräfte leider in seichten
730 2757 1636 2807 Soubrettenrollen erschöpfen muß. Und eine nicht
724 2797 1636 2852 weniger angenehme Ueberraschung waren der
1326 2866 1523 2920 ae
731 2915 1646 2969 schlichte und ergreifende Weinig Max Pallenbergs
732 2955 1641 3000 und Karl Pfanns diskret und vornehm durch¬
739 2970 1654 3051 geführter Theodor Kaiser. In den kleinen Episo¬
739 3022 1635 3081 den der Frau Binder und des Barons fügten sich
745 3064 1636 3113 Rosa Valetti und Franz Blei dem vorzüglichen
731 3104 1657 3158 Ensemble wirkungsvoll ein. Das sehr zahlreich:
737 3151 1625 3197 erschienene Publikum lohnte die Vorstellung, die
741 3193 1637 3248 sicher auch einen reichen klingenden Erhagse¬
724 3215 1334 3290 liefert hat, mit starkem Beifall.
1212 3258 1332 3303 — —
841 3262 1030 3309 — —
2187 1012 2914 1129 Berlinex,Morgenpost, Beri¬
1925 1065 2130 1144 m: 12.
2107 1097 2354 1172 B
2013 1187 2764 1293 Die Horma als süßes Mädel.
2002 1268 2827 1344 Zu wohltatigm Zwed. Artan
2021 1333 2839 1402 “ im Theater am Rollen¬
1948 1382 2195 1444 dorfplatz.
2009 1393 2842 1491 Frau Agnes Sorma und Schnitzlers „Süßes
1947 1450 2843 1534 Mädel“ Christine sind beide älter geworden, seit
1956 1502 2841 1559 man sie zum letztenmal in Berlin sah. Das
1954 1512 2854 1616 Schnitzlerstück scheint heute, wo es schon eine
1962 1581 2853 1663 ganze Tradition gezeugt hat, wo der „Liebelei“¬
1960 1624 2847 1699 Dichter zuletzt ein ganz von Gedanken erfülltes,
1964 1669 2850 1732 männliches und unsentimentales Drama wie den
1966 1711 2856 1788 „Professor Bernhardi“ geschrieben hat, wie eine
1958 1753 2849 1821 sehr liebe, sehr zarte, aber durch die leichte Art,
1957 1792 2853 1864 mit der sie sich kopieren ließ, ein bißchen uninter¬
1965 1844 2859 1909 essant gewordene Arbeit. Frau Agnes Sorma
1969 1892 2846 1958 ihrerseits hat leider keine schauspielerische Tra¬
1968 1934 2851 1994 dition hinterlassen; vergeblich würde man unter
1970 1970 2861 2037 ihren jüngeren Kolleginnen eine suchen, die dem
1969 2014 2861 2087 Glanz und der Gnadenfülle ihrer früheren Jahre
1979 2064 2863 2127 gleichkäme. Frau Sorma ist eine große, Künst¬
1977 2101 2860 2170 lerin noch heute, und wenn ihr auch für das
1974 2140 2858 2230 süße Mädel Christine die herbe, halbaufgeblühte
1976 2188 2864 2254 Grazie nicht mehr zu Gebote steht, wenn ihr
1982 2230 2863 2304 härteres Schlesisch auch nicht mehr sich allen
1986 2276 2859 2340 Rhythmen des wienerischen Geplauders an¬
1991 2329 2874 2390 schmiegen kann, respektiert man noch immer ihre!
1983 2356 2874 2433 vornehme Weiblichkeit und wird durch ihren
1980 2410 2518 2486 tiefen Schmerz mitergriffen.
2007 2446 2869 2517 Für diese Aufführung hatte Direktor Zavrel,
1991 2507 2877 2563 der im nächsten Jahr wohl das Theater am
1990 2535 2878 2613 Rollendorfplatz und die Kunst wieder mit¬
2002 2584 2870 2661 einander aussöhnen dürfte, die schauspielerischen
1992 2623 2883 2705 Energien freigelegt, die in den Stars seines
2001 2667 2884 2736 Operettenensembles schlummern. Man sah Max
1996 2709 2884 2800 Pallenberg als den alten Musiker Weiring,
1996 2753 2879 2831 ein Kabinettstück, wie aus einer Kriehuberschen
1999 2800 2878 2873 Lithographie geschnitten, von Alter und Leiden,
1996 2842 2891 2925 zergilbt, bis in den Kern rührende Einfalt. Man
2002 2885 2880 2958 sah die Massary als Schlager=Mizzi, kokett¬
2006 2927 2889 3005 und zutraulich, wenn auch mit recht viel Selbst¬
1997 2974 2895 3051 bewußtsein, und Herrn Pfann, der den Wiener
2006 3014 2896 3087 Lebejüngling ganz aus dem Handgelenk spielen
2009 3065 2884 3145 kann. Nur mit dem deutlichen Sprechen stehen
2002 3114 2898 3171 die Herrschaften von der Operette ein wenig auf
2009 3166 2894 3228 Kriegsfuß. Eine Art mißglückter Sensation war
2009 3204 2894 3259 das Auftreten des Schriftstellers Dr. Franz
2013 3243 2881 3315 Blei (ohne Hornbrille), dem der „fremde Herr“
2022 3292 2917 3362 zugedacht war. Er war, wie Bernhard Shawz
2011 3323 2773 3422 sagen würde: „Patrizier und Dilettant".
2674 3389 2801 3483 12
