3392 4224
714 136 782 214 1
426 142 661 218 Liebe
942 134 1372 233 box 11/1
239 151 915 251 5. La
735 400 1199 507 Telephon 12861.
359 513 1587 570 Alex. Weigl’s Unternehmen für Zeitungs-Ausschnitte
598 558 1520 710 „OBSERYER“
1349 591 1655 716 Nr. 39
316 625 513 727 Wie
264 691 1701 769 L. österr. behördl. conc. Bureau für Zeitungsberichte u. Personalnachrichten
515 760 1434 839 Wien, I., Concondiaplarz 4.
260 810 1694 895 Vertretungen in Berlin, Budapest, Chicago, Genf, London, Newyork, Paris, Ron,
622 885 1346 952 Stockholm, Kristiania, St. Petersburg.
241 980 1503 1104 Ausschnitt aus: beuzer aneep0ef
260 1124 580 1225 vom: %
576 1126 880 1259 174#
519 1333 1133 1485 Tohatnachrichten.
378 1436 1366 1547 *(Theater am Franzensplatz.) Man macht
288 1520 1365 1587 gegenwärtig in Wien den neuerlichen Versuch, eine
301 1564 1368 1637 eigene deutsch=österreichische Litteratur zu konstituieren;
297 1618 1374 1696 der Gedanke scheint selbst in Kreisen Freunde zu haben,
292 1672 1376 1732 denen die deutschen Laute sonst nur gerade noch als
291 1725 1373 1796 Kommando= und Kommißsprache in den Kasernen gut
304 1770 1362 1837 genug sind. Aber mit einem nach den Vorschriften des
289 1821 1365 1891 Vereinsgesetzes abgefaßten und in fünf Ausfertigungen
300 1876 1376 1940 bei der Polizei überreichten Statut gründet man noch
294 1918 1410 1992 keine Litteratur. Diese muß aus dem Volkstum heraus¬
1476 1956 1673 2019 inclusive
301 1952 1472 2049 wachsen und volkstümlich ist in Wien immer noch ein 3.—
1494 2006 1648 2055 Porto.
308 2029 1421 2090 Stück nur dann, wenn „der Girardi“ eine Rolle darin 9.-
1491 2042 1666 2093 Zahlbar
299 2068 1428 2140 het. Es gibt ja wohl auch in Wien eine literarische?
1391 2051 1701 2152 im Voraus.
301 2122 1366 2205 Gruppe der Modernen, und man zählt zu ihr die
1355 2141 1705 2199 schnitte ist das
291 2171 1719 2246 Dramatiker Karlweis, Arthur Schnitzler, Hermann seh steht es den
280 2216 1589 2298 Bahr und Rudolf Lothar, aber nur der zu ändern.
296 2272 1376 2349 zu früh dahingeschiedene Verfasser des „Groben
298 2326 1719 2384 Hemdes“ und der Dichter der „Lebendigen Stunden“ ½ enthaltend die
1381 2357 1704 2406 ser Morgen¬
274 2369 1357 2450 Ihängen einigermaßen mit dem Wiener Boden zu¬
1367 2384 1719 2456 Wiener Zeitung“)
1397 2427 1715 2492 wirthschaftliche
282 2432 1369 2490 „sammen, inso erne nämlich, als sie mit Vorliebe und Glück
1364 2468 1723 2542 vird. Diese Mit¬
274 2483 1362 2545 I das Milien der Kaiserstadt schildern. Im übrigen kennt man
299 2525 1365 2603 vz. B. Arthur Schnitzler jenseits der schwarzgelben
310 2572 1363 2639 Pfahle besser, als in Wien jenseits der Währinger
310 2607 1377 2705 Linie. Und doch müßte dieser Dramatiker, gäbe es eine
310 2679 1376 2750 eigene deutschösterreichische Literatur, in Wien sein
306 2733 1372 2786 eigenes Theater haben, wie es seine Meister in Paris
311 2779 1384 2844 hatten. Aber Schnitzler und die Anderen, die etwas
304 2813 1379 2906 können, bedürfen eines solchen literarischen Schutzzolles
311 2872 1383 2946 gar nicht und den Deutschen in Österreich könnte am
303 2917 1375 2997 wenigsten damit gedient sein, denn eine deutschöster¬
309 2969 1381 3026 reichische Literatur wäre das Ende der deutschen
315 3020 1389 3096 Literatur in Österreich. — Draußen im Reiche hat man
310 3070 1387 3151 Schnitzlers „Christine“ als die poetischeste Mädchen¬
312 3115 1379 3197 gestalt bezeichnet, welche nächst Hannele die
1098 3165 1386 3233 die gestrige
309 3161 1103 3243 deutsche Moderne geschaffen hat und
314 3233 1405 3285 Wiederaufführung der „Liebelei; in welcher?
311 3263 1394 3345 Fräulein Sussin die Rolle spielte, hat dieses Urteil
318 3309 1381 3393 bestätigt. Die Seelentragödie, die erst zum Ausbruche
310 3358 1380 3429 kommt, wenn der Vorhang schon herabgehen will, hat
324 3417 1380 3485 diese Künstlerin mit ihrer tiefen Empfindung und ihrer
320 3469 1381 3537 kräftigen Leidenschaft so ergreifend dargestellt, daß das
331 3520 1378 3583 Publikum gar nicht aufhören wollte, die Heldin des
334 3570 1386 3638 Stückes an die Rampe zu rufen. Aber auch alle
337 3632 1389 3687 anderen Rollen waren ausgezeichnet besetzt; wir haben
326 3667 1380 3747 schon lange keine so gute Vorstellung ge ehen, wie die
328 3718 1384 3800 gestrige. (Spielleiter Herr Lenoir.) Köstlich war die
334 3767 1379 3854 Szene zwischen Hans Weiring (Lippert) und der
330 3818 1398 3880 aus dem Leben geschnittenen Katharina Binder
326 3858 1399 3933 (Bleibtreu), lebendig und humorvoll das Treiben
326 3919 1392 3984 in der Garconwohnung der beiden jungen Leutg
336 3964 1379 4043 (Halvern und de Grach), erheiternd das philo¬
339 4011 1393 4096 sophische „süße Mädel“, dargestellt von Fräulein
2260 904 2708 989 Telephon 12801.
1884 998 3116 1075 Alex. Weigl’s Unternehmen für Zeitungs-Ausschnitte
2734 1049 3045 1153 See Ausschnitt
2127 1095 3161 1212 „OBSERVEI Nr. 73
1780 1203 3224 1269 I. österr. behördl. conc. Bureau für Zeitungsberichte u. Personalnachrichten
1969 1251 2966 1343 OWien, I., Concondiaplatz 4.
1785 1306 3208 1404 Vertretungen i Berlin, Budapest, Chicago, Genf, London, Newyork, Paris, Rom,
2139 1371 2849 1441 Stockholm, Kristiania, St. Petersburg.
1787 1467 3061 1604 Kesschmt s nlalt Danban
1792 1632 2330 1773 vo z
1917 1999 3070 2093 (Theater in Dornbirn. Wir können mit Bestimmtheit
1840 2066 3072 2127 mitseilen, daß am Mittwoch den 13. Mai die Robertsche
1844 2130 3074 2200 Theatergesellschaft zum erstenmale spielt. Größeren Vor¬
1833 2176 3102 2258 bekeitungen halber wird die Fischertragödie „Hoffnung auf
1840 2224 3071 2301 Segen“ erst Freitag aufgeführt. Am Mittwoch als 7. Gast¬
1897 2281 3067 2348 rstellung bringt man Schnitzlers „Liebelei“. Der junge
1831 2324 3066 2387 utd hochbegabte Wiener Schriftsteller hat sich durch seine
1840 2376 3069 2444 phetischen und eigenartigen Dichtungen in der Dichterwelt
1845 2428 3059 2497 einen ausgezeichneten Namen erworben. In dem dreiaktigen
3064 2451 3200 2520 nsive
1843 2468 3052 2536 Schauspiel „Liebelei“ schuf er sein Meisterwerk. Ueberall,
3052 2509 3160 2552 rto.
1835 2519 3165 2587 wo bisher das wirklich aus dem Leben gegriffene Schauspiel lbar
1839 2576 3226 2621 aufgeführt wurde, hat es einen großen und nachhaltigen fornus.
1817 2610 3224 2685 Erfolg errungen und viele Wiederholungen erlebt. Auch in gi das
1831 2673 3225 2739 unserer Stadt darf diese sensationelle Novität auf volles es den
1791 2718 3063 2776 AInteresse rechnen. Wir hoffen, daß sich Herr Direktor Robert
1843 2757 3063 2835 für diese interessante Darbietung seines Repertoirs durch ein
1836 2784 3223 2890 recht volles Haus belohnt sehen wird, was wir dem rührigen ba die
3065 2854 3212 2905 Fgen¬
1789 2868 3224 2943 In Direktor aufrichtig wünschen. Am ersten Abend wird die grung")
1832 2918 3223 3003 IZwischenaktsmusik von einer Abteilung (16 Mann) der #ftliche
1824 2956 2658 3023 Bregenzer Regimentskapelle ausgeführt.
3056 2974 3232 3044 de Mit¬
1794 2980 1834 3039 1
1787 3000 2832 3101 theilungen werden in Wien um 9 Uhr Früh verschickt.“
2118 3100 2900 3179 Pnospecte gratis und fnanco.
