3436 4224
479 169 739 239 Tebel
1344 173 1412 255 1
972 167 1357 260 box 11/
267 176 958 284 5. L a1.
694 1033 1159 1120 Telephon 12801.
320 1135 1548 1208 Alex. Weigl’s Unternehmen für Zeitungs-Ausschnitte
1332 1181 1553 1257 Ausschnitt
279 1208 1216 1345 1/2109 „OBSERYER
1373 1237 1621 1336 Nr. 10
214 1314 1651 1415 I. österr. behördl. conc. Bureau für Zeitungsberichte u. Personalnachrichten
427 1387 1444 1470 Wien, IX/1, Türkenstrasse 17.
616 1455 1262 1537 - Filiale in Budapest: „Figyelö“ -
223 1509 1657 1597 Vertretungen in Berlin, Chicago, Genf, London, Newyork, Paris, Rom, Stockholm.
1006 1581 1578 1715 Klaner g
215 1652 739 1750 Ausschnitt aus:
227 1795 855 1915 von: #70
446 2001 1404 2091 —(Raimund = Theater.) Zum erstenmale „Olgas
351 2045 1390 2142 Spitzhube“ Schwank in einem Akt von Beatrice Dovsky.
356 2119 1377 2174 Frau J.=U.=Dr. Olga Raimann ist Verteidigerin in Straf¬
353 2165 1387 2229 sachen und hat zum erstenmale einen großen Prozeß zu
359 2222 1387 2267 führen. Sie verteidigt einen renommierten Spitzbuben. Es
351 2275 1386 2323 gelingt ihr, einen Freispruch zu erwirken und in ihres
347 2316 1379 2373 Herzens Ueberschwang ladet sie den Spitzbuben, von
347 2369 1388 2424 dessen Unschuld sie fest überzeugt ist, zu sich zum
358 2396 1393 2464 Mittagessen. Da entpuppt sich die wahre Natur
347 2458 1375 2524 ihres Klienten, „Olgas Spitzbube“ bestiehlt schmt¬
349 2495 1285 2553 liche Anwesende und verschwindet dann,
347 2543 1292 2618 eben der Detektive auf der Bildfläche erscheint, um
232 2549 331 2633 Für
1431 2566 1633 2635 inclusive
353 2607 1378 2661 neuerlich zu verhaften. Eine sehr harmlose Geschichte also,
1446 2623 1617 2673 Porto.
344 2634 1389 2715 dieser Einakter, auch nicht ganz neu seiner Idee nach, aber
1441 2656 1631 2716 Zahlbar
351 2666 1648 2767 lustig und geschickt gemacht. Es gab stellenweise herzliche ] im Voraus.
358 2726 1678 2821 Heiterkeit. Fräulein Dovsky, die selbst die Rolle der mitte ist das
369 2794 1693 2869 Verteidigerin erfolgreich spielte, durfte mehreremale er= seh stcht es den
237 2794 351 2869 Abon
370 2839 1372 2906 scheinen, um für den Beifall zu danken. Dann folgte
1376 2849 1559 2917 ändern.
230 2860 349 2926 Abon
362 2893 1373 2949 Schnitzlers „Liebelei“ mit Hansi Niese als Christise.
1387 2921 1668 2987 enthaltend die
347 2919 1367 3003 Frau Niese ist in dieser Rolle schon oft gewürdigt worden
1380 2972 1671 3022 r Morgen¬
232 2983 1356 3041 Inhaj und so sei nur konstatiert, daß sie auch gestern wieder
1631 3006 1680 3040 4
1362 3004 1666 3059 liener Zeitung)
239 3023 351 3080 blä
355 3022 1357 3082 eine große Wirkung erzielte. Fräulein Reingruber
1361 3043 1678 3097 lwirthschaftliche
364 3082 1358 3152 und die Herren Lackner und Homma verdienen eben¬
1352 3072 1686 3147 lird. Diese Mit¬
242 3101 341 3146 Lebe
238 3124 757 3220 theil falls volles Lob. S,
563 3204 1349 3290 Prospecre graris und franco.
1783 2049 1844 2122 Fi
2225 503 2689 597 Telephon 12801.
1867 591 3065 689 Alex. Weigl’s Unternehmen für Zeitungs-Ausschnitte
2854 655 3077 726 Ausschnitt
1831 660 2767 811 NaIOG ‚ OBSERYER“
2909 712 3155 806 Nr. 12
1742 787 3177 861 I. österr. behördl. conc. Bureau für Zeitungsberichte u. Personalnachrichten
1964 854 2979 945 Wien, IX/1, Türkenstrasse 12.
2134 928 2771 1009 — Filiale in Budapest: „Figyelö“
1747 1007 3184 1064 Vertretungen in Berlin, Chicago, Genf, London, Newyork, Paris, Rom, Stockholm.
1756 1137 2281 1217 Ausschnitt aus:
2542 1154 3281 1270 Die Reichswehr, Wien
1773 1276 2389 1408 7 700
1919 1415 3014 1498 (Raimund=Theater.) Fräulein Beatrice Dovsky,
1823 1488 3011 1554 die mit Glück die Feder führt, hat sich heute mit einer lustigen
1829 1536 3025 1612 Kleinigkeit eingestellt. Der Scherz heißt „Olga's Spitzbube“.
1831 1601 3016 1650 und ist leider schon nach 25 Minuten aus. „Olga's Spitz¬
1826 1648 3020 1702 bube“ ist ein abgefeimter Gauner, mit dessen Freispruch Frau
1837 1681 3011 1758 Dr. Olga Reimann ihren ersten Erfolg als Vertheidigerin
1843 1732 3012 1789 feiert. Frau Doctor hat ihren „Clienten“ unvorsichtigerweise
1845 1771 3023 1843 zu Tische geladen.... Im Hause, in dem der Gatte ausschließlich
1844 1834 3024 1892 den wirthschaftlichen Pflichten obliegen muß, stiehlt aber der
1835 1881 3020 1938 gebetene Gast Alles, was nicht niet= und nagelfest ist, und
2722 1925 3017 1993 die Anzeige
2679 1935 2728 1975 00
1842 1930 2679 1994 entwischt gerade, als ein Detective
1849 1984 3023 2038 macht, daß der freigesprochene Dieb auf dem Wege
1834 2024 2332 2095 in die Reimann'sche
2412 2018 3176 2093 Wohnung einen Einbruch elusive
1851 2069 3155 2129 verübt und sich als ein entsprungenes Steinbrüderl orto.
1838 2121 3170 2173 entpuppt habe. Der mit gutem Theaterverstande exponirte ahlbar
1850 2167 3195 2227 Schwank dient einer vorzüglichen Unterhaltung. Die geist¬ Voraus.
1846 2225 3219 2286 volle Autorin spielte den weiblichen Advocaten mit allerliebster ist das
1843 2262 3220 2324 Lanne. Herr Thaller zeichnete mit feinster Charakter= it es den
1845 2308 3094 2372 komik den alten Gauner. Fräulein Schneider u.
1840 2354 3027 2424 und die Herren Homma und Lackner
1842 2397 3216 2481 assistirten den zwei Hauptdarstellern. Nachher wurde tend die
3011 2442 3216 2492 orgen¬
1845 2473 3204 2527 Schnitzler's „Liebelei“ mit Frau Niese als Christine zeitung")
1841 2523 3216 2569 ohne sonderliche Wirkung gegeben. In einer Matinée in der haftliche
1851 2555 3218 2610 Josefstadt machten wir schon die Bekanntschaft dieser Christine, iese Mit¬
1852 2600 3025 2671 Frau Niese's Erscheinung erfüllt für diese Gestalt nicht
1834 2652 3048 2736 die äußerlichen Vorbedingungen, und in diesem Falle vermag
3104 2694 3167 2741 Bulie
1850 2700 3034 2766 ihre Kunst weniger als die Illusion. Von den Mit¬
1843 2751 3027 2809 gliedern des Raimund=Theaters wurde
1851 2800 3023 2860 das Schnitzler'sche Stück in viel zu schwerfälligem Tempo
1848 2853 3024 2912 gespielt. So bemühte sich Fräulein Reingruber vergebens,
1850 2896 3026 2952 die Derbheit des Naturells einer Mizzi Schlager zu markiren.
1851 2950 3031 3010 Diese Rolle gehört dem Fräulein Höflich, die man nach
1848 2990 3030 3061 ihren ersten Erfolgen jetzt monatelang beurlaubt. Auch Herr
1844 3039 3029 3107 Lackner als Fritz Lobheimer ist ungemein uninteressant.
1849 3102 3000 3164 Er spielte blos einen verseufzten, kopflosen Menschen. e. k.
1930 3136 3021 3208 (Jantsch=Theater.) Heute wurde Benjamin
1840 3192 3022 3252 [Schier's „Hochzeit der Schwiegermutter“ zum fünfund¬
1854 3254 3026 3310 zwanzigstenmale gegeben. Die lustige Handlung und Gothov¬
1844 3291 3033 3369 [Grünecke's Musik übten die schon zweidutzendmale
1843 3341 3030 3416 erprobte Wirkung. Die Damen Lehmann, Trauner
1844 3401 3025 3450 und Braun, sowie die Herren Petza, Leicht und
1845 3429 3021 3488 Fischer — Letzter insbesondere nach dem Vortrag des
1841 3486 3019 3560 [Großmann'schen Couplets — wurden von dem aus dem
1851 3547 3016 3604 Jubiläumsanlasse besonders beifallsfreudigem Publicum vor¬
1845 3592 3030 3656 nehmlich mit Applaus bedacht. Selbstverständlich fiel der
1853 3638 3029 3694 Großtheil des Beifalls auf den Autor, der wiederholt vor
1850 3679 3035 3738 der Rampe erscheinen mußte. Fräulein Braun erhielt
1855 3726 2479 3811 auch zahlreiche Blumenspenden.
