3436 4320
448 138 806 217 Liebelei
942 139 1416 233 box 10/4
291 154 933 258 5. S
1142 500 1487 646 #11
820 740 1634 817 Nr. 2477. Czernowitz, Donnerstag
752 864 1793 941 hat in liebenswürdiger Weise ihre Mitwirkung zugesagt,
755 925 1786 983 und wird die von ihr creirte Rolle, „Der Titiana“
764 966 1799 1016 spielen. Die übrigen Hauptrollen befinden sich in den
762 1022 1803 1079 Händen der Damen Colleit, Mentzl, der Herren Schmidt.
766 1055 1792 1113 Kernreuter, Kömle, Kaitan. Somstag nachmittags gelangt
760 1095 1796 1145 die Oper „Faust“ bei ermäßigten Preisen zu Aufführung.
761 1143 1787 1201 Abend 7 Uhr: Raimund's „Bauer als Millionät“,
758 1195 1801 1244 worin das ganze Personale beschäftigt ist. Als Sonntag
763 1227 1797 1294 Nachmittags=Vörstellung wurde die beliebte Posse „Deei
763 1276 1797 1346 Paar Schuhe“ angesetzt. Abends 7 Uhr „Die schöne
767 1313 945 1392 Helene.“
1037 1441 1543 1537 Theater.
848 1522 1792 1588 „D'rum bin ich immer gegen die sogenannten interes¬
755 1584 1802 1642 santen Weiber. Die Weiber haben nicht interessant zu
768 1630 1801 1686 sein; sondern angenehm. — Du mußt das Glück suchen,
767 1678 1796 1730 wo ich es bisher gesucht und gefunden habe, dort, wo
767 1716 1802 1777 es keine großen Scenen, keine Gefahren, keine tragischen
758 1757 1796 1811 Verwicklungen gibt .. .“ Mit diesen und ähnlichen
755 1803 1802 1854 Worten räth Theodor, ein junger Student, seinem
763 1847 1802 1895 Freunde und Altersgenossen Fritz, einem Kinde reiche:
770 1890 1799 1936 Eltern, von seinen aufregenden Liebesabenteuern zu
770 1935 1803 1988 lassen. Er soll aufs Land, um seine Nerven zu stählen.
768 1980 1793 2035 Die Weiber soll man nicht meiden, gewiß nicht; aber
752 2023 1796 2071 man suche das Liebesglück dort, „wo der Beginn keine
766 2066 1796 2109 besonderen Schwierigkeiten und das Gabe keine Quaien
772 2112 1795 2157 hat, wo man lächeind den ersten Kuß empfängt und mit
765 2151 1796 2212 sehr sanfter Rührung scheidet.“ Etwa so, wie Theodor
757 2202 1792 2259 zur Modistenmizi, einem leichtfertigen, aber im Grunde
756 2240 1799 2300 guthmüthigen Vorstadtkinde, steht. Doch es ist zu spät,
754 2301 1807 2340 und Fritz, der vielleicht gerade jetzt das echte Liebesglück
753 2331 1791 2381 gefunden hat, da ihm Christine die Tochter des Violin¬
758 2372 1793 2424 spielers Hans Weiring mit ihrer ganzen Seeie ergeben
762 2424 1788 2464 ist, muß das sträfliche Verhältnis, in welchem er zu der
755 2460 1792 2524 Frau eines Andern gestanden, mit dem Tode büßen. Er
760 2501 1085 2574 fällt im Duelle.
845 2543 1787 2619 Das Stück hätte statt „Liebelei“ eigentlich „Liebe¬
759 2605 1786 2662 leien“ heißen sollen. Fritz hat eine Liebelei mit der
759 2635 1779 2707 Gattin eines Anderen angefangen und spielt gleichzeitig
749 2695 1794 2743 mit Christinen, dem armen Mädchen. Er weiß nicht.
749 2729 1783 2778 daß es echter Liebesfrühling ist, der in dem Herzen des
753 2786 1790 2847 guten Kindes blüht, und als er endlich, von dem Gatten
763 2823 1799 2872 seiner ersten Geliebten zum Zweikampfe gefordert, von
763 2871 1797 2907 Christinen Abschied nimmt, da fühlt er erst, daß er hier
751 2913 1791 2960 sein wahres Lebensglück hätte finden können. Es istzu spät.
756 2970 1795 3012 Daneben läuft, wie zur Illustration, das harmlose
750 2993 1605 3066 Liebesverhältnis zwischen Theodor und Mizi.
848 3040 1793 3091 Arthur Schnitzlers „Liebelei“, ein deetactiges Schau¬
755 3090 1787 3140 spiel, dessen Inhalt wir im Obigen kurz skigzirt haben,
762 3134 1796 3182 verdient den Ruf, der ihm vorangeht. Der reiche Inhalt
746 3178 1800 3228 ist auf drei kurze Acte ausgezeichnet vertheilt.
755 3217 1796 3286 Die einzelnen Scenen haben echtes dramatisches Leben
756 3259 1789 3307 und der Dialog fließt natürlich. Die Handluag
747 3311 1797 3362 hat bei aller dramatischen Bewegtheit nichts Gewaltsames,
759 3358 1789 3411 Herbeigezerrtes an sich, und der Zuschauer lebt Alles,
759 3411 1805 3457 was auf der Bühne vorgeht, selbst mit. Auch in diesem
756 3440 1792 3504 Stücke haben wir eine Art Vorder= und Hinteestuhe
749 3480 1798 3551 (der eiste Act spielt in Fritzens reich ausgestattetem
756 3528 1799 3588 Zimmer, die beiden letzten in der armseligen Wohnung
759 3575 1793 3635 des Violinspielers), aber da fühlt man: nicht der Dichter
751 3618 1796 3668 hat die Handlung in die Hinterstube gewaltsam verlegt, son¬
748 3667 1790 3727 dern die Handlung hat ihn hingeführt. Jede der auftretenden
758 3706 1791 3754 Figuren hat Leben, und die Gegensätze zwischen den ein¬
746 3746 1789 3806 zelnen sind in kurzen Strichen meisterhaft skizzirt. Neben
753 3795 1792 3844 den Hauptpersonen, die wir oben schon erwähnt haben,
762 3838 1798 3898 gibt es in dem Stücke noch zwei lebenswahre Figuren:
754 3883 1809 3938 den Vater Musicus, einen schlichten, kreuzbraven Mann,
2104 736 2565 821 Bukowiner Nachrichten
1827 866 2860 928 und Katharina Binder, die „liebe Nachbarin“, die um
1828 928 2859 978 das Wohl ihrer Mitmenschen besorgt ist und bis zur
1817 975 2855 1019 Bewußtlosigkeit klatscht und — stichelt. Die Spannung
1818 1018 2865 1063 hält bis zum letzten Augenblicke an, weil die Handlung
1819 1064 2861 1107 in die Scenen und Auxtritte förmlich hineingewoben
1813 1106 2863 1160 und nicht wie es bei so vielen Stücken der Fall ist,
1823 1150 2866 1209 nur leicht aufgetragen ist. Was sich vor unseren Augen
1822 1193 2867 1258 abspielt, ist natürlich, als müßte Alles so kommen, wie
1829 1233 2772 1295 es eben kommt. Die „Liebelei“ ist ein Meisterwerk.
1910 1260 2863 1337 Das darstellende Personale wächst mit seinen höheren
1820 1294 2860 1385 Zwecken. Während das seichte Lustspiel bei uns im
1826 1368 2863 1428 Allgemeinen nicht glänzend gesvielt wird, finden gute
1823 1410 2862 1475 moverne Schauspiele tüchtige Kräfte. Die jungen Leute
1826 1462 2862 1514 (Fritz und Theodor) wurden von den Herren Beraun
1827 1502 2873 1561 und Felix mit Verständnis gespielt. Ersterer fand,
1817 1544 2875 1597 ohne sich zu überhasten, den nervösen Ton, und Letzterer
1825 1590 2857 1647 war in der ausgelassemn Laune und in den ernsten
1827 1626 2857 1692 Scenen gleich gut. An die Aussprache dis Heren
1818 1671 2862 1738 Felix muß man sich gewöhnen, um sein schau¬
1815 1708 2867 1784 spielerisches Taleni, das manchmal stark zur Geltung
1822 1766 2869 1812 kommt (wie unlängst in „Sodoms Ende“) würdigen zu
1812 1799 2863 1851 können. Frl. Brunner bewies als Christine neuerdings,
1822 1850 2874 1900 daß sie im Adagio der Liebe und im Allegro der Leiden¬
1825 1891 2866 1947 schaft gleich stark sein kann. Sehr aut hat Fil. Selli
1823 1943 2865 1987 ihre Mizi aufgefaßt und gespielt. Der laute Ton, den
1822 1985 2868 2052 diese Schauspieleria gewohnheitsmäßig onschlägt, kam ihs
1809 2029 2876 2073 diesmal vortrefflich zu statten. Nicht vergessen dürfen
1813 2072 2851 2118 wir an den Musikus des Herrn Friroheim, der das
1821 2115 2855 2162 Publicum zu ergreifen wußte, und Frl. Gartner,
1810 2153 2884 2224 die ihrer Rolle als redselige Frau Strumpfwirker
1814 2202 2867 2274 vollkommen entsprach. — Mit Befall wulde natütlich
1821 2242 2092 2304 nicht gekargt.
1903 2266 2848 2346 Da unser Publicum vor ¾ 10 Uhr nicht gerne aus
1817 2337 2859 2382 dem Theater geht, und die „Liebelei“, wie es schon mit
1820 2376 2861 2440 den meisten Liebeleien der Fall ist, nur 1½ Stunden
1818 2418 2850 2479 ausfülli, wurde als Beigabe (es war übrigens ein
1813 2466 2863 2519 Benefizabend; der des Theatersecretäts Nestle), noch
1826 2508 2868 2579 die alte lustige Operette, „Mannschaft an Bord“ ge¬
1816 2550 2871 2611 geben. In diesem Einacter unterhielten die Herren Weitz;
1816 2608 2854 2649 und Kernreuter durch ihre unwiderstehlichen Humor,
1809 2642 2858 2700 Ersterer wurde bei seinem Auftreten feeun dlich begrüßt,
1800 2682 2853 2750 da er als Administrator in dieser Saison selten dazu ge¬
1816 2728 2858 2789 kommen, war seine drastische Komik wirken zu lassen. Fil.
1809 2775 2306 2851 Pola war recht neckisch.
2591 2804 2818 2899 Ph. Ml.
