3436 4224
558 155 671 231 e1
789 149 1251 249 box 13/8
261 148 526 233 Liebe
116 152 705 276 5. MaREIA
672 1231 2268 1324 Hirschfeld die Illustration zu Manne begium das Leben des Weibes und im Lgane
171 1247 684 1347 „Die Müner“ von Geern
450 1260 837 1358 Ter Gttnn # richiell
169 1295 2238 1382 dem Glündsatz des Trefessors Haushofer. Da lernen wur j vollendel es sich. Denn der Mann erst macht das Werd¬
175 1342 2232 1436 eine zarssinnige, aufopfernde Arbetterin kennen, die in einer zum Weide! Dei Mann gibt ihm die große Gesunduna
173 1391 2188 1478 wilden Ehe mit einem Fabrikamenssohn lebt. Daß dues; und die große Selbstächtung durch die Mutterschaft.
164 1344 3250 1541 ene verfängliche Suche Ki, kommt ihr nicht im Geriupsten] Mann gibt iem die kesenden Höndchen und g## # nn selbst bei An¬
2213 1431 3255 1497 wendung der strengsten Gewaltmaßregeln die studirende
169 1478 2223 1581 zum Belpußtsein. Sie witt ihen Glücksantheil haben. Daß dustenden Blüthen seiner Kinder. Je höher des Weibes
175 1521 3247 1613 die Waseltschaft thremt Gnitet nicht den Stempel der Leib und Geist entwicktnt it, deste weniger kann .. Jugend sich zeitweilig fügt, so wird sich sicher nach Jahr
2222 1522 3262 1606 und Tag das jetzige Schauspiel wiederholen, und schließlich
2186 1582 3229 1634 wird sich doch die Regierung sagen müssen, daß eine f#el¬
180 1572 2215 1668 Leginmstät aufgedrückt hal, kümmert sie nicht. Und es Mannes entrathen, der ihr großes Glück ist oder ihr
165 1644 3256 1700 kümmert auch uns Kuschauer nicht. Was foigt daraus? großes Unglück, aber in allen Fällen derheitlichere Ausgestaltung des Universitätslebens ein D#g
2222 1680 3260 1743 der Nothwendigkeit geworden ist. Dies ist jetzt das neue
172 1668 2233 1772 Daß wir der Lebensweisheit des alten Musikers zu=7 Sinn ihres Lebens. Denn des Weibes Inhalt ist der
2228 1724 2760 1808 Programm der Studirenden.
166 1728 1388 1815 stimmen? Daß wir der Forderung, die Professor Haus= Mann!“
1283 1751 2234 1840 Hat man dies erwogen, so wird man begreifen, daß
174 1784 1224 1856 hofer erhebt, beipflichten? Daß wir jedem sitzengebliebenen
1205 1814 2240 1890 das Sitzenbleiben für ein Mädchen mehr als ein Miß¬
176 1844 1208 1897 Mädchen die Vollmacht ertheilen, sich einen Herzensfreund
2488 1843 3000 1948 Die innere Lage.
1204 1865 2239 1935 geschick bedeutet, daß darin sogar ein Stück wuchtiger
173 1874 1204 1955 zu suchen, bevor ihre Liebesfähigkeit erloschen ist? Wenn
1194 1912 2233 1981 Lebenstragik liegt. Die Einen nun fügen sich ergeben in
177 1935 1208 2018 man die Frage in dieser Weise zuspitzt, so wird man sie
2316 1920 3168 2024 Die Forderungen der Deutschen.
1203 1952 2246 2032 ihr Schicksal, wandeln in stiller, wehmüthiger Gelassenheit
182 1994 641 2069 nicht zu bejahen wagen.
2316 1987 3228 2064 In der Wohnung des Reichsrathsabgeordneter
1203 1999 2245 2080 durch das Leben, ohne den tiefen Schmerz, der in ihnen
1215 2048 3104 2123 nistet, äußerlich zu verrathen. Das sind die großen Naturen= Dr. Pergelt fand Freitag in Angelegenh
2225 2096 3055 2150 nationalpolitischen Forderungen der Deutschen
1207 2100 2249 2180 die zuweilen in außerordentlichen Lagen, zum Beispiel als
265 2118 1208 2183 Aus einem einleuchtenden Motiv. In heiklen, sittlichen
2234 2133 3063 2208 ferenz statt, welche der Bestrechung der Verhi
1206 2151 2237 2225 Samariterinnen in Kriegszeiten, einen wunderbaren Opfer¬
182 2172 1217 2234 Fragen einen allgemeinen Grundsatz aufstellen, ist überaus
2231 2186 3064 2253 südlichen Böhmen gewidme., war. Aus diesei
1208 2189 2247 2267 muth offenbaren. Die Meisten gehören freilich zu jener
187 2216 1221 2283 schwer und gefährlich. Es genügt vollständig, wenn wir bei
2227 2239 3105 2312 wurde auch der langjährige Pertreter des Böhme
1208 2243 2240 2310 viel beklagten, viel verspotteten Kategorie der verbitterten
193 2263 1228 2333 der Beurtheilung jedes einzelnen Falles jene Milde, jene
2226 2278 3219 2348 Reichsrathsabgeordneter Dr. Mitsche, zu dieser Kon
1218 2288 2245 2361 und vergrämten alten Mädchen, die sich selbst und der
183 2314 1218 2378 Nachsicht walten lassen, die aus einer tiefen Erkenntniß
2234 2309 3284 2404 ferenz geladen, der die nationalholitischen Forderungen der
1210 2343 2245 2410 Welt zur Last sind. Und wenn sich nun hie und da Eine
184 2356 1219 2432 der Sachlage entspringt. Wenn man nun einem alten
2229 2368 2989 2444 Deutschen im südlichen Böhmen erörterte.
1212 2380 2247 2457 findet, die sich gegen ihr Geschick trotzig aufbäumt, und,
185 2400 1231 2470 Mädchen zuruft: „Suche Deine Kräfte in irgend einem
2321 2395 3264 2486 Das in der letzten Sitzung der Vertrauensmänner
1217 2434 2256 2511 so lange ihre Jugend nicht gänzlich entschwunden, ihren
181 2452 1215 2512 Berufe zu bethätigen, dann wird Deine Verbitterung
2225 2457 3252 2530 der deutschoppositionellen Parteien eingesetzte Subkomité
1212 2477 2239 2552 Glücksantheil erobern will auf jede Weise, dürfen wir des¬
188 2502 1223 2584 schwinden,“ so werden Manche diesem Rufe Folge leisten
2235 2517 3228 2587 dürfte Mitte Mai das Referat über, die nationalpolitische
1211 2526 2249 2601 halb gegen sie einen Stein erheben? Darauf darf nicht
185 2560 1231 2619 und vielleicht auch in irgend einem Erwerbszweige volles
2238 2564 3235 2630 Forderungen der Deutschen in Böhren vorlegen, worau
1212 2577 2243 2657 der küble Verstand die Antwort ertheilen, sondern das
189 2589 1228 2664 Genügen finden. Aber die Anderen, die noch einen Glücks¬
1213 2608 3251 2692 Herz. Und das wird gar oft ein freisprechendes Urtheil die Deutsche Fortschrittspartei zusamientreten wird, um
187 2642 1230 2706 strahl erhaschen möchten, sollen wir sie deshalb ver¬
191 2704 3065 2768 dammen? Hören wir nur, wie eine intime Kennerin der fällen, wo nach der starren Norm des Sittengesetzes ein dieses Referat zu berathen und zu überprüfen.
192 2710 2181 2803 weiblichen Psyche, Frau Laura Marholm, die Rolle verdammender Schuldspruch verkündet werden müßte.
1717 2737 2236 2845 Marco Brociner.
185 2782 1274 2878 schildert, die der Mann im Dasein der Frau spielt: „Im
