3436 4224
169 121 721 216 15. Liebelei
874 123 1314 242 box 13/8
297 172 786 254 I. — an — A. C a.
542 516 1391 619 „OBSERVER
635 598 1344 653 I. österr. behördl. konzessioniertes
603 629 1375 726 Unternehmen für Zeitungs-Ausschnitte
663 693 1290 778 WIEN, I., WOL.LZEILE 11
736 752 1228 816 TELEPHON R-23-0-43
547 870 939 966 Ausschnitt aus:
684 969 1322 1091 Nagen Wienan Tanmnat wring
531 1084 1097 1192 vom  5 100
1134 1105 1244 1199 33
413 1155 2885 1350 Thimig erzählt von der Garderobe
477 1438 2802 1562 Nr. 13 des alten Burgtheaters.
409 1564 2878 1682 Von den Hofräten, Amtsdienern und Unsterblichen des kleinen
664 1649 2629 1753 Hauses, das das große k. k. Hofburgtheater war.
509 1720 2874 1817 Bei der seinerzeitigen Eröffnung des Bundestheatermuseums seinen Schnurrbart auf, sah von einem zum anderen und sagte:
414 1772 2870 1847 ergab sich das von den Beteiligten mit Humor gewürdigte] „No ja, ich such' einen gewissen Herrn Thimig!“ Der Kopf des ent¬
427 1840 2877 1901 Zwischenspiel, daß Hugo Thimig vor seinem eigenen Denkmal täuschten Kollegen fuhr beleidigt wieder unter die Decke und ich
417 1893 2870 1946 dem Bundespräsidenten die Honneurs machte. Als „eine Art empfing im Nachtheind den ehrenden Antrag, mich sofort in
430 1939 2877 2003 Museumsantiquität“ liebt er sich seither vorzustellen und erzählt das Hotel zu begeben, in dem ein meinetwegen nach Breslau
1642 1988 2869 2056 gereister Funktionär des Burgtheaters abgestiegen war. Die
427 1993 1648 2052 von dem gemischten Hochgefühl, mit dem er sich als Anwärter
1652 2027 2879 2102 Unterredung verlief schon insofern denkwürdig, als sich der mich
421 2037 1644 2101 auf eine haldige Vergangenheit betrachtet, seit für seine Unsterb¬
421 2066 2874 2160 lichkeit bereits in einem Museum gesorgt ist. Dieser alte Herr erwartende Hofrat von meiner Erscheinung nicht ganz befriedigt
1649 2126 2872 2194 zeigte. Er musterte mich etwas gelangweilt und sagte dann
427 2134 1651 2201 ist aber allerdings lebendiger und jugendlicher als das meiste,
1642 2175 2866 2229 kritisch: „Herr Thimig? Ich habe Sie mir eigentlich älter vor¬
427 2186 1648 2241 was er an Jüngerem neben sich über die Bretter wimmeln sieht.
1650 2215 2873 2287 gestellt!“ Ich, nicht auf den Mund gefallen: „Verzeihung, Herr
429 2230 1640 2279 Nun spielte er in der Josefstadt als eine Art wienerischen Musikus
1644 2258 2883 2332 Hofrat, aber das bessert sich von Tag zu Tag!“ Der Herr wiegte
416 2265 1649 2344 Miller den alten Josefstädter Orchestergeiger Weyring in Schnitzlers
1645 2320 2875 2386 gedankenvoll den Kopf, setzte seine Musterung fort und erkündigte
431 2322 1661 2390 „Liebelei“, ohne viel Maske, eigentlich ganz so, wieer#mie dam
1643 2366 2876 2431 sich, noch immer etwas von oben herab, ob ich „Kostüm= oder
418 2367 1651 2424 als der liebenswürdigste und gemütlichste aller österreichischen
1650 2415 2883 2478 Frackschauspieler“ sei. „Beides, beides, Herr Hofrat“ sagte ich
440 2421 1273 2491 Hofräte in seiner Garderobe gegenüber sitzt.
525 2482 2881 2527 Hugo Thimig ist so jung, daß das Erzählen aus längst= beruhigend. „Aber am liebsten spiele ich in dem Kostüm, das
431 2511 2881 2575 vergangenen, ein halbes Jahrhundert hinter uns liegenden Zeiten mir von der Direktion geliefert wird!" Der Herr Hofrat lächelte
431 2577 2885 2629 für ihn durchaus nicht zu einer melancholischen Beschäftigung so zurückhaltend, wie eben nur ein Funktionär lächeln kann, der
433 2629 2884 2687 wird. Ueberdies ist er einer der glänzendsten und humorvollsten mit der ganzen Würde eines k. k. Hofburgtheaters umgürtet
419 2649 2885 2733 Erzähler, der nur dann ein wenig ernster wird, wenn er sichnach Breslau kommt, und machte mit mir ein Probegastspiel
1652 2704 2888 2775 aus, mit unterlegtem dreijährigem Kontrakt, wenn „ich den
428 2707 1645 2787 des eigentümlichen Zaubers erinnert, den sein altes Burgtheater
1648 2755 2015 2823 Wienern gfalle"!
422 2778 1649 2836 auf jeden ausübte, der mit dem ehrwürdigen Haus auf irgend¬
1734 2768 2879 2871 So karn ich in die „Burg“ und der Garderobier wies mir
424 2812 1660 2869 eine Weise verknüpft war. „Als ich von Breslau für ein vier¬
1659 2835 2880 2905 ein kleines Garderobekämmerchen an, das ausgerechnet die
438 2862 1643 2928 maliges Probegastspiel nach Wien kam,“ erzählt er, „stand ich
1649 2888 2879 2953 Nummer 13 trug. Nun, abergläubisch war ich nicht und man
432 2910 1646 2963 vor dem unscheinbaren, uralten Mauerkasten auf dem Michaeler¬
1658 2941 2882 3005 könnte ja auch tatsächlich kaum behaupten, däß mir diese Drei¬
434 2960 1649 3033 platz und sagte mir verwundert und ein bißchen enttäuscht:
1428 3000 1486 3057 *
1628 2993 2880 3066 zehn Unglück gebracht hätte. Als ich mich für mein erstes Auf¬
435 2997 1454 3083 „Dieses kleine Haus soll das große Burgtheater sein?“
1659 3023 2889 3106 treten ankleidete, sah ich draußen auf dem Gang einen
533 3038 1656 3123 Trotzdem waren es ganz eigentümliche zwischen profanem
1646 3077 2879 3149 uniformierten, soldatisch strammen Herrn mit Dreispitz auf und
432 3120 1659 3183 Lampenfieber und wirklicher Ehrfurcht schwankende Empfindungen,
438 3144 2879 3218 mit denen ich junger „Provinzschauspieler“ zum erstenmal die ab marschieren. Im Uniformreglement der k. und k. Armee
1659 3173 2883 3244 kannte ich mich damals noch sehr wenig aus und trotzdem wußte
442 3213 1647 3271 Schwelle dieses so enttäuschend unscheinbaren Hauses überschritt.
444 3241 2882 3303 Eng, altmodisch, eigentlich dürftig war auch das Innere des in ich sofort, daß dieser herrlich equipierte Würdenträger niemand
441 3309 2886 3364 seiner Ausstattung hinter jedem mittleren Stadttheater zurück= geringerer als ein General sei. Von diesem General hatte ich
1660 3327 2880 3389 nämlich schon gehört, in Breslau. Eine Kollegin, die auch am
453 3350 1650 3410 stehenden „Hauses des Kaisers“ in dem namentlich die für die
1649 3369 2879 3436 Burgtheater gastierte, aber ohne Vertrag wieder heimgeschickt
449 3405 1655 3457 Schauspieler bestimmten Räume das Primitivste waren, was man
1659 3422 2862 3483 worden war, hatte mir von ihm erzählt. „Am Burgtheater",
442 3439 1666 3519 sich denken kann. Nicht für den geringsten Komfort war hier
446 3467 2885 3550 gesorgt. Das winzige „Konversationszimmer“ des alten Burg= sagte sie, „hat eine anständige Dame nichts zu suchen. Da geht
439 3540 1669 3606 theaters zum Beispiel besaß an Einrichtung nicht mehr als eine
442 3591 1665 3653 ledergepolsterte Bank und einen Tisch, über dem die Petroleum¬
448 3635 1668 3708 lampe hing. Allerdings, in diesem für heutige Begriffe mehr als
1724 3632 2837 3754 Gertvolle Proben für unsere Leser!
450 3680 1674 3747 ärmlichen „Salon“ sah man die Größen des deutschen Theaters,
449 3741 1660 3797 und selbst mir, der immer zu einiger Respektlosigkeit neigte, jagte
1760 3758 2868 3808 71 österreichische Kliniken, Professoren, Kranken¬
454 3790 1656 3848 es einen leisen Schauer über den Rücken, als ich einen Baumeister,
1658 3782 2866 3858 häuser, Kinderheilstätten, Fürsorgestellen und Behörden
443 3842 1658 3898 einen Sonnenthal, die reizende Mama Haizinger und die hoheits¬
440 3887 2891 3937 voll, jeder Zoll Tragödin und Gräfin, hereinrauschende Charlotte haben die Güte des Nährmittels Biomalz schriftlich
1651 3891 1905 3974 anerkannt.
448 3935 1455 4001 Wolter sozusagen als „Kollege“ zu begrüßen hatte.
1765 3906 2879 3995 Wer Biomalz kennenlernen will, benütze diese
527 3985 2861 4034 Wie ich überhaupt hieherkam? Nun, ich war in Breslau Gelegenheit und sende den untenstehenden deutlich aus¬
432 4024 2867 4096 engagiert und die knappen Moneten brachten es mit sich, daß gefüllten Coupon innerhalb 8 Tagen, in offenem Kuvert
1900 4063 1978 4133 L
798 4075 1476 4151 Bn
2307 4074 2616 4134 HILZEKRRLRTST
