3484 4256
273 245 667 326 Liebelei
273 248 1278 379 enee. box 13/6
512 712 936 809 e eiksblatt.
1163 813 2061 873 gehauchten Arbeiter elegatiarum mit der ironi¬
534 789 853 907 12.SEP.
1169 848 2049 911 schen Lässigkeit des ungebundenen Patrizier¬
1156 881 2060 939 sohnes. Frl. Gretl Bauer verkörperte das
1168 912 2061 975 lustige Wiener Mädel, das dem Leben nur die
342 900 1110 989 Abschiedsabend bei Neubauer=Neuber.
324 966 2047 1029 Schnitzlers „Liebelei“ erfuhr im Kammerspiel= Lichtseiten abgewinnen will. Man glaubte der
1163 1000 2050 1057 graziösen Darstellerin ihre musische Lebensauf¬
277 1012 1153 1067 theater eine güte Aufführung, deren Regie Lotte
1173 1041 2039 1105 fassuno mit Heurigenmusik und Mondscheinwal¬
284 1055 1154 1100 Neuber eindrucksvoll und mit Umsicht führtet
1164 1077 2045 1126 zern. Frau Lotte Donati war eine prächtige
281 1093 1163 1148 Im Mittelpunkt des Interesses stand Frl. Evi#
1160 1114 2047 1175 Nebenrollenfigur, deren Kathi Binder waschecht
281 1131 1153 1179 Mathé=Laßnik, die vor ihrem Abgang in
1170 1158 2059 1203 wirkte. Herr Andre Hofer erstellte einen grund¬
265 1164 1158 1211 das Engagement an den städtischen Bühnen in
1162 1195 2046 1246 guten Vater, der in dieses kleinbürgerliche Mi¬
274 1201 1152 1250 Antwerpen Abschied nahm, Abschied vom
1160 1231 2045 1284 lieu sehr gut hineinpaßte. Die sorgfältig vorbe¬
278 1247 1156 1289 Publikum und der Schule, die ihr mit Bedacht
1172 1276 2048 1320 reitete Aufführung fand eine sehr beifällig Auf¬
281 1280 1150 1337 den Weg in die Kunst eröffnet hatte. Vor einer
1170 1311 2054 1360 nahme, der Abschiedsgast aber konnte an den
281 1321 1164 1370 großen und aufmerksamen Zuhörerschaft spielte
1170 1346 2057 1416 Blumenkindern den Grad seiner Beliebtheit er¬
280 1365 1161 1408 die junge Darstellerin die Christine, eine Ge¬
1156 1391 1318 1452 messen.
1909 1382 2026 1446 gl.
284 1399 1156 1448 stalt, die besonderer Zeichnungskraft bedarf, soll
272 1429 1171 1496 die feine, tragisch durchwobene Stimmungskunst
284 1479 1182 1514 Artur Schnitzlers voll zur Wirkung kommen.
288 1508 1172 1561 Frl. Mathe=Laßnik gestaltete ein frischs Wiener
1773 1493 2447 1595 Reues Wiener dournal, Wien
276 1555 1177 1608 Mädel mit der ganzen einfachen Urwüchsigkeit
265 1593 1175 1641 eines empfänglichen Herzens, das sich mit In¬
264 1624 1174 1669 brunst verschwendet und mit dem Glück ihrer
273 1668 1179 1722 vollen Liebe auch zugrunde geht. Die starken
1669 1587 2451 1786 G50 00 —  . okr. i
274 1702 1171 1757 Szenen liegen der begabten Künstlerin beson¬
267 1749 1169 1799 ders, das bewies der letzte Akt mit besonderem
261 1779 1171 1834 Nachdruck. Diese frische Mädchenhaftigkeit mit
271 1821 1171 1868 dem Zug ins verschlossen Herbe muchte dieser
266 1854 1174 1909 Christine alle Ehre. Als ebenbürtiger Partner
1585 1789 2649 1937 Hermann Bahrs „Josephine“
260 1900 1170 1952 bewahrte sich Herr Clarmann als Fritz. Der
267 1942 1173 1993 nach Salzburg verpflichtete Darsteller war von
1887 1890 2363 2016 in London.
269 1970 1169 2016 dem sieghaften Charme beseent, der Schnitzlers
2072 2007 2195 2065 Von
264 2010 1174 2061 jugendliche Liebeshelden so typisch umgibt und
268 2046 1169 2109 der durch die Wendung ins Schicksalhafte jenes
1852 2047 2419 2140 Egon Michael Salzer.
263 2088 1171 2139 Wehmutsaroma schofft, das dieser Junzwiener
2108 2097 2704 2188 London, Ende September.
261 2132 1169 2175 Dramatik ihre Eigennote lieh. Hans Duran
274 2164 1176 2223 servierte den ausgesprochenen Wiener Kavalier
1609 2164 2749 2248 Hermann Bahr hatte bisher auf der englischen bühne
270 2198 1166 2272 um die Jahrhundertwende, den philosophisch an¬
1525 2221 2765 2299 niemals Glück. „Das Konzert“, vielleicht sein größter Erfolg
1521 2252 2770 2336 überhaupt, fiel in London durch. Erst nach seinem Tod hat ihn
1521 2310 2757 2396 England entdeckt. Professor Eugen Robert hat das Wagnis,
1515 2362 2754 2457 der englischen Mentalität zu widersprechen, auf seine Schultern
1521 2417 2759 2487 genommen und „Josephine“ aufgeführt, um den Engländern
1531 2453 2754 2533 zu zeigen, was sie 36 Jahre lang versäumt haben. Im
1529 2495 2760 2574 Premierenpublikum, dem erlefensten übrigens, das sich in dieser
1532 2543 2764 2616 Saison in einem Londoner Theater zeigte, waren viele, die
1538 2595 2765 2671 Bahr und sein Werk gekannt hatten und nur bedauerten, daß
1539 2647 2505 2728 der Dichter diese Aufführung nicht erleben durfte.
1633 2678 2751 2772 Mary Ellis, eine der versatilsten Schauspielerinnen der
1527 2751 2757 2835 Londoner Bühne, die zugleich Mitglied der Metropolitan Opera,
1522 2786 2764 2878 eines Balletts und verschiedener Sprechbühnen ist, hat der dem
1532 2844 2761 2909 englischen Theater nur in eleinen Skizzen bekannten Figur der
1528 2890 2766 2970 vorkaiserlichen Josephine ihr übersprudelndes Demperament,
1529 2940 2750 3025 ihren unausdringlichen Charme und ihre meisterhafte Zungen¬
1533 2992 2768 3071 fertigkeit geliehen. Man glaubt ihr, daß sie den verliebten Korsen
1529 3044 2759 3119 vollkommen beherrscht, wie sie auch die Bühne dominiert.
1542 3076 2759 3157 Frank Vosper ist ihr ein kongenialer Bonaparte. Seine
1538 3129 2763 3195 Maske ist blendend, sein Spiel bezwingend. Von all den vielen
1544 3173 2765 3237 Napoleondramen, die in London gespielt wurden, ist Hermann
1545 3213 2765 3292 Bahrs Stück das einzige, das den Korsen am Beginn seiner
1544 3288 2758 3345 imperialistischen Karriere zeigt, das die Wandlung vom jungen,
1543 3321 2762 3399 launenhaften, höpigen General, der seine Schlachten nur
1537 3362 2760 3425 gewinnt, wenn Josephine nicht schreibt, zum Herrn der Tuilcrien,
1538 3419 2274 3487 zum Kaiser der Franzosen darstellt.
1640 3449 2767 3539 Professor Roberts Regie ist voll Tempo und Verve,
1537 3527 2770 3577 dabei diskret und unaufdringlich. Vor mehr als zwanzig Jahren
1538 3578 2772 3637 spielte er „Josephine“ in Wien mit Ida Roland und Jakob
1544 3610 2761 3676 Feldhammer, später in München mit der Orska und Brause¬
1549 3657 2763 3727 wetter. Seinem eigenen Wort zufolge ist die Londoner Auf¬
1547 3693 2768 3767 führung aber die beste, die er sich je wünschen konnte. Der
1555 3744 2761 3816 Erfolg des Stückes wird die geplante Verfilmung entscheiden,
1549 3797 2772 3859 die Alexander Korda durch diese Bühnenaufführung vorbereitet
1548 3851 2766 3905 hat. Mit Freude kann man Eugen Robert zu seinem Triumph
1547 3884 2773 3953 beglückwünschen, der durch die späterhin geplante Aufführung
1545 3947 2764 4002 von Schnitzlers „Liebelei“ und verschiedenen anderen öster¬
1886 3974 2616 4071 n sicherlich konsolidiert werden wird.
1526 3983 1795 4073 reichischen
