3108 4256
939 421 1052 711 8
1626 709 2785 824 rthur Schnitzler, der Dichter dieses Schauspiels, das
1662 814 2786 885 in fast alle Sprachen der Welt übersetzt wurde,
1521 835 2778 941 4X über unzählige Bühnen gegangen ist und die Her¬
1532 923 2786 976 zen unzähliger Menschen gerührt hat. Er selbst sagte
1537 966 2789 1057 einmal von einem seiner Helden: „Er ist ein Wiener und
1547 1033 2777 1107 wie alle jungen Wiener ein leichtsinniger Melancholiker!“
1536 1096 2781 1155 Dieses Urteil seines geistigen Vaters trifft auch auf Fritz
1520 1132 2792 1227 Lobheimer zu, den Helden von „Liebelei“, auch er ist
1506 1208 2790 1274 einer jener Menschen, die sich über ihre eigenen Gefühle
1496 1271 2782 1344 nicht klar werden, zwischen einander widersprechenden Emp¬
1467 1331 2789 1411 findungen hin und hergeworfen werden, in der Liebe zwischen
1451 1392 2785 1457 den Frauen dahingleiten, ohne sich für ein Weren zu entscheiden,
1430 1449 2793 1538 und über sich selbst erst dann Einsicht gewinnen, bis es zu spät ist.
1372 1512 2791 1618 Fritz Lobheimer liebt Doris, die kapriziöse, begehrenswerte
1311 1600 2781 1671 Gattin des Bankiers Velten, — doch nein! — er wird von ihr
1255 1663 2772 1740 geliebt, läßt sich von ihr lieben, willenlos, hingegeben, wie ein Spiel¬
1157 1720 2780 1789 zeug. Und er ist auch nicht mehr für sie! Eine Liebelei, nichts weiter.
1062 1774 2788 1838 Ihretwegen vernachlässigt er seine Freunde, sein Studium, ihr opfert er seine
887 1839 2788 1907 Zeit, jeden seiner Gedanken. Wo sie ist, ist auch er zu finden. Aber er liebt auch
416 1891 2787 1960 Christine, die schlichte Tochter des alten Musikers Weyring, oder besser wieder: er hat nichts dagegen, daß
414 1949 2782 2035 sie ihn liebt. Und das tut sie mit der ganzen Innigkeit ihres noch unerweckten Herzens, anders als Doris,
418 2021 2777 2089 mächtiger und doch hilfloser. Sie hat ihn durch ihre Freundin, die lustige Schlager-Mizzi, kennengelernt.
407 2074 2783 2151 Diese ist mit Theodor Kaiser befreundet, seinem Studienkollegen, dem Menschen, der es am besien mit Fritz
409 2131 2783 2191 meint und der in dieser guten Absicht das bitterste Leid über ein junges Menschenherz bringf. „Aus dem
422 2192 2778 2277 Verhältnis mit der verheirateten Frau kann für Fritz nichts Gutes werden“, sagt er sich eines Tages und
411 2247 2782 2321 setzt seine Gedanken laut zu Mizzi fort: „Wir müssen ihm ein Mädel verschaffen, das ihn ablenkt!“ Dabei
416 2313 2784 2387 denkt er, der junge Wiener, der leichtsinnige Melancholiker, natürlich an eine wie Mizzi, an ein leichtes,
417 2359 2788 2441 lustiges Ding, das es mit der Liebe nicht so tragisch nimmt und dem auch ein Abschied nicht sehr zu Herzen
412 2435 2783 2507 geht. Er kann nicht ahnen, wie Christine geartet ist. „Wir sagen „Du“ zueinander“, gesteht sie bald selig
410 2487 2772 2552 ihrer Freundin Mizzi, und als diese fragt: „Ist dir denn das soviel wert?“, sagt sie einfach nur: „Alles!“
411 2554 2785 2590 Für Fritz aber ist sie die längste Zeit nur, was er für Doris ist: Eine Liebelei, nichts weiter! Der alte Wey¬
407 2581 2784 2678 ring aber sagt: „Meine Christine weiß, was sie tut!“ Er hofft in seiner Einfalt, die beiden als ein jun¬
409 2656 883 2736 ges Paar zu sehen.
465 2677 2780 2784 Gewiß, auch Fritz liebt Christine, auch er weiß, daß sie anders ist als die Mädchen, die nach der Schlager¬
412 2772 2788 2840 Mizzi geraten sind, und als sie ihm erst alles gegeben hat, scheint er sich auch ganz zu ihr hin zu neigen.
416 2843 2775 2880 Schon verkehrt er im Hause des Bankiers, der eben Verdacht zu schöpfen beginnt, gerade ist er von Vel¬
412 2879 2780 2958 ten für den nächsten Tag in die Theaterloge gebeten worden, denn Velten fördert vorläufig noch den Ver¬
414 2955 2788 3001 kehr zwischen ihm und seiner Frau, um sichere Beobachtungen zu machen, da kommt Christine mit zwei
412 2997 2792 3074 Karten an, die sie von ihrem Vater bekam, und die für dieselbe Vorstellung gelten. Gewiß, Fritz rafft sich
417 3064 2782 3138 auf, sagt Velten ab, Christinen zuliebe, und zerstreut damit wieder vorübergehend den Verdacht des eifer¬
422 3115 2793 3192 süchtigen Gatten, ja er setzt sich sogar an seine Maschine, um Doris einen formellen, kühlen Abschiedsbrief
415 3192 2792 3249 zu schreiben, aber — das Aber, das bei Charakteren seiner Art eine so große Rolle spielt — als Doris das
416 3229 2781 3309 Außerste wagt, zu ihm in die Wohnung geht und eben zurechtkommt, um den noch unfertigen Brief zu lesen,
413 3293 2793 3364 als sie diesen Brief dann mit ihren spitzen, gepflegten Fingern zerreißt und ihm ein freundliches Lächeln
415 3357 2786 3425 zeigt, da ist es wieder um ihn geschehen. Heiß stürzt er sich auf sie, küßt sie, und als sie sich vor der
410 3409 2796 3487 letzten Gewährung blitzschnell wieder aufrafft und schon im Gehen sagt: „Genug! Wir sehen uns ja heute
422 3477 2813 3567 abend“, da erliegt er ihr wieder und sagt: „Ich komme!“ Am Abend wird Christine im Foyer nicht von
1205 4064 1279 4120 K
