3436 4352
398 175 755 251 Liebelei
218 169 1345 301 5. L box 10/1
1416 938 2285 1030 DRESDEN, Datum des Poststempels.
1247 1346 1536 1479 9•8
1004 1552 2310 1660 Sie empfangen beifolgend einen Beleg des in I9 277.
908 1688 2332 1768 der „Dresdner Nachrichten“ enthaltenen Referates über die
915 1795 2336 1911 uns von Ihnen zur Besprechung übermittelten Verlagswerke.
1558 1991 1908 2089 Achtungsvollst
1197 2181 2262 2282 Redaction der „Dresdner Nachrichten“
1383 2295 1937 2385 Kunst und Wissenschaft.
1134 2319 2269 2430 Arthur Schnitzler's „Liebelei“ das sich unausgesetzt
1045 2407 2252 2466 auf dem Spielplan des Residenztheaters mit glänzendem Erfolge
1071 2459 2239 2520 zu halten vermag, ist in S. Fischer's Verlag (Berlin) bereits in
1048 2488 2271 2565 2 Auflage erschienen. Es ist somit Jedermann Gelegenheit gegeben,!
1035 2544 2257 2605 das interessante Werk, das thatsächlich zu den besten Erzeugnissen
1047 2598 2253 2641 der dramatischen Litteratur der letzten Jahre gehört, eingehender
1085 2633 2256 2682 zu prüfen. Niemand wird das anregende Buch, ein Bruchstück der
1034 2654 2268 2748 Konfession eines wahren Dichters, unbefriedigt aus der Hand legen.
