3484 4224
333 187 701 257 Liebele
199 178 1305 294 1 box 13/7
1772 108 1907 182 * 1
1683 120 1746 196 60
1777 178 1813 212 6
1655 186 1847 237 2
1766 220 1853 282 S
1651 234 1783 290 —
1780 259 1844 302 80
1922 276 2078 335 vom:
1651 284 1789 337 Ba
1856 303 1909 351 5
1828 359 2897 528 HEATER und KUNST
1851 514 2924 606 anntennnenenenennnentanenensennn
1737 600 2887 721 Die kleine Annie wird Schau¬
1870 717 2775 848 spielerin der Josefstadt.
1871 840 2732 922 Es gibt noch überraschende Theaterkarrieren.
2253 903 2388 971 Von
2229 958 2404 1053 K. E.
2020 1027 2916 1080 Die 16jährige Schülerin des Reinhardt=Seminars
1924 1073 2919 1119 Annie Maier wurde an das Theater in der Josefstadt
1931 1114 2932 1179 engagiert und debütiert am nächsten Sonntag in Schön¬
1931 1158 2372 1222 herrs „Kindertragödie“
1813 1190 2931 1260 Sie ist die Glücklichste in ganz Erdberg, die kleine, schlanke
1707 1269 2880 1329 Annie Maier, mit ihren rotblonden Locken und langen —
1709 1293 2934 1376 echten — Wimpern. Vor kurzem war sie noch eine bescheidene
1729 1350 2934 1403 Schülerin des Reinhardt=Seminars und jetzt ist sie, sie hat das
1728 1401 2934 1457 schwarz auf weiß, ein Mitglied des Theaters in der Josefstadt,
1730 1447 2940 1511 das in wenigen Tagen in einer sehr interessanten Rolle zu
1732 1499 2121 1566 sehen sein wird...
1813 1548 2945 1611 Das ist alles sehr, sehr schnell gegangen. Wenn es sich
1709 1599 2942 1650 auch nicht so glatt, so reibungslos abgewickelt hat, wie es vielleicht
1733 1651 2939 1710 für theaterfremde Leute den Anschein hat. Der Vater ist Schmied.
1731 1698 2939 1755 „Huf= und Wagenschmied“ steht mit deutscher Gründlichkeit auf
1728 1745 2945 1806 dem bereis verblaßten Schild und das bedeutet, die kleine Annie
1727 1800 2946 1853 weiß es recht gut, sehr viel Arbeit und wenig Geld. Für Extra¬
1727 1848 2950 1897 vagairzen hat Vater nicht viel übrig und die kleine Volksschülerin
1726 1886 2948 1955 Annie spricht zu Hause nicht viel über ihre ehrgeizigen Theater¬
1733 1943 2948 2002 pläne. Die Mutter, ja freilich: die Mutter kennt die Sehnsucht
1719 1995 2977 2042 des Töchterchens, aber man nimmt Träume nicht sehr ernst da.
1718 2031 2950 2095 draußen in Erdberg. Bis eines Tages die Deutschlehrerin den
1721 2076 2943 2157 Vater rufen läßt. „Ihre Tochter muß Schaufpielerin werden,
1722 2120 2950 2187 Herr Maier“, sagt sie. „Sie deklamiert so schön, mit soviel
1734 2174 2957 2232 Gefühl und Herz... es wäre schade, jammerschade, wenn so viel
1725 2228 2946 2284 Talent unausgenutzt bliebe.“ Talent bricht sich Bahn. Nicht
1734 2270 2957 2321 immer zwar, aber die kleine Annie ist eben ein Glückspilz. Eine
1729 2316 2957 2370 Schülervorstellung der Hauptschule — Annie ist nämlich schon
1719 2372 2952 2430 Hauptschülerin — lenkt die allgemeine Aufmerksamkeit auf das
1728 2428 2947 2474 Kind. Man spielt natürlich Raimund und Annie schlüpft keck in
1720 2462 2958 2522 die zerrissene Hose des alten Bauern, der zum Millionär wird.
1733 2509 2950 2575 Und sie spielt den alten Mann so gut, in so treffender Auf¬
1729 2559 2948 2617 fassung, daß der gesamte Lehrkörper nur eines Sinnes ist: „Das
1735 2608 2354 2677 Mädel gehört dem Theater...
1833 2650 2945 2728 „Also mach' nur die Prüfung bei diesem Reinhardt“, sagt
1724 2727 2948 2772 eines Tages der Vater. „Wenn du erst durchgefallen sein wirst,
1733 2767 2955 2826 wirst du selbst einsehen, daß das alles keinen Zweck hat.“ Sie
1731 2814 2955 2878 ist nicht durchgefallen, die Annie, obwohl sie sehr aufgeregt
1735 2863 2952 2929 war. Und wie dann alles glücklich vorüber ist, umarmt sie die
1726 2900 2945 2962 Mutter und auch der Vater. Der kühle, herbe Mann ist gerührt:
1735 2963 2951 3037 „Du bist ein Mordsmädel,“ sagt er, „ich hab's eigentlich schon
1740 3006 2063 3069 immer gewußt.“
1829 3040 2954 3113 Nun folgen fast zwei Jahre harten Studiums unter der
1741 3101 2955 3159 Leitung der Professoren Geyer, Kalbeck, Hans Thimig und zuletzt
2889 3146 2950 3194 4
1739 3156 2926 3208 Hofrat Dr. Lothar. Eine Aufführung von Schnitzlers „Liebelei
1738 3201 2955 3274 im Schönbrunner Schloßtheater bringt die Entscheidung. Annie
1743 3250 2951 3320 erhält die Rolle der Christine. Eine schwere Auf¬
1731 3290 2957 3376 gabe, gewiß, aber eine Aufgabe, für die ein Mädel
1743 3333 2947 3404 aus der Wiener Vorstadt wie geschaffen ist. Es wird ein
1749 3388 2956 3458 herrlicher Theaterabend, den Fräulein Annie Maier, die Vor¬
1742 3453 2953 3506 zugsschülerin des Seminars, niemals vergessen wird. Sie erlebt
1742 3488 2956 3547 die große Liebe des kleinen Mädels und die Tränen, die die
1727 3539 2946 3609 geschminkten Wangen benetzen, sind nicht aus Glyzerin, sondern
1746 3586 2696 3644 echt. Sie kommen direkt aus einem jungen Herzen.
1835 3639 2950 3701 Nach der Vorstellung wünscht Hofrat Lothar Annie zu
1746 3689 2956 3745 sprechen. Sie erscheint und hört lobende Worte. Dann nimmt
1737 3738 2957 3805 sie aus seinen Händen ein Stück Papier in Empfang, ein
1738 3788 2947 3849 gewöhnliches Stück Papier, und sie sieht staunend, daß es ein
1729 3831 2950 3885 Vertrag ist, der sie für die nächste Saison — von September 1936
1734 3879 2944 3936 bis Juni 1937 — an das Theater in der Josefstadt verpflichtet.
1739 3925 2940 4002 Ob sie zufrieden ist, will Lothar noch wissen. „Zufrieden,“
1722 3982 2856 4051 stammelt sie, „zufrieden..., es ist ein herrliches Geschenk.“
