3392 4256
392 189 741 263 Liebelei
893 180 1342 284 box 10/7
209 188 763 301 5. L
799 897 1200 972 Telefon 12801.
511 1000 1528 1084 Unternehmen für Zeitungs-Ausschnitte.
1401 1054 1577 1110 Ausschnitt
1351 1077 1652 1212 Nr. 15
672 1083 1321 1214 „OBSERVER“
284 1192 1651 1289 I. österr. behördl. conc. Bureau für Zeitungsberichte u. Personalnachrie
468 1293 1566 1375 Wien, IX/1. Türkenstrasse 17.
700 1364 1346 1454 Filiale in Budapest: „Figyelé“
390 1426 1631 1507 Vertretungen in Berlin, Chicago, London, Newyork, Paris, Stockholm.
300 1533 1530 1657 Ausschnitt aus: Berimer Sereencaurier
303 1712 692 1817 vom /7/8%)
599 1902 1253 1992 Vor den Coulissen.
451 1952 1454 2036 Nachdem im letzten Winter eine schwer hin¬
371 2016 1446 2074 wandelnde Tragödin mit ihrem Medeenstile ein etwas
390 2062 1448 2115 fremdes Bild von der herzigen Christine gegeben hatte,
388 2103 1446 2147 diesem weichen Geschöpfe, das nur in sorgender Zärt¬
404 2150 1454 2197 lichkeit gedeihen kann, war es gesterr. Abend eine
403 2181 1450 2234 Freude, im „Neuen Theater“ einmal wieder
391 2236 1455 2286 Frau Hansi Niese in Schnitzler's wienerischer
712 2268 1448 2314 zu sehen, wie lebenswahr sie das
395 2260 716 2328 „Liebelei“
396 2312 1455 2361 herzige Geschöpf mit seiner sonnigen Lieblichkeit und
408 2345 1448 2398 seinen zu Herzen gehenden Klagen gab. Frau Niese's
404 2385 1452 2439 Ruf als ernste Schauspielerin ist auf's engste mit
391 2434 1448 2479 dieser Rolle der Christine verknüpft, und es ist ein
396 2466 1448 2519 Genuß zu beobachten wie Darstellerin und Dar¬
399 2505 1441 2560 zustellendes in dieser unübertrefflichen Wieder¬
400 2546 1443 2594 rabe des kleinen Wiener Mädels sich decken.
406 2588 1451 2650 Die Vorstellung war ganz auf den innigen Ton ge¬
403 2639 1448 2687 stimmt, den sie verlangt, wenn dieses einfache Mädchen¬
405 2667 1445 2729 schicksal sich über die Alltäglichkeit erheben soll. Herr
408 2711 1446 2774 Jarno als Theodor, Herr Walden als Fritz, vor
1360 2757 1395 2783 —
401 2751 1446 2803 allem Herr Link als der alte Weiring charakterisirten
406 2802 1444 2847 das Typische ihrer Rollen mit künstlerischer Sicher¬
399 2839 1444 2910 heit. Dem Schauspiele folgte das Satyrspiel des
408 2872 1445 2934 „Abschiedssoupers“, das die schwere Beklemmung hob,
403 2928 1192 2982 die der Schluß der „Liebelei“ hinterläßt.
757 2953 1332 3035 nezugs-Bedmgungen.
1330 3005 1486 3076 7.50
333 3016 1239 3102 Für 50 Zeitungsauschnitte (Artikel oder Notizen)
1520 3017 1688 3091 inclusif
1355 3066 1477 3112 14.—
407 3082 518 3127 100
1528 3082 1668 3132 Porto.
1361 3101 1681 3171 25.—: Zahlba
407 3115 520 3170 200
1350 3137 1483 3196 55.—
404 3158 526 3210 500
1228 3156 1678 3240 . .. 100.—) im Vord
350 3198 516 3264 „ 1000
433 3231 1684 3296 Im Gegensatze zu anderen Bureaux für Zeitungsausschnitte ist
335 3292 1674 3334 Abonnement durch keine bestimmte Zeitdauer begrenzt; — auch stehtte
335 3310 1622 3388 Abonnenten frei die aufgegebenen Themen zu ergünzen oder zu ändern.
2253 973 2652 1041 Telefon 12801.
1975 1064 2972 1161 Unternehmen für Zeitungs-Ausschnitte.
2845 1124 3047 1192 Ausschnitt
1695 1179 1958 1282 6105
2122 1142 3128 1285 „OBSERVER“ f. 22
1742 1265 3181 1348 I. österr. behördl. conc, Bureau für Zeitungsberichte u. Personalnachrichten
1916 1348 3019 1437 Wien, IX/1, Türkenstrasse 17.
2131 1427 2793 1515 Filiale in Budapest: „Figyelé“
1832 1502 3104 1588 Vertretungen in Berlin, Chicago, London, Newyork, Paris, Stockholm.
1734 1628 2266 1721 Ausschnitt aus:
2289 1612 2930 1737 elin ung (Berlie
1740 1766 2095 1860 von44
2286 1939 2639 2056 Feuilleton.
1957 2070 2886 2146 + Im Neuen Theater bot sich gestern Abend G
1869 2117 2861 2181 ## hier se ichmill belieht gewi dene Wiener Spuhr
1867 2172 2838 2237 Niese in der Rolle der Christine in Schultlers L
1871 2216 2828 2260 seben, in der sich die Künsiterin, beränmsiich sion im1
1869 2250 2815 2296 bei ihrem hiesigen Gastspiel gezeigi hat. Auch diesm
1877 2293 2854 2339 stand es Frau Niese mt ihrer schlichten, ergreifenden
1873 2326 2844 2373 des so hitter getänschien armen Vorstadtmädchens di
1888 2364 2823 2419 Zuschauer aufs Tiefste zu bewegen. Ihre aus dem in
1878 2404 2805 2457 strömende Kunst, die warmherzige Natürlichkeit ihres
1884 2445 2800 2492 Frau Niese über manche äußere Schwierigkeit bei des
2713 2478 2778 2529 sehr
1882 2485 2643 2546 dieser Rolle glücklich hinweg, ein Bewei
2687 2512 2800 2576 Auch
1861 2516 2604 2593 Kürstle ##f.. Ihre Mitspieler ließen
1882 2530 2825 2623 fehlen. So waren nämentiich Heir Walden als
1859 2569 2954 2645 -Harno als der Pustige Lebemann Theoder und Herrs Lin
1861 2613 3096 2700 Christinene Vat#treflich am Platze. Dem mit reichem Beffall
1873 2668 3066 2751 aufgenommenen Stück folgte Schnitziers amüsanter =Emakt.
1873 2722 2286 2783 „Abschiedsseupert
2207 3016 2777 3106 Bezugs-Bedingungen.
2809 3088 2931 3147 7.50
1760 3101 2677 3162 Für 50 Zeitungsauschnitte (Artikel oder Notizen)
2956 3098 3163 3161 inclusive
2792 3121 2937 3200 14.—
2711 3150 2796 3196 „
1855 3142 1962 3199 100“
2967 3153 3129 3198 Porto.
2808 3170 3149 3241 25.—: Zahlbar
1851 3190 1967 3245 200
2796 3206 2920 3259 55.—
1854 3223 1949 3273 500
2774 3230 3166 3318 100.— im Voraus.
1789 3266 1968 3319 „ 1000
1888 3295 3216 3368 Im Gegensatze zu anderen Bureaux für Zeitungsausschnitte ist das
1770 3345 3218 3408 Abonnement durch keine bestimmte Zeitdauer begrenzt; — auch steht es den
1773 3398 3070 3454 Abonnenten frei die aufgegebenen Themen zu ergänzen oder zu ändern.
