3436 4320
454 193 811 267 Liebelei
987 192 1415 288 box 11/4
282 199 946 300 8. 1
556 501 1478 620 ADÖLF SCHUSTERMANN
440 612 1571 689 ZEITUNGSNACHRICHTEN-BUREAU
615 680 1397 755 BERLIN SC. 16, RUNGE-STRASSE 25/27.
539 756 1450 856 Zeitung: Neue Züreher Zeitung
544 874 995 985 Adyesse: Zülrich
1027 931 1379 1066 21MAIOS
543 1004 771 1089 Datum:
780 1144 1430 1222 ..— Unter dem Titel „Light o’Love“.
469 1215 1429 1274 ging“ c einigen Tagen Artur Schnitzlers „Lie¬
475 1252 1441 1322 belei“ am Akternoon =Theater in Londou zum ersten¬
473 1300 1450 1375 mal in englischer Sprache iu Szene“ und= erfreute sich
468 1338 902 1411 eines vollen Erfolges.
1236 2277 1635 2357 Telephon 12.801.
745 2371 1376 2510 „OBSERVER“
513 2493 1621 2561 I. österr. behördl. konz. Unternehmen für Zeitunge-Agsschaltte
665 2558 1494 2648 Wien, I., Concordiaplatz 4.
854 2630 1281 2710 Vertretungen
525 2690 1600 2749 in Berlin, Budapest, Chicage, Christiania, Genf, Kopen¬
528 2739 1607 2797 hagen, London, Madrid, Mailand, Minneapolia, New-Vork.
560 2781 1574 2823 Paris, Rom, San Francisco, Stockholm, St. Petersburg.
851 2822 1284 2876 (Quellenangabe esne Gewähr).
508 2873 901 2949 Ausschnitt aus:
733 2923 1730 3067 an 5. Gossische Zaitung. Barne
531 2980 664 3036 vom:
428 3020 947 3092 Mrire.n
455 3067 1628 3136 Schlitzlers „Liebelei“ in England. London, 15. Mai.
459 3107 1619 3169 Eig. Mitt.) Eine begeisterte Aufnahme wurde gestern Arthur
421 3159 1615 3212 Schnitzlers „Liebelei“ zu teil, die im Afternoon Theatre
421 3190 1629 3261 (Hls Mijestys; dem Londoner Publikum in der von V. Williams
427 3242 1625 3291 angefertigten Übersetzung als „Light o’ love“ geboten wurde.
421 3272 1620 3322 Zwar war Henry Ainley viel zu feierlich und ernsthaft in der
433 3310 1610 3379 Rolle des leichtsinnigen und flatterhaften Fritz Lobheimer, während
418 3345 1612 3403 Margaret Halstan als Christine nicht ganz den hochgradigen Schmerz
429 3396 1627 3456 zum Ausdruck brachte, den das Mädchen in dem Augenblick empfinden
422 3431 1619 3484 muß, da es mit der Todesnachricht die Gewißheit erhält, daß sein
417 3453 1613 3530 Geliebter es mit einer verheirateten Frau betrogen hat. Dagegen
413 3506 1619 3561 befriedigten M. R. Hignett als Haus Weiring und Miß M. Busse
428 3540 1612 3606 als Mizi Schlager in jeder Hinsicht; auch C. Maude war vorzüg¬
420 3575 1063 3637 lich in der Rolle des alten Geigers.
2281 213 2975 293 K
2251 272 3035 347 r. belbördl. konz. Unternehmen für Zeitungs.
2229 334 3052 431 Wien, I., Concordiaplatz
2446 407 2884 479 Vertretungen
2128 445 3065 506 n Berlin, Budapest, Chicago, Christiania, Genf,
2116 508 3082 554 hagen, London, Madrid, Mailand, Minneapolis, New
2154 551 3113 614 Paris, Rom, San Francisco, Stockholm, St. Petersbi
2478 582 2868 646 (Quellenangabe ohne Gewühr.)
2056 623 2541 715 Ausschnitt aus:
2569 707 3081 783 The Era, London
2043 729 2279 798 E vom:
2689 807 3017 894 22 S 1909
2310 913 3016 989 THE AFTERNOON THEÄTRE.
2486 986 2835 1045 • LIGHT O‘ LOVL.“
2242 1004 3053 1076 Ihe Play in Three Acts, by Arthur Schnitzler,
2308 1059 3063 1116 entitied Liebelei, Translated bs“# VilenIe
2306 1101 3063 1153 Williams, Produced at His Majesty's Theatre
2292 1133 2832 1203 on Tuesday afternoon, May 18.
2274 1169 3029 1221 Fritz Lobheimer  Ma. HENav AININ
2274 1220 3028 1275 Hans Weiring. Mn. H. R. Honer
2272 1242 3038 1308 Theodor Kaiser Ma. Chaktes Maupr
2268 1283 3035 1341 A Gentleman Mn. Jaurs HEARN
2277 1325 3029 1370 Christino Miss Mandaner Haistan
2269 1370 3033 1415 Mizi Schlager Miss Makoaner Buser
2276 1411 3039 1454 Lina Miss Eurrv KEsroN
2271 1442 3041 1503 Katherine Rinder Miss SypNEr FAIRBRoTHER
2272 1479 3058 1525 Not much need be written concerning Lipht o“
2251 1509 3066 1580 Love. It does not quite belong to the class of
2245 1552 3057 1605 Tplays which we expect at the Afternoon Theatre,
2241 1598 3062 1646 being a German domestic drama of a conventional
2242 1634 3061 1685 scharacter, with some hazy philosophy thrown in.
2242 1670 3063 1717 The said philosophy emanates from the father of
2240 1712 3070 1766 ithe seduced heroine. He is understood to advocate
2256 1746 3055 1797 #free love? unions on the ground that you can
2249 1785 3061 1835 only be young once, and that, while you are, it
2249 1816 3066 1879 is best to“ have your fling,“ at any rate. This
2244 1858 3064 1892 doctrine appears to work badly in his daughter’s
2239 1895 3074 1948 case. Christine Weiring, the child of an old
2253 1926 3059 1982 violinist, is carrying on a love affair with a young
2245 1969 3068 2002 #man of fashion name Fritz Lobheimer He is
2246 1999 3068 2054 iseriously enamoured of a married woman, and
2241 2040 3054 2093 Christine is only his “ light o’ love,“ and is scon
2246 2076 3070 2122 supping with him in company with his friend
2246 2124 3056 2164 Theedor Kaiser and an andacions little prisette
2251 2152 3069 2197 called Mizi Schlager. There are the usual accom¬
2249 2177 3062 2233 paniments of a Bohemian supper, which is inter¬
2254 2225 3053 2273 rupted by the entrance of the husband, who has
2253 2264 3059 2311 discovered the intrigue between Fritz and his
2243 2300 3060 2350 wife, and comes to demand satisfaction. In the
2247 2348 3059 2383 second act Fritz calls on Christine at her humble
2247 2373 3053 2417 home, and, after a scene of amorous expansion,
2252 2403 3057 2454 bids her good-bye—she does not know that he is
2247 2447 3054 2505 going to fight a duel. In the last act, Kaiser
2252 2480 3051 2539 comes to tell her that Fritz has been killed, and
2245 2524 3058 2578 she extracts from him the truth about the married
2250 2561 3048 2600 woman.“ What, then, was I to him?“ she cries
2244 2598 3052 2653 frantically; and goes out, apparently to commit
2249 2637 3054 2677 snicide, for the father, looking pensively from
2250 2671 3050 2710 the window, says, She will never come back.“
2250 2708 3057 2745 More care and pains were bestowed upon the play
2241 2744 3059 2796 than it intrinsically merited. That earnest and
2243 2780 3046 2823 much admired young actor Mr. Henry Ainley
2255 2826 3051 2868 was cast for the part of Fritz Lobheimer, and
2245 2863 3047 2905 played it with a tragic intensity and desperate
2247 2892 3058 2935 Lenergy which made his performance very poignant
2250 2933 3068 2978 indeed. Mr. Ainley is always picturesque, and his
2247 2964 3064 3004 Tappearance as the harassed libertine was at times
2248 3003 3055 3053 quite Byronic. Mr. Charles Maude supplied a neat
2240 3046 3059 3099 and lively embodiment of Theodor Kaiser, and Mr.
2235 3078 3049 3142 I. R. Hignett gave a refined and pathetic repre¬
2246 3116 3052 3164 Isentation of the elderly parent with the amiable
2241 3142 3061 3200 but dangerous thcories of life. Mr. James Hearn
2245 3189 3051 3231 held the audience in an iron grip by the intensity
2246 3228 3051 3284 of his expression of hate as the Gentleman; and
2242 3262 3051 3321 Miss Margaret Halstan grappled with the part of
2245 3310 3049 3345 Christine with striking skill and courage, her treat¬
2245 3343 3050 3391 ment of the harrowing scene in the last act being
2243 3370 3056 3435 Preplete with emotional expression and marked by
2247 3407 3055 3472 dramatie power of a high order. Miss Margaret
2243 3461 3058 3516 Bussé made a very bright and piquant Mizi:
2255 3484 3051 3529 Schlager, the“ casy virtue“' of the girl being
2241 3529 3053 3596 effectively indicated; and Miss Sydney Fairbrother
2242 3547 3065 3630 contributed a smart little skeich as a spiteful
2240 3600 3058 3663 scandal-monger. The matinée concluded with what
2241 3649 3055 3704 was described as Au Episode in Dumb Show. A
2243 3679 3065 3723 Cavalier and à Cheat, in costumes of the Charles II.
2245 3723 3054 3779 period, are sitting in an inn playing cards. After
2241 3756 3053 3805 a while the Cheat takes a card from bis boot, but
2241 3802 3079 3840 he is at once detected by the Cavalier; and al
2245 3837 3051 3873 fight with swords and daggers follows, the Cavalier
2249 3849 3057 3901 being eventually overpowered and slain, and thel
2256 3897 3040 3940 Cheat slinking out. Tho fight, which was a very
2245 3940 3042 3985 thrilling one, had been admirably arranged by Mr.
2249 3957 3045 3999 Felix Bertrand; and Mr. Reynolds Schmahl as ##
2245 3986 3061 4039 Cavalier and Mr. Clifford Heatherley as the Chest
2236 4022 3078 4076 carried out that expert swordsman's directions wih
2238 4065 2769 4128 marvellous activity and energy.
