3484 4256
457 152 829 220 Liebelei
283 145 859 261 3. Senn
986 150 1420 231 box 10/3
1819 837 2347 1046 De Gu
1347 954 1742 1067 vOn
1221 1062 2398 1138 Verbande zu gewärtigen hätten. Weil aber der Angeklagte die
1215 1109 2395 1178 weitere Veröffentlichung nach Einleitung des Verfahrens unterlassen,
1218 1154 2408 1229 habe der Gerichtshof auf die verhältnifsmäßig geringe Strafe von
1025 1162 1211 1226 er St.
1027 1212 1206 1267 fermin
1214 1211 1739 1280 vierzehn Tagen Haft erkannt.
1335 1205 2401 1292 Als groben Unfug hat das Landgericht in Naumburg
1057 1250 1202 1301 März
1226 1270 2388 1331 als Berufungsinstanz die Warnung, daß „Zugang fern zu halten ist“
1028 1286 1205 1336 ig ihrer
1216 1299 2398 1365 nicht angesehen. Wegen einer solchen Notiz war ein Redakteur in
1029 1325 1208 1375 indemit¬
1220 1326 2398 1412 Zeitz vom Schöffengericht zu 150 Mark Geldstrafe verurteilt worden.
1031 1367 1202 1414 uar er.
1223 1375 2401 1452 Das Landgericht in Naumburg sprach ihn von der Anklage frei, da
1041 1398 1195 1448 hat ein¬
1226 1426 2405 1483 eine Bennruhigung des Publikums überhaupt nicht vor¬
1046 1429 1206 1485 ärz er.
1225 1459 2403 1521 lag und der Angeklagte lediglich von dem im § 152 der Ge¬
1038 1471 1209 1528 rgängen
1234 1494 2222 1560 werbeordnung gewährten Rechte Gebrauch gemacht hat.
1037 1513 1213 1563 resse be¬
1048 1548 1206 1596 eralen
1542 1567 2078 1645 Im Deutschen Theater
1036 1584 1212 1637 muss es
1036 1622 1204 1678 och un¬
1228 1610 2400 1693 ging endlich einmal wieder eine Novität in Seene, die ein Kunstwerk
1080 1661 1209 1707 damit
1231 1657 2410 1718 ist, nämlich Arthur Schnitzler's Liebelei“. Dieser anspruchs¬
1057 1691 1205 1752 scheint,
1230 1715 2402 1756 loie Titel lässt kaum auf den tragischen Juhalt der drei Akte schließen.
1087 1737 1203 1787 ange¬
1222 1731 2397 1803 Was der Wiener Dichter ein Schauspiel nennt, ist im Grunde eine
1050 1774 1208 1822 ause an
1240 1773 2270 1832 tief erschütternde Liebestragödie. Die Handlung ist einfach g
1079 1810 1216 1859 in der
1233 1806 2268 1871 Zwei junge Lebemänner fangen mit zwei feschen Wienering
1058 1842 1204 1898 r Auf¬
1225 1848 2258 1918 Liebelei an, von denen die eine ##chtfertig, die andere tief ei
1057 1885 1206 1931 #n von
1244 1880 2318 1941 und rein ist. Christine, die einzige Tochter eines bescheidenen Mu##
1049 1921 1206 1973 /8 An¬
2035 1917 2410 1978 Hingebung, jderen
1227 1931 1952 1994 liebt Fritz Lobheimer mit aller Gln
1072 1960 1204 2008 Super¬
2127 1953 2413 2010 sich mit einem
1242 1967 1824 2034 ein junges Frauenherz fähig ist.
1063 1996 1204 2063 bestellt
2095 1989 2412 2054 Stet. Von seinem
1231 2000 2035 2068 Manne, dessen Frau er verführt hat ## wird
1235 2025 2419 2097 Freunde erfährt Christine dann, daß sie dem Gesallenen, an dem
1065 2074 1213 2138 nerals
1236 2073 2406 2135 sie mit jeder Faser ihrer Seele hing, im Grunde nichts war und sie
2140 2110 2419 2159 Das Drama
1060 2119 1207 2169 e Prinz
1235 2112 1985 2164 stürzt verzweifelnd aus dem välerlichen
1051 2160 1212 2206 beil der
1227 2144 2410 2211 beginnt mit einer heiteren Sitzung zu Bieren in Lobheimers
1071 2188 1213 2246 Herrn
1235 2181 2418 2241 Junggese llenwohnung. Dann unterbricht der beleidigte Gatte
1064 2231 1218 2287 zig mit
1232 2228 2411 2287 Spiel und Tanz der lustigen jungen Leute und fordert Geung¬
1062 2269 1221 2320 t von
1230 2256 2379 2330 tnung. Von da ab verblassen die leuchtenden Farben des Humor
1053 2311 1217 2360 welcher
1229 2293 2370 2357 und die Handlung nimmt ihren tregischen Verlauf. Sie besitzt iro
1235 2334 2416 2389 der einfachen Erfindung echt dramatische Bewegung und reichen
1079 2346 1215 2397 Rang
1246 2371 2423 2436 Stimmungsgehalt. Die poetische Gestalt der Christine erweckt sofort
1242 2410 2409 2481 Sympathie und diese wird zum tragischen Mitleid gesteigert durch
1074 2421 1227 2482 che auf
1242 2446 2416 2519 das auf sie fallende herbe Geschick. Es wirkt stets ergreifend
1251 2483 2421 2549 und erschütternd, ein junges, keusch empfindendes Menschenkind
1089 2480 1215 2556 Mor¬
1244 2547 2425 2589 sich in den Gluten der ersten großen Leidenschaft verzehren
1068 2545 1215 2594 fiss ge¬
1257 2551 2422 2636 zu sehen. Und hier wirkt der Gegensatz so mächtig zwischen der
1077 2579 1228 2635 itliche
1240 2598 2432 2664 Liebelei des Lebemannes und der Liebe dieses tief empfindenden
1081 2618 1219 2671 so der
1241 2651 2424 2694 Mädchenherzens! Das Seeleugemälde hat nur einen Fehler. Im
1186 2676 1232 2712 I.
1236 2672 2434 2744 letzten Akt wird Christine das bestätigt, was sie wohl seit Jahren
1246 2716 2421 2778 weiß, daß sie dem vereinsamten Vater Alles ist und daß ieser den
1237 2759 2425 2807 innigsten Anteil an ihrem Leid nimmt. Sie aber klammert sich nicht
1245 2787 2424 2842 in ihrem Schmerz an den Vater, sondern sie übersieht ihn völlig und
1199 2831 1233 2863 *
1251 2823 2467 2893 aeht in den Tod. Das erscheint mir unwahr, denn sie liebte diesen.
1090 2857 1228 2918 1. Das
1248 2878 2431 2941 Vater zu innig, als daß der Schmerz um den Mann, dem sie so
1240 2903 2246 2958 wenig galt, jedes kindliche Gefühl hätte verlöschen können.
1084 2937 1221 2993 ir vor
1320 2944 2419 3005 Das Drama verlangt und fand ei#e ganz ausgezeichnete Dar¬
1074 2976 1229 3028 ischen
1253 2978 2422 3042 stellung. Agnes Sorma stand als Christine auf der vollen Höhe
1085 3018 1228 3069 aße in
1251 3022 2421 3087 ihres reichen Könnens. Welch' rührende, bezaubernde Töne sie in der
1078 3058 1226 3109 igung“
1249 3071 2423 3116 Offenbarung ihrer stürmischen, überquellenden Liebe anschlug, wie sie
1093 3095 1228 3140 orth¬
1247 3090 2423 3157 das bange Ahnen der bevorstehenden Katastrophe und nach dieser die
1090 3132 1236 3188 espielt,
1251 3126 2432 3197 Angst und Verzweiflung in Blicken, Mienen und gepressten Worten zum
1091 3170 1229 3216 tuns:
1261 3176 2434 3230 Ausdruck brachte, alles das ist schwer anzudenten. Sie ging völlig auf in der
1080 3207 1231 3257 zer sich
1257 3208 2434 3263 Rolle und jede ihrer tiefen, mächtigen Seelenbewegungen teilte sich den
1092 3242 1234 3296 ürsten¬
1254 3254 2436 3309 Zuschauern mit. Auch die übrigen Rollen wurden durch Gisela
1079 3274 1235 3333 n zwei
1257 3296 2437 3340 Schneider und Marie Meyer, Rittner, Jarno, Reicher
1139 3321 1238 3368 ihm
1258 3325 2431 3376 und Nissen vortrefflich gespielt. Das ganze Drama wurde im
1085 3353 1230 3408 ählten
1253 3357 2429 3422 Wiener Dialekt gesprochen. Es jand rauschenden Beifall und der
1104 3395 1238 3442 Käu¬
1260 3399 2048 3470 Dichter erschien wiederholt vor dem Vorhang.
1094 3430 1230 3481 Scherz
1319 3423 2440 3490 Die Vorstellung wurde durch Kleist's Lustspiel „Der zer¬
1092 3471 1234 3520 nügten
1250 3485 2440 3524 brochene Krug“ eröffnet, in dem Hermann Müller den Dorf¬
1111 3510 1236 3559 Fort¬
1261 3508 2432 3563 richter Adam in etwas groteskem Stil, aber mit großer komischer
1102 3541 1236 3595 ie (zu
2246 3543 2410 3602 R. E.
1261 3549 2064 3623 Wirkung gab. Das Ensemble war vorzüglich.
1085 3580 1244 3631 Käufer
1088 3624 1242 3668 skunft.
1334 3638 2433 3680 Wien, 4. Februar, Nachmittgs (Schluss - Course.) Ungarische
1086 3656 1127 3724 1
1252 3664 2430 3734 Kreditaktien 435 50, österr. Kredit#kuen 381 50. Franzosen 372.75
1258 3706 2422 3748 Lompardon 10175. Galizier ——. Nordwestbahn 276,75. Elbtalbahn
1384 3733 2387 3798 österr. Pabierrente 101.05, do. Goldrente 122,50, 5proz. unga
1125 3734 1490 3818 Sr63h. dunig
1593 3750 2488 3831 4proz. unzar. Goldrente 122.60 Marknoter 125
