3436 4256
379 199 743 269 Liebelei
207 176 1349 311 5. box 12/2
2082 339 3175 435 Bitte Rückseite beachten!
2713 409 3141 502 Telephon 12.801.
2233 587 3001 705 „OBSnit! LR
2088 668 3198 770 I. österr. behördl. konz. Unternehmen für
2399 731 2890 816 Zeitungsausschnitte
2115 779 3191 880 Wien, I., Konkordiaplatz 4.
2511 848 2823 907 Vertretungen
2113 874 3207 952 in Berlin, Basel, Budapest, Chicago, Cleveland, Christiania,
2102 938 3196 990 Genf, Kopenhagen, London Madrid, Mailand, Minneapolis,
2106 961 3206 1034 New-Vork, Paris, Rom, San Francisco, Stockholm, St. Peters¬
2501 1008 2819 1067 burg, Toronto.
2352 1054 2957 1131 (Quellenangabe ohne Gewähr).
2110 1131 2506 1200 Ausschnitt aus:
3117 1147 3271 1216 hten
2428 1169 3283 1286 Morchenstern-Tannwalder Nachr.
2281 1207 2528 1290 A A.1521
2119 1240 2274 1303 vom:
2518 1249 3284 1348 Morchenstern, Bohmen
2390 1389 2800 1499 Cheater.
2055 1489 3008 1573 — „Wann wir altern“ von Blumenthal,
2314 1548 2926 1624 „Liebelei“ von Schnitler.
2073 1615 3183 1683 In anmutiger Plauderei mit seiner Seelenfreundin
2014 1657 3172 1727 klagt der Marquis über all die kleinen Bemerkungen,
2004 1704 3187 1775 die im gesellschaftlichen Verkehr auf sein Altern hindeuten
2003 1739 3189 1840 und muß gerade von der geliebten Freundin die vollgültig¬
2010 1809 3184 1859 sien Beweise des hereinbrechenden Alters erfahren. Sie
2013 1857 3170 1906 beichtet ihm ihre Liebe zu Gaston, sie ernennt ihn mit
2003 1903 3173 1950 freudiger Zustimmung ihres zukünftigen Gatten zum Haus¬
2011 1959 3169 2015 freund. Ein zarter Hauch der geistreichelnden Courtoisie
2003 2005 3181 2050 des 18. Jahrhunderts liegt über dem Ganzen und wurde
2010 2050 3177 2102 and von der Aufführung am Donnerslage wohl bewahrt.
2008 2097 3169 2152 Ter zierlichen, klangvollen Sprache widerfuhr durch hübsche
2003 2150 3183 2213 Aussprache bei anerkennenswerter Sicherheit ihr volles
1998 2190 3171 2247 Recht. Herr Gebhardt als Marquis, Frl. Werner
1999 2241 3175 2319 als dessen Freundin und Herr Walleck als Gaston ga¬
1998 2288 3004 2358 ben in jeder Hinsicht ein hübsches Trifolium.
2076 2336 3174 2398 Schnitzlers Schauspiel, das in Anteil heischender Weise
1992 2392 3179 2447 die Geschichte eines oberflächlich angesponnenen, allmählich
2004 2454 3169 2500 mehr und mehr sich vertiefenden und tragisch endenden
1996 2491 3165 2553 Liebesverhältnisses zwischen einem Wiener Lebemann und
2000 2539 3168 2586 der Tochter eines Theatermusikers schildert, ist schon unter
1996 2585 3163 2652 Warnecke gespielt worden. Das Paar Theodor—Mitzi
2005 2643 3172 2701 (Herr Walleck und Frl. Meyer) zeichnete sich im
1986 2699 3166 2755 1. Akte durch besondere Munterkeit aus und charakterisierte
1999 2738 3166 2784 leicht und treffend die Liebe „auf Zeit“ in diesen Kreisen.
1989 2782 3166 2838 Aber gerade ihr prickelndes Spiel hat die Aufmerksamkeit
1994 2833 3158 2889 allzusehr von dem Hauptpaare des Dramas abgelenkt. be¬
1992 2897 3172 2946 sonders da dort der weibliche Teil (Frl. Werner) zu
2001 2927 3178 3012 interessieren vermochte. Frl. Werner entwickelte besonders
1993 2977 3156 3049 im dritten Akte eine dramatische Gewalt des Schmerzes,
1990 3028 3154 3074 die den Zuschauern bis ins Innerste griff. Ihrem Partner
1993 3074 3164 3140 fehlte dagegen beinahe alles zu irgend einer erfreulichen
1994 3129 3171 3189 Wirkung. Herr Gebhardt war als Theatermusiker ganz
1979 3182 3165 3232 angemessen, und sein die leidenschaftlichen Aeußerungen
1986 3226 3158 3282 der Verzweiflung seiner Tochter begleitendes, stummes
1987 3276 3149 3330 Spiel sehr beachtenswert. Die Spielleitung des Herrn
1986 3329 3158 3396 Schönwald ließ wie immer nichts zu wünschen übrig.
2942 3380 3114 3431 A—m.
2095 3497 3146 3580 = Benefiz des Opernregisseurs Josef Fink. Näch¬
1986 3568 3150 3625 sten Mittwoch findet die letzte Benefizvorstellung der
1989 3615 3150 3667 laufenden Spielzeit statt. Sie ist dem Opernregisseur
1989 3663 3155 3727 unserer Bühne Herrn Josef Fink gewidmet und bringt
1981 3726 3148 3782 den seit Jahren nicht mehr in Gablonz gehörten „Bet¬
1986 3763 3150 3824 telstudent“ von Millöcker. Auf den ersten Blick
1987 3813 3149 3871 mag es befremdlich erscheinen, daß der Opern regisseur
1986 3866 3146 3925 sich eine Operette zu seinem Benefiz erwählt, doch kann
1988 3914 3145 3971 man die Wahl auch gut heißen, wenn man der Ansicht
1986 3954 3153 4027 mancher zustimmt, daß der „Bettelstudent“ ebenso wie
1991 4002 3139 4071 die „Fledermaus“ und der „Zigeunerbaron“ der Spiel¬
1989 4051 3141 4110 oper zugezählt werden können. Herr Fink hat durch
1990 4112 3160 4164 viele geschickt in Szene gesetzte und im Spiele recht ###t
