3484 4320
505 160 680 242 iebe
282 150 1445 291 5. Laszelei box 10/3
2248 766 3120 840 K. Minderheit befindlichen Regierungen von
558 826 3118 908 Mersieht. Da über ging es dem Fürsten Bismarck, wie es spater anfung an bis zu Ende das Referet in der Angelegenheit hatte.
187 885 3113 936 lund den Phrasen= der konservativen Partei gegangen ist. Stöcker wollte nicht lediglich] Es heißt ferner, daß es in materieller Hinsicht an Versuchen nicht
188 924 3121 976 weder ein großer Werkzeug sein. Er wollte dem Fürsten Bismarck nicht nur dienen, fehlte, zu einem einheitlichen Votum zu gelangen. Die Opposition
499 1017 3117 1103 Iständigkeit (die doch nie ganz vollständig ist) die künstlerisch feinere heirgtheten Frau. Wer sie ist, erfährt man nie; auch nicht, wie sie
1819 1074 3119 1136 ist: — wie es denn ein Merkmal unsres Dichters ist, alles Unwesent¬
543 1072 1828 1141 Andeutung. Und die zarten, halben Gefühle, die feinen Vorstöße
1801 1121 3112 1190 liche in Dunkel zu hüllen. Holz und (Schlaf würden noch die ver¬
548 1128 1819 1201 und leisen Regungen statt der brutal=kompakten Ganzgefühle — die
183 1120 497 1230 stachdruck in verbeten.
1794 1142 3112 1236 storbenen Großeltern dieser Dame genau## beleuchtet haben. Man
536 1162 1650 1251 ja auch innerhalb des Naturalismus jenen weichen müssen.
595 1210 3115 1292 Aber was will so viel theoretisches Gerede bei einem solchen Buch! hört nur, daß sie ein schwarzes Kleid anhatt, daß sie mit ihm und
516 1256 3112 1329 Das Buch führte den dreißigjährigen Anatol durch mancherlei zarte, dem Gatten am vorigen Abend in einer Loge im Theater saß, und
177 1316 3118 1400 jur Schnitzler insankte, verlogene, witzige, süße und lyrisch=weiche Situationen. Immer daß nachher die Drei gemeinjam soupirten; das sagt immerhin genug.
192 1348 3118 1440 k mittlerer Gestalt, dreht es sich um Weibliches. Bald um die holde Cora, die Anatole Und nun erfährt man das einzig Wesentliche: Fritz glaubt, daß man
186 1397 3108 1483 sen Vollbart: Arzt in der Hypnose befragen könnte, ob sie ihm treu ist, — und die ers ihm und ihr auflauert, daß irgend ein Verdacht geweckt ist; sie selbst
1808 1450 3112 1513 hat es befürchtet; es handelt sich nur um Ahnungen, aber diese
178 1452 1830 1544 serufes ein Dichter. lieber nicht befragt. Bald um eine verheirathete Frau, die nicht den
1879 1499 3124 1564 Schiller'sch zu reden — „finistren Aspekten“ erzeugen eine eigen¬
200 1502 1830 1566 Schaar, die nachMuth zur Liebe hat; die dem „süßen Mädl“ aus der Wiener Vor¬
1815 1540 2247 1614 thümliche Stimmung.
181 1548 1822 1632 Ritarbeiter und die stadt kontrastirt wird die ihn hat. Bald um ein ausgehendes Ver¬
1877 1569 3111 1654 Sie wird verscheucht durch das Eintreffen der zwei „süßen
202 1586 1828 1664 hie und da auf=hältniß mit einer Verheiratheten, bald um ein Circusgeschöpf, bald
1812 1637 3109 1706 Mäd'ln.“ Die zwei süßen Mäd'ln sind die Verhältnisse von Fritz
172 1645 1821 1715 lschau“ auf deutsch: um ein Theatermädel, das beim Abschied brutal offen wird, bald um
179 1691 3104 1742 lerben“, dann auch eine Dirne, die einen Augenblick versuchte, ein liebendes Weib zu und seinem Freund. Der Freund ging mit Mizi, einer hübschen
198 1760 3117 1818 veröffentlichte, und sein, bald um eine zur Disposition gestellte Ilona, die an Anatols lleichtsinnig=wurstigen Kreatur; und um Fritz aus jener gefährlichen
230 1780 3116 1836 Endlich kannten Hochzeitsmorgen das Gemach verläßt mit den Worten: „Auf Wieder=ldreieckigen Sphäre loszueisen, hat er ihn mit Mizi's Freunoin bekannt
199 1818 3114 1901 1 die Hand gefallensehen! . .“ Der Inhalt ist nichts. Die Art der Darstellung wunder= gemacht. Die heißt Christine und ist die Tochter eines Violinspielers
167 1876 3104 1934 im Titel das Wortl fein, ohne schlimme Schärfe, — sodaß diese anscheinend „gewagten“sam Josefstädter Theater. Aber dieses schlichte blasse Mädel, das
178 1926 3108 1995 Märchen“, von der Szenen auch ein keusches Oberlehrergemüth ohne wesentliche Entrüstung noch nie geliebt hat, wächst in eine tiefe, unüberwindbar
1810 1951 2779 2042 tiefe Neigung zu Friz hinein. Und auch
2765 1965 3111 2026 er liebt sie,
537 1972 1826 2034 genießen würde. Und eine Stimmung schwebt über dem Ganzen,
177 1965 553 2046 hwittert, ging von
1819 2018 3108 2082 in seiner Art: neben der Andern; halb hingebend und
187 2007 1825 2089 jas Anatol=Buch ge=sso zart und leicht, — soviel Grazie und ironische Melancholie, daß
1792 2041 3110 2124 doch in jeder besten Stunde wie immer zweifelnd, ob diese Stunde
177 2058 1702 2126 mner im Banne des nur ein kennzeichnendes Wort dafür am Platz ist: entzückend.
591 2103 3118 2183 Jetzt hat dieser bald schalkhafte, bald träumende, bald skeptisch ihm nicht lögt. Die beiden Paare, das oberflächlich=lustige und das
181 2122 476 2197 fer bewundert.
186 2180 3109 2224 een kleine Dramen kopfschältelnde und bald innig anbetungsvolle Poet ein Drama ge=tiefer=innige, verbringen einen Frühlingsabend in Fritzens Wohnung;
188 2210 3103 2275 n die Aufführungs=Ischaffen — im Deutschen Theater wurde es gespielt — das in seiner sie lachen selig und viel, und als sich nach dem Essen Fritz ans
211 2232 3112 2332 e Dramchen spielt schlichten Tragik den Hörern ans Herz griff, und das seinen Dichter Klavier setzt, klingelt es. Ein Herr tritt ein, die Mädel werden ins
1809 2284 3109 2353 Nebenzimmer entfernt. Es ist der Gatte. Ein Mann von fünfund¬
199 2303 1829 2360 mehrere Gassen mit einem Schlage in den Kreis der Besten rückte, die wir besitzen.
189 2333 3101 2423 wwelchem die Dame Wir freilich, wir Wenigen, haben längst gewußt, was er war: jetzt dreißig Jahren; sein Name ist auf dem Theaierzettel nicht einmal ge¬
1813 2386 2402 2454 nannt; es heißt: „Ein Herr“,
2423 2381 3102 2457 Holz und Schlaf würden den Re¬
193 2398 1830 2460 Aufführung stärker weiß es auch das berlinisch=westliche Theaterpublikum. Er hatte einen
183 2414 3116 2503 Inwebzart, so luftig, tiefen und freudigen Erfolg. Und doch ist er im Grunde auch hier gierungsbezirk genannt haben, in dem er seine Konfirmandenjahre
193 2507 3101 2558 mit dem jetzt noch nicht ein Dramatiker im üblichen Sinne. Es handelt sich um eine verlebte. Die Scene ist kurz: der Mann weiß alles; er erhebt die
1810 2521 3103 2593 Faust, aber er bezwingt sich; es wird ein Zweikampf stattfinden. Als
170 2526 1829 2620 iimsten Wirkungen seltsame Erscheinung: er hat weit mehr Stimmungselemente als
1815 2574 3115 2632 der Herr weg ist, kommen die Mädln und der Freund wieder ins
537 2573 1829 2642 dramatische Elemente — und er ist trotzdem bühnenwirksam auch im
1822 2611 3107 2677 Zimmer. Der Freund ist unterrichtet. Eine entfernte Todesahnung
176 2617 1828 2689 Hoesieen? Schnitzler Sinne der Masse! Es giebt keine Längen: alles fesselt auch den
178 2672 3097 2747 jen geblieben, und Alltagsbesucher. Das liegt wohl an dem tiefmenschlichen einfachen dämmert vorübergehend herauf. Dann wieder etwas Lustigkeit —
1802 2707 3106 2769 äußerliche — die Mädel wissen ja nichts; nur Christine ist seltsam
180 2718 1027 2793 nncthal, welcher sich Inhalt seiner Tragödie.
1815 2766 3107 2817 unruhig. Der Freund begleitet schließlich die Mädel nach Haus, Fritz
595 2760 1829 2838 Eine Tragödie ist es, wenn er „Liebelei“ auch Schauspiel nennt.
191 2786 563 2855 zum „Anatol“ ihr
200 2807 3097 2870 „also spielen wir Eine Tragödie ist es, wenn auch manches lustige und halb=lustigel bleibt allein im Zimmer. Die Lichter sind ausgelöscht. „Gute Nack“
1808 2839 3108 2915 ruft Christine noch von der Straße herauf; Mizi ruft übermüthig:
186 2854 1831 2939 ab zart und traurig, Wort herzliches Lachen weckt. Ja, eben darum eine wahre Lebens¬
1811 2899 3104 2964 „Gute Nacht, Du mein herziges Kind“; der Freund pfeift im Davon¬
182 2904 1820 2975 und gestern, böser tragödie, weil beide Elemente, das leichtsinnige und das schmerzenvolle,
180 2948 3103 3017 kr. halbes, heim=dicht beieinander wohnen. In einer halb leichten, halb dunkel= gehen die Melodie des „Doppeladler“, die allmählich verklingt. Fritz
1811 2995 3104 3056 steht noch einen Augenblick am Fenster; dann sinkt er in einen Fauteuil.
183 3011 1824 3071 Es wird mehr der gefälbten Stimmung setzt alles ein, Jauchzen könt dann dazwischen,
1865 3051 3103 3112 Es ist schwer zu beschreiben, wie wundervoll die Stimmung ist,
201 3036 1827 3123 die Dinge selbst. Lebensfreude, wienerischer Uebermuth, aber schon hier senkt
169 3128 3099 3157 Rein. Welt herauf=sich, in einer kurzen schweren Seene, von der nur Zwei wissen, die über diesem ersten Akt ruht. Die Hörer empfanden sie tief; und
1706 3140 3089 3206 Einkes war von Anfang an klar, daß sie innerlich ganz mitgingen; so
173 3140 1727 3222 ickten Holz'= Schlaf=Ider Schatten hernieder, — der dann zum Tode führt.
198 3185 3102 3270 Statt der Voll=junger Mensch, Fritz Lobheimer, hat ein Verhältniß mit einer ver=einig diesmal, wie lange nicht. Das menschlich und wienerisch Echte,
705 3270 1845 3537 erdaes
