3060 4320
430 165 671 235 Liebe
258 172 826 273 5. 1
957 154 1383 242 box 10/5
1926 347 2549 433 Bonntagsblatt der New¬
2367 434 3067 511 Vergnügen taumelt. Nur eine Sehns
1594 465 2361 541 Beispiel einer seelischen Durchdringung
2377 497 3027 562 hat die junge „Zigeunerin“ die von
1584 514 2360 590 auch der scheinbar geringsten Aeußerlichkeit,
2382 528 3031 607 Mutter durch alle Luxusbäder ges
1592 564 2359 640 jeiner alle Kunst in Natur verwandelnden
2373 578 3066 637 wird, — die Sehnsucht nach einer Heim
1600 612 2362 668 und als reinste Natur erscheinen lassenden
2376 621 3048 682 Diese wird ihr auf dem alten Thürf
2377 661 3029 721 Familiensitze des Afrikaforschers.
1602 671 2369 739 Vergeistigung und Verinnerlichung. Sie
2378 694 3062 764 junge Frau schwelgt in Seligkeit, mit ih
1604 696 2368 782 steht hierin der Réjane und der Duse am
2385 750 3057 812 Frohsinn kehrt sie das ganze elter
1611 757 2361 816 nächsten, an die letztere erinnerte auch, na¬
2379 790 3063 850 Schloß um und um, bald aber merkt
1615 806 2363 878 mentlich im letzten Akte der „Nora“, manche
2371 824 3068 881 haß man ihren Verkehr meidet. Die
1610 859 2369 931 Beste und mancher aus dem Innersten der
2384 853 3054 929 gebung des Afrikaforschers, die auf
2375 909 3061 968 praltische Christenthum eingeschworen
1610 903 2375 979 Seele heraufklingende Ton. Auch den
2378 950 3048 1018 verhängt den Boykott über die junge F
1626 949 2377 1030 litzschnellen Wechsel des Gesichtsausdrucks,
2393 986 3057 1059 und endlich werden ihr die Augen geöf
1627 1005 2377 1073 ie mimische Meisterschaft, welche jede see¬
2380 1033 3037 1084 sie erfährt die Schande ihres Vaters.
1619 1048 2379 1119 ische Regung aus diesem feinen, bewegli¬
2371 1073 3063 1133 Gatte, der sie selbst darüber aufklärt,
1626 1096 2376 1171 hen Gelüste sprechen macht, hat die deutsche
2379 1106 3066 1171 die unbedachte Aeußerung fallen, daß e
2376 1154 3067 1213 Aermste aus Mitleid geheirathet habe.
1630 1146 2374 1223 künstlerin mit der großen Italienerin ge¬
1628 1195 3058 1240 teinsam. Agnes Sorma ist eine ganz rüber ist die junge Frau so empört, da
2395 1241 3058 1289 den Mann verläßt und ihrer Mutter f
1636 1245 2377 1320 inerliche Menschendarstellerin, welche die
2386 1288 3058 1337 Diese vereinigt sich mit ihrem wieder
1641 1290 2381 1355 jähigkeit hat, in die dunkelsten Tiefen der
2396 1325 3067 1375 dem Zuchthaus entlassenen Gatten und
1635 1344 2371 1412 seiblichen Seele hineinzuleuchten, jeder
2385 1346 3057 1423 drei begeben sich in die Spielholle
1633 1390 2376 1460 Schattirung der weiblichen Empfindungs¬
2382 1404 3066 1464 Monte=Carlo. Dort will der Entgleist
2397 1442 3053 1498 durch das Spiel rehabilitiren, es miß
1630 1441 2387 1508 oelt den wahrsten und echtesten Ausdruck zu
2403 1482 3054 1533 ihm, er erschießt sich, und nun sinkt
1627 1493 2384 1568 jeben. Ihre „Nora“, welche begeisterten Bei¬
2390 1525 3060 1575 Tochter in die Arme des Afrikafor
1631 1528 2390 1617 all weckte, ist ein vollendetes Muster
2391 1571 3061 1627 der seiner entlaufenen Gattin nachgerei
1628 1583 2383 1661 noderner Schauspiel=Kunst. Wie sie
2392 1611 3067 1667 Jetzt erst haben sie sich wieder gefun
1629 1636 2384 1703 ie fröhliche Lerchennatur der Nora
2446 1647 3066 1707 „Dora“ kommt morgen, Dinstag
2401 1694 3065 1743 Mittwoch, „Chic“ Donnerstag, Freita
1634 1688 2382 1759 er ersten Scenen in erquicklichster
2404 1734 3066 1791 Samstag zur Aufführung. Das S
1636 1732 2384 1810 Frische zur klarsten überzeugender An¬
2405 1777 3066 1832 zer'sche Lustspiel „Epidemisch“ und die
1633 1780 2388 1845 chaulichkeit brachte, die Ausgelassenheit der
2407 1813 3048 1872 aktige Ganer'sche Oper „Graf und
1635 1828 2381 1894 Nutter, die vertrauende Liebe zum Gat¬
2402 1861 3066 1916 bilden das Programm des heutigen
1636 1871 2383 1928 en, den Stolz auf ihr Geheimnis und dann
2402 1900 3068 1970 Konzerts. Die Saison schließt am
1629 1915 2387 1978 en jähen Umschlag, als der schwere Flü¬
2398 1938 2734 2003 tag, den 4. Mai.
1632 1950 2387 2020 selschlag des Schicksals dieses gläubige
1637 1998 2392 2063 Kinderherz erzittern läßt, das war wun¬
2440 2019 3065 2088 Wie zu erwarten stand, he
1632 2038 2401 2088 dervolle, goldechte Kunst. Und dann die¬
2408 2080 3067 2133 die New Yorker ihrer, wie
1625 2082 2391 2133 ses plötzliche Heranreifen des leichtsinnigen
2394 2113 3067 2163 große Glück, ihnen so plötzlich in den
1632 2122 2391 2175 Kindes zur ernsten, das Beschlossene un¬
2409 2164 3067 2218 fallenden Marie Geistinger
1635 2162 2399 2220 beugsam That werden lassenden Frau, der
2403 2193 3067 2259 ebenso rauschenden wie herzlichen Em
1634 2201 2401 2266 Stimmungswechsel, diese herrliche Wieder¬
2400 2247 3035 2305 bereitet. Der Donnerstag der
1635 2245 2402 2296 gabe des Hangens und Bangens, mit wel¬
2413 2283 3017 2342 Woche war der „größte“ Abend,
1629 2284 2396 2333 chem ihre Nora das „Wunderbare“ erhofft,
2409 2325 3047 2375 das Germania=Theater seit seinem B
1627 2336 2401 2382 ersehnt und erfleht und doch dem Augen¬
2414 2372 3066 2422 noch gehabt hat. Es gab den wi
1628 2375 2396 2435 blicke entgegenfürchtet — der ganze süße
2407 2407 3059 2468 Beifall, so überhaupt; aben w
1632 2417 2402 2481 Zauber einer reichen weiblichen Natur liegt
1645 2456 2397 2503 auf diesen Scenen. Hier offenbarte die
2411 2488 3035 2550 sprach an dieser geweihte Stätte,
1635 2491 2398 2542 Sorma eine Kraft des Gemüthlebens, eine
2412 2530 3066 2579 sonst nur das reinste Deutsch=Ameri
1632 2533 2403 2588 Fülle der Empfindung und eine darstelle¬
2421 2571 3037 2630 geredet wird, das unverfälschteste
1642 2576 2407 2634 rische Meisterschaft, das Empfundene zum
2416 2618 3011 2673 risch. Marie Geistinger hatte
1636 2616 2396 2675 wahrsten Ausdruck zu bringen, wie man ihr
1636 2661 3067 2707 nur selten auf der Bühne begegnet. Eine Debüt eine frühere Glanzrolle ihre
2404 2696 3015 2748 pertoire's, die Therese Krones, gew
1635 2705 2409 2752 der hinre ßendsten Einzelschönheiten ist dann
2411 2739 3064 2786 schon nach der ersten Hälfte der Vorst
1639 2741 2403 2789 die Erstarrung Nora's, als der brutale
2411 2780 3053 2839 waren sich die ob all' und jedes, w
1643 2784 2401 2844 Egoismus des Mannes sich vor ihr
2420 2822 3067 2870 Künstlerin sehen und hören ließ, ent
1644 2819 2402 2889 enthüllt und auf sie einstürmt. Das
2419 2860 3041 2917 mirten Zuschauer einig, daß die
1644 2872 2400 2926 Bild, welches diese regungslos sich an
2416 2897 3066 2956 That unverwüstliche Geistinger noch
1655 2901 2406 2965 das Klavier lehnende Gestalt, dieses
2420 2941 3056 2997 des Sehens= und Hörenswerthen
1652 2949 2399 3006 starre, marmorblasse Gesicht, aus dem
2416 2984 3055 3031 schwere Menge bietet. Daß die Zei
1652 2991 2408 3062 nur die dunklen, immer größer wer¬
2414 3027 3066 3071 spurlos an der Operetten= und Vol
1651 3038 2409 3097 denden Augen herausleuchten und er¬
2426 3062 3065 3124 Diva vorübergegangen ist, wird woh
1653 3071 2406 3144 schreckt, verwundert, flehend, klagend
2417 3107 3065 3163 mand, der Augen im und Ohren am
1650 3122 2405 3177 dem wilden Auf und Ab des erregten
2425 3150 3060 3197 hat und nicht aus diesen oder jenen
1654 3160 2405 3209 Mannes folgen, bietet, wird nicht sobald in
2427 3189 3066 3235 den dem lieben Publico Sand in die
1659 3209 2405 3251 der Erinnerung der Zuschauer verlöschen.
2422 3234 3066 3287 streuen will, behaupten wollen. Au
1657 3249 2408 3300 Die ganze Leistung, welche den reizvollen
2420 3276 3067 3335 üppigst blühende Baum kann nicht
1650 3285 2413 3349 Charakter der Ibsen'schen Gestalt mit
2421 3313 3067 3374 zaust den Herbst= und Winterst
1652 3333 2410 3385 wundervoller Klarheit analysirt, und den¬
2422 3358 3058 3421 trotzen. Aber noch immer ist das
1658 3367 2404 3429 selben sicherer und überzeugender, als es
2423 3403 3068 3456 der Geistinger, trotzdem hie und da n
1657 3415 2412 3466 nach Henrik Ibsen's eigenem Ausspruch
2418 3441 3057 3497 bedächtige Zug auffällt, so lebendig 1
1651 3444 2406 3515 eine zweite zeitgenössische Darstellerin ver¬
2423 3487 3059 3536 kant und voll charakteristischen Detail
1659 3493 2406 3549 mag, aus der Kinderfröhlichkeit des ersten
2431 3531 3046 3576 alle New Yorker Soubretten in's
1660 3533 2418 3594 zum Ernste des britten Aktes hinüberführt,
2425 3566 3066 3613 nia=Theater wallfahren und dieser
1660 3573 2416 3629 ist eine schauspielerische Großthat, welche
2420 3603 3042 3659 sterin abzugucken versuchen sollten,
1670 3623 2407 3672 Agnes Sorma den Ersten ihrer Kunst zuge¬
2420 3650 3036 3709 sich, um mit dem Schiller'schen W
1670 3665 1774 3729 sellt.
2427 3686 3038 3755 ster zu reden, „räuspert und spuckt
1695 3686 2410 3758 Wie Nora, so schreitet auch die zweite
2424 3726 3041 3789 wenn diese, auch in der äußeren
1661 3738 2409 3808 Gestalt, welche die Künstlerin uns vor¬
2432 3773 3066 3834 nung noch immer anziehende und fe
1664 3787 2417 3846 führte, die Christine in der tragischen Her¬
2424 3808 3068 3876 Frau — und bekanntlich ist jede Fr.
1670 3839 2414 3890 zensgeschichte Arthur Schnitzler's „Liebe¬
2426 3858 3060 3911 so alt wie sie aussieht — ein Coup
1666 3872 2412 3929 lei", durch den ganzen Jammer der Ent¬
2420 3895 3059 3959 Lied, ein Gstanzl anstimmt, so
1651 3904 2418 3969 zauberung. Für die Hingabe des Wiener
2422 3930 3030 4003 man angesichts dieser noch
1655 3954 2411 4014 Bürgermädchens an den Geliebten, das
2424 3973 2988 4030 feinpointirten, humorvollen,
1662 3992 2417 4049 Gretchenhafte der Gestalt — Frau Sorma
2425 4007 3066 4075 schen und rührenden Vortragskun
1661 4031 2420 4091 wird, wie wir hören, im nächsten
2425 4064 3045 4112 nur sagen: es ist ein Wunder. Ein
1659 4069 2312 4122 Winter das Goethe'sche Greichen
2274 4072 2421 4144 en spie¬
2442 4100 3028 4144 wie es in dem aufreibenden Bül
