3436 4224
465 151 847 224 Liebelei
1015 154 1439 235 box 12/7
318 149 934 259 5. J 2
922 1034 1171 1146 MS 918
787 1178 1310 1266 Der Morgen Wien
706 1410 1166 1538 Theater.
701 1533 1259 1648 Burgtheaterl)
387 1604 1506 1688 Alexander Gitarti als Mußkel Weyring in Schnitzlers
353 1661 669 1740 Mebelei“.
799 1678 1503 1726 dertehmütiges Lächeln heraus,
350 1720 1501 1785 daß nun jedes Autrei Gikardis eine Sensation ist, die
354 1758 1491 1826 leider nur in sehr höringem Maße als eine künstlerische an¬
357 1810 1490 1873 gesehen werden kank. Denn dieser Künstler braucht als ernst
357 1859 1490 1908 zu nehmender Schauspieler nicht erst entdeckt zu werden,
348 1895 1499 1949 und nicht das Publikum trägt die Schuld daran, daß er
358 1936 1504 1992 seinerzeit aus dem Deutschen Volkstheater wieder in die
354 1982 1502 2037 Vorstadt geflüchtet ist. Sein Weyring war eine sehr gute
358 2030 1492 2088 und sehr vornehme Girardi=Leistung. Freilich die eines in
346 2064 1502 2127 eine höbere Aufgabe hineingepreßten Girardi, der sich
355 2120 1490 2172 nicht die Ellbogenfreiheit des Wirkens verschaffen darf,
351 2152 1488 2216 die er gewohnt ist und deren er zur vollen Wirkung bedarf.
355 2196 1494 2252 Es ehrt ihn natürlich hoch, daß er hier auch keinen Versuch
349 2256 1497 2297 dazu macht. Aber der pathetische Rührungston, der in der
351 2284 1499 2339 Vorstadt so hübsch an das Burgtheater erinnerte, klingt im
355 2324 1500 2396 Burgtheater gar nicht so bodenständig. Und das Allerwert¬
353 2373 1504 2435 vollste an Girardi geht verloren, wenn man stärkere Wand¬
347 2408 1498 2470 lungskunst von ihm verlangt. Sein Weyring war ein be¬
350 2455 1503 2514 scheidener, seelenguter braver Vater. Sonnenthal aber spielte
361 2507 1491 2562 in diesen anderthalb Szenen eine ganze erschütternde Lebens¬
357 2541 1498 2616 geschichte. Und, sein Schlußaufschluchzen: „Sie kommt nicht
352 2592 1360 2647 wieder“ krampfte dem Zuhörer das Herz zusammen.
434 2635 1488 2726 Herr Gerasch ist ein blasser, armseliger Fritz, der als
352 2696 1491 2752 Schicksal dieser lieben Christine nur ärgerlich anmutet. Über
358 2751 1492 2800 Frau Medelskys Kunst ist auch in dieser Rolle nur mit
345 2778 1505 2847 den Worten der höchsten Bewunderung zu sprechen, aber sie
356 2828 1500 2884 soll die Christine doch nicht mehr spielen. Sie ist jetzt unsere
353 2890 1495 2935 Maria Stuart und unsere Medea; hat also das Recht und
348 2921 1490 2984 die Pflicht, für die Christine zu reif und zu frauenhaft zu
361 2967 1506 3018 sein. Als Schlagermizzi war Fräulein Kutschera von
353 3062 1493 3110 Erregung sinnlicher Wärme ist ihr auf der Bühne leider
345 3106 1506 3153 versagt. Ausgezeichnet war Herr Lackner in der Rolle des
342 3139 1507 3191 Theodor Kaiser, die er ja schon im Volkstheater gespielt hat;
343 3191 1505 3241 er scheint noch gewachsen zu sein. Die Regie Devrients
340 3227 1491 3281 atmete die ganze gutfundierte Kultur des Burgtheaters
338 3256 1508 3332 und offenbarte den Segen fleißiger und vornehmer Proben¬
343 3312 1496 3371 arbeit. Dennoch ließ sie vieles ungetan, was für die Wir¬
335 3348 1516 3422 Aung dieses vielleicht besten Schnitzler=Stückes noch leicht zu
353 3402 630 3476 leisten wäre.
1193 3397 1472 3475 II. Leosikr.
2277 240 2581 336 4-M219½
1983 290 2828 418 wiener Moutngs Journal, Wien
1891 540 2992 603 (Hofburgtheater.) Girardi als Hofburgschauspielerl
1773 584 2992 634 In SchLiebele ist der große Volksschauspieler in
1777 611 3008 690 das Burgtheaterensemble eingestellt worden. Als Raimund¬
1779 645 3003 726 darsteller versammelte er eigentlich das Burgtheater um sich.
1778 680 3013 772 im modernen Konversationsstücke mußte sich seine Eignung
1774 742 3011 813 für die Hofburg entscheiden. Er hat gut bestanden, weil er
1771 773 3002 845 sich seine Eigenart bewahrte. Ton und Exterieur burgtheater¬
1763 807 2997 872 mäßig, Gemüt und Herzenssprache Eigenbau, Girardi. Das
1774 840 3007 916 ist eine gute Mischung, die auch dem Burgtheater und seiner
1766 899 3014 956 heiligen Tradition sichtlich gut bekommt. Girardi gefiel dem
1773 932 2994 998 Publikum ausgezeichnet und er wirkte auch auf seine Um¬
1760 978 3002 1042 gebung ein. Lackner war vielleicht nur etwas zu burschilos,
1773 1015 2993 1087 Frl. Kutschera zu wenig Eigenart, aber sie bestanden beide
1764 1052 3004 1136 gut, gbenso= Gerasch als seykimentaler Anatol. D#s Burg¬
1762 1085 2601 1174 theater datte einen guten Volsstbenterabent
1996 1559 2993 1667 Tagesbote aus Mähren und Schlesten
2701 1634 2838 1716 2
2380 1643 2607 1720 Brünn.
2596 1672 2918 1742 S- Laia 1516
1819 1707 2902 1796 ang  Abung
2010 1761 3075 1824 Frander Girardi hat als zweite Antrittsrolle den
1859 1801 3066 1857 Muse Weiring in der ihm zu Ehren neu inszenierten „Bie¬
1868 1862 3063 1900 belei“, Artur Schnitzlers gespielt und er paßte auch in diesem
1862 1869 3068 1950 fast echt=wienerischen Schauspiel so gut ins Burgtheaterensemble,
1854 1943 3056 1982 als ob er schon 20 Jahre darin wirkte. Schade, daß Schnitzlers Meisterwerk
1852 1973 3042 2018 leise, leise doch blässer zu werden anfängt. Ohne des Dichters Schuld ist
1852 2005 3046 2062 uns „das süße Mädel“ almählich auch zur exkannten schönen
1856 2046 3044 2103 Lüge geworden, wir fühlen was Unechtes mitklingen, wenn Chri¬
1863 2083 3039 2135 stine sagt: „Angebetet hab' ich ihn!“ 7.Bet' hab i' zu ihm
1851 2126 3044 2171 würde das Vorstadtmädel höchstens sagen), und selbst dem rei¬
1862 2170 3050 2216 chen Jüngling glauben wir nicht mehr recht, wenn er im Augen¬
1859 2198 3040 2257 zblick selbstvergessener Leidenschaft vom umsprühenden Schimmer
2328 2246 3038 2292 Girardi als Weiring hatte nach dem
1859 2240 2322 2294 der Ewigkeit spricht ...
1857 2276 3048 2334 zweiten Akt, wo diese Nebenrolle einzig etwas stärker vortritt,
1859 2313 3038 2368 starken Beifall. Verdienten Beifall; denn sein ganzes Wesen ist
1864 2363 3072 2409 Musik, weiche, wienerische Musik, und so traf er auch den Tons
1855 2390 3062 2442 des gutmütigen, resignierten Orchestermusikers aus der Vorstad¬
1862 2431 3057 2483 mit wundenbarer, überzeugender Innigkeit. Aber Girardi ist ein
1853 2473 3063 2525 großer Musiker, er ist am größten als Tragikomiker, doch ist er
1853 2509 3064 2550 kein Tragiler und wird es auch nie mehr werden! Daß hier
1865 2556 3056 2608 seine Grenze und Gefahr liegt, zeigte sich im dritten Akt, we
1862 2589 3066 2646 der alte Musiker durch das Unglück seines einzigen Kindes zur
1864 2630 3060 2684 rein tragischen Figur wird. Girardi wich der Gefährlichkeit da¬
1853 2667 3066 2719 durch aus, daß er sich möglichst still und zurückhaltend gab. Allein
1861 2712 3060 2762 es ist doch unzweifelhaft, daß Sonnenthal im dritten Akt stärker
1859 2751 3053 2802 rührte ... Das Viergespann der zwei Liebespaare war in der
1850 2799 3053 2841 neuen Inszenierung recht ungleichartig zusammengesetzt. Alle
1854 2832 3050 2887 Kunst der Schminke vermag es nicht, eine Vierzigerin und eine
1862 2869 3053 2913 Zwanzigerin als gleichaltrige, junge Mädchen erscheinen zu las¬
1858 2914 3057 2958 sen; Gesichtszüge, Körperformen und Spieltechnik widerstreben“
1847 2942 3054 2987 zu sehr, und so paßten die rührende, ergreifende Christine der
1848 2985 3061 3032 Frau Medelsky und die frische, flotte Mitzi des Fräuleins
1850 3027 3050 3072 Kutschera gar nicht zu einander. Bodenecht, nur etwas über¬
1856 3057 3048 3108 reif war Lackner als Theodor; dagegen Gerasch als Fritz
1859 3103 3044 3151 ganz unwienerisch und unerfreulich. Die Episode des fremden
1860 3149 3052 3196 Herrn wird durch Devrient, wie seinerzeit durch Mitterwurzer.
1853 3168 3061 3221 ein Mittelpunkt des Stückes. Aus den ungleichen Stilelementen
1844 3216 3046 3249 dieser neuen Inszenierung, die sich erst in den weiteren Auffüh¬
1845 3253 3041 3306 rungen zur Einheitlichkeit zusammenschließen könnten, ragt
1846 3296 3042 3336 als letzte Säule von der einstigen Première noch die lächelns
1855 3333 3056 3382 boshafte Strumpfwirkerin der Frau Walbeck heraus, die nur
1858 3388 3043 3428 etwas undeutlicher spricht, als vor zwanzig Jahren. — Auf die
1860 3421 3053 3468 neue „Liebelei“ folgte als Abklang Schnitzlers einaktige Litera¬
1855 3444 3051 3498 turkomödie „Literatur“, ebenfalls ein klein wenig vergilbt,
1853 3496 3046 3548 weil uns die Dichter des Cafés, die unverstandenen Frauen, die
1861 3527 3045 3570 von Mann zu Mann rennen müssen und diese Art „Literatur“
1864 3566 3058 3618 so fremd geworden sind, daß uns sogar der Spott darüber nicht
1863 3612 3046 3652 mehr recht berührt. Aber in der bekannten, mitreißenden Dar¬
1864 3648 3066 3693 stellung des neuen Burgtheaters (Frl. Marberg, Treßler
1859 3679 3063 3738 und Heine), wo jede Pointe sitzt und zündet, erzielt die Ko¬
1859 3728 3059 3773 mödie noch immer ihren vollen Heiterkeitserfolg. — Ergebnis des
1857 3763 3061 3813 anregenden Abends: es wird, wie schon vorausgesagt wurde,
1858 3804 3059 3873 auf die Dauer nicht leicht sein, für Girardi Burgtheater¬
1856 3836 2204 3891 rollen zu finden!
2605 3840 3011 3895 Dr. v. Wymetal.
1948 3872 3076 3935 ##. #mnem Mllegen. Für Donnerstag und Freitag
