3436 4256
438 163 808 239 iebelei.
944 157 1374 262 box 11/1.
245 172 888 290 5. Le nee
727 1116 1209 1208 Telephon 12801.
366 1197 1591 1292 Alex. Weigl’s Unternehmen für Zeitungs-Ausschnitte
1360 1266 1587 1337 Ausschnitt
296 1285 1274 1428 1104 „OBSERYER“
1402 1319 1654 1416 Nr. 32
246 1405 1685 1469 I. österr. behördl. conc. Bureau für Zeitungsberichte u. Personalnachrichten
463 1471 1490 1547 Wien, IX/1, Türkenstrasse 17.
647 1555 1280 1621 — Filiale in Budapest: „Figyelö“
251 1597 1688 1692 Vertretungen in Berlin, Chicago, Genf, London, Newyork, Paris, Rom, Stockholm:
247 1738 760 1843 Ausschnitt aus:
918 1785 1661 1912 Sonn- u Montass-Courier, Wien
260 1888 823 2019 Wont
727 2176 1105 2257 Raimund=Theater.
356 2252 1544 2330 „Liebelei“, von Arthur Schnitzler, fand Samstag Eingang
281 2282 1539 2338 an dieser Bühne und erstaunlich gute Darstellung. Neben Frau
270 2340 1523 2395 Miese, deren Gestaltungskraft bekannt ist, erwarben sich Frl.
288 2371 1533 2440 Reingruber und die Herren Jules und Homma wohl¬
282 2397 1534 2464 verdienten Beifall. — Weniger warm war die Aufnahme eines Ein¬
293 2432 1526 2522 akters „Olgas Spitzbube“ von Beatrice Dovsky, in welchem die
296 2490 1522 2551 Autorin in der Hauptrolie als Gast mitwirkte. Der dramatisierte
305 2533 1524 2602 „Meggendorfer“ wäre gewiß weniger sanft abgelehnt worden, wenn
302 2570 1511 2643 nicht die Komik Willy Thallers und die sympathische Persön¬
294 2617 1514 2683 lichkeit der Autorin für ihn gewirkt hätten. Daran können auch die
290 2635 1666 2726 zahlreichen Lorbeerspenden nichts ändern, die sich Frl. Dovsky dies=sclusive
301 2690 746 2771 mal nicht verdient hat.
375 2722 409 2755 4
1365 2715 1644 2782 W# Porto.
365 2752 468 2800 200
1457 2759 1656 2812 -Zahlbar
1289 2750 1435 2842 110.—
367 2792 477 2838 500
1006 2797 1069 2840 „
1275 2794 1685 2884 200.— im Voraus.
302 2825 486 2896 „ 1000
375 2868 1710 2926 Im Gegensatze zu anderen Bureaux für Zeitungsausschnitte ist dass
1355 2901 1715 2959 auch stcht es den¬
256 2915 1293 2964 Abonnement durch keine bestimmte Zeitdauer begrenzt;
266 2949 1581 3010 Abonnenten frei die aufgegebenen Themen zu ergänzen oder zu ändern.
381 2997 1702 3083 Der „OBSERVER“ veranstaltet täglich einen Auszug enthaltend die
260 3061 1700 3121 Inhaltsangabe aller wichtigen Mittheilungen der Wiener Morgen¬
270 3107 1685 3166 blätter (Tagesjournale ausser „Neue Freie Presse“ und „Wiener Zeitung")
277 3142 1701 3202 wodurch eine Uebersicht über das gesammte politische und wirthschaftlicher
264 3188 1704 3259 Leben des In- und Auslandes in drastischer Kürze geboten wird. Diese Mit¬
277 3235 1295 3311 theilungen werden in Wien um 9 Uhr Früh verschickt.
589 3308 1384 3408 Prospecte gratis und fnanco.
2220 1069 2675 1154 Telephon 12801.
1846 1155 3051 1241 Alex. Weigl’s Unternehmen für Zeitungs-Ausschnitte
2846 1222 3075 1294 Ausschnitt
1797 1240 2722 1380 Na10s , OBSERYER
2888 1271 3127 1362 Nr. 33
1726 1348 3177 1425 I. österr. behördl. conc. Bureau für Zeitungsberichte u. Personalnachrichten
1946 1435 2975 1496 Wien, IX/1, Tünkenstrasse 17.
2139 1490 2775 1567 Filiale in Budapest: „Figyelö“ -
1735 1537 3171 1652 Vertretungen in Berlin, Chicago, Genf, London, Newyork, Paris, Rom, Stockholm.
1740 1706 2253 1786 Ausschnitt aus:
2346 1720 3084 1840 Schl- uI. Montags-Zeitiueg
1739 1847 2315 1960 vom:
1973 2046 3050 2133 (Raimund=Theater.) Die „Liebelei“ von Schnitzler mit
1850 2109 3036 2197 Frau Niese in der Rolle der Christine hat nun auch im Raimund¬
1867 2175 3039 2226 Theater das Publicum gerührt und erschüttert. Man hat schon einmal
1865 2211 3037 2267 Frau Niese in dieser ihrem künstlerischen Naturell eigentlich wenig zu¬
1863 2252 3037 2325 sagenden Rolle zu sehen Gelegenheit gehabt und durfte die hohe schau¬
1867 2304 3043 2371 spielerische Intelligenz bewundern, mit der sie da ihr Wesen einer ihm
1857 2361 3045 2418 fremden Aufgabe gerecht zu werden zwingt. Ganz besonders im dritten
1852 2406 3060 2487 Act, für den tiefsten Schmerz, findet die Künstlerin Töne von solcher
1856 2488 3049 2557 Echtheit und Wärme, daß sie alle Hörer zu Thränen rührt. Die
1866 2533 3051 2604 übrige Besetzung, welche das Schnitzler'sche Stück im Raimund=Theater
1866 2586 3045 2650 fand, trug nach Kräften zur guten Wirkung des Schauspieles bei. —
1758 2624 1853 2684 Für
1863 2634 3156 2703 Voran ging eine harmlos=lustige Burleske von Beatrice Dorvsky sive
3083 2676 3129 2719 .
1871 2677 3145 2753 „Olgas Spitzbube“, in der die Autorin auch als Darstellerin Erfolg par
1870 2731 3172 2826 hatte und welche besonders Herrn Thailer Gelegenheit zur Entfaltung raus.
1861 2781 2478 2856 Iseiner charakteristischen Komik gab.
1787 2794 1850 2850 „
1866 2814 3198 2877 Im Gegensatze zu anderen Bureaux für Zeitungsausschmttesist das
2830 2853 3208 2914 auch steht es den
1770 2866 2801 2918 Abonnement durch keine bestimmte Zeitdauer begrenzt;
1767 2896 3074 2975 Abonnenten frei die aufgegebenen Themen zu ergänzen oder zu ändern.
1881 2966 3200 3043 Der „OBSERVER“ veranstaltet täglich einen Auszug enthaltend die
1765 3030 3206 3079 Inhaltsangabe aller wichtigen Mittheilungen der Wiener Morgen¬
1774 3053 3182 3128 blätter (Tagesjournale ausser „Neue Freie Presse“ und „Wiener Zeitung“)
1781 3100 3201 3162 wodurch eine Uebersicht über das gesammte politische und wirthschaftliche
1774 3152 3206 3207 Leben des In- und Auslandes in drastischer Kürze geboten wird. Diese Mit¬
1778 3183 2789 3256 theilungen werden in Wien um 9 Uhr Früh verschickt.
2084 3262 2859 3350 Prospecte gratis und franco.
