3436 4128
843 70 1284 169 box 13/8
339 81 706 158 iebelei
162 91 704 204 5. L. 1
511 966 937 1138 SERYER·
920 1003 984 1091 4
352 1025 1029 1211 ### I., WollzelleNng
394 1109 901 1258 Teistee F.22. G.4n
1119 1157 1213 1254 0.
1158 1229 1254 1266 —.
304 1258 1054 1384 Honent-Magaz in, Wien,
465 1396 664 1489 P5
305 1460 1137 1564 Als Josef Kainz den Valentin spielen
616 1553 790 1618 wollte
360 1618 1130 1709 Sie wollen wissen, ob cs wirklich
314 1669 1132 1742 wahr #ssdaß Hermann Thimit im
312 1714 1131 1780 Burgtheater den Valentin im „Ver¬
320 1746 1136 1822 schwender“ spielen wird. Das sollte
327 1778 1144 1864 ##tier Tat zursprünglich die Antritesrolle
327 1826 1130 1901 Hermann Tünmigs im Burgtheater sein,
321 1863 1142 1947 nur aus anderen Gründen kam es damals
333 1903 1141 1981 zur Verschiebung der Neuemstudierung des
321 1943 1140 2032 „Verschwender“, der ja auch auf eine
326 1980 1141 2068 große Burguhcatertradition zurückblickt.
327 2027 1148 2106 die werden aber bestimmt nicht wissen,
329 2058 1150 2135 daß es ein besonderer Ehrgeiz des
338 2095 1156 2175 großen Hamler und Tasso des Burg¬
336 2138 1149 2206 theaters Josef Kainz war, einmal den
353 2168 1155 2267 Valentin zu spielen und das Hobellied
337 2220 1144 2295 zu singen. Er hat seinen intimen persön¬
335 2252 1155 2323 lichen Freund Alexander Grrardi
341 2292 1162 2373 oft darum ersucht, es ihm zu ermöglichen,
344 2335 1166 2411 einmal im Theater an der Wien
351 2371 1153 2445 als Valentin zut gastieren. Girardi
338 2418 1166 2476 pflegte darauf gewöhnlich zu antworten,
349 2454 1155 2528 bei aller Freundschaft werde das erst ge¬
341 2477 1159 2563 schehen, wenn er im Burgtheater
350 2528 1079 2607 den Hamlet spielen dürfe.
385 2567 1159 2667 Josef Kainz hatte schon längst die
358 2617 1172 2692 Augen geschlossen, als sein Freund Girardi
358 2663 1165 2727 dann wirklich ins Burguheater einzog. Er
365 2703 1170 2769 hat dort weder den Hamler gespielt noch,
368 2735 1179 2824 so viel tragische Ironie kann das Schick¬
365 2778 1175 2862 sai aufbringen — den Valentin, seine
368 2806 1180 2914 größte und berühmteste Rolle. Er debü¬
377 2855 1205 2933 uierte im Burgtheater in Raimunds
362 2905 1173 2970 „Bauer bls Millionär“ und nur¬
376 2940 1088 3005 eine zweite Rolle war ihm noch bese
365 2977 1079 3040 den: Der alte Musiker Weyrin,
375 3016 1076 3096 Schnitzlers „Liebelei“. Eing
371 3062 1081 3131 samer Zufall fügte es nun also doch;
377 3096 1092 3173 er mit den Worten eines Dichters
380 3150 1091 3220 Burgtheater und von diesem Leben“
389 3193 658 3266 schied nahm.
1438 8 1733 94 WIEN, I.,
1435 60 2223 151 Wollzeile 11 . Telephon X 23-0-43
1424 216 1784 294 Ausschnift aus
1767 219 2303 353 Die Fiedermene Wien
1430 335 1577 433 dem
1424 441 2664 617 Pedermaus-Glossen
1366 678 1715 788 Friedl Czepa
1488 747 2303 841 stehl anläßlich ihres Filmdebüts jetzt
1485 808 2309 883 auch im Mittelpunkt des Wiener
1482 861 2306 922 Thea erinteresses. Die junge Schau¬
1490 906 2300 967 spielerin hat in wenigen Jahren ihren
1498 949 2303 1019 Weg gemacht, ohne sonderlichen Aus¬
1483 1007 2314 1074 wand und ohne sonderliche Begabung
1483 1048 2322 1131 aufandere Art als die ihrer Leistung
1496 1100 2313 1161 und zurückhaltenden Menschlichkeit
1497 1144 2303 1220 aufzufallen Frau Czepas erster großer
1503 1193 2295 1258 Josefstädter Erfolg war die „Schla¬
1507 1251 2297 1312 gerenitzt“ in der „Liebelei“ und der
1503 1285 2293 1352 ebe iso amüsante wie intensive Ein¬
1505 1346 2327 1411 dr ck an Persönlichkeit, Kumor und
1498 1374 2308 1460 un jedingter schauspielerischer Stärke,
1506 1417 2313 1498 ## man hier gewann, hatte wohl
1503 1474 2308 1538 di ppeltes Gewicht neben der unver¬
1506 1526 2302 1589 gßlichen, von tragischen Schatten um¬
1507 1574 2297 1637 dämmerten Christine der Wessely. An
1510 1621 2314 1686 diesem Abend wurde Friedl Czepa ein
1511 1669 2316 1741 kleiner Star echtester Wiener Volks¬
1499 1729 2312 1805 komik, eine Protagonistin jener An¬
1500 1775 2325 1847 mut, deren Witz und Rührung eine
1503 1826 2328 1902 ganze Generation von Dichtern im
1513 1872 2316 1936 Bannkreis der espritvollen Melan¬
1502 1916 2328 2002 cholie Artur Schnitzlers verherrlicht
1508 1981 2313 2048 haben. Die Ezepa ist auch ein leben¬
1500 2029 2326 2084 der Beweis für die Unsterblichkeit
1510 2068 2330 2133 dieses Typus, dessen Poesie durch seine
1510 2120 2322 2195 Urwüchsigkeit um nichts verringert
1498 2180 2331 2234 wird. Die Filmkundigen prophezeien
1513 2222 2312 2284 Friedl Czepa eine durchaus indivi¬
1506 2273 2315 2343 duelle Atelierkarriere. Sie, die apar¬
1508 2321 2322 2393 teste, weil unkoketteste Blondine der
1509 2376 2336 2458 Josefstadt, hat jedenfalls das, was
1507 2429 2322 2486 man gerade heute ein Filmgesicht
1516 2485 2329 2536 nennt, gezeichnet von jener bezaubern¬
1519 2519 2325 2594 den Natürlichkeit, die den Girlkitsch
1518 2560 2327 2634 wohltuend abgelöst hat. Erst vor kur¬
1517 2618 2326 2688 zem hat Frau Czepa in einer Guitry¬
1522 2681 2338 2749 Komödie besonderen Erfolg gehabt,
1516 2712 2329 2780 wiederum den Erfolg ihrer verhal¬
1519 2767 2340 2830 tenen, ein wenig ironischen Kindlich¬
1517 2817 2329 2876 keit, einer liebevollen Pfiffigkeit, die
1520 2867 2343 2941 mit zärtlichstem übermut geschmack¬
1517 2921 2327 2986 voll hauszuhalten versteht. Es ist
1530 2966 2349 3049 selbstverständlich, daß die Kultur¬
1529 3031 2346 3091 atmosphäre der Josefstadt an solch
1530 3062 2339 3147 stilleren Talenten ihre fördernde und
1530 3127 2339 3185 vor allem ihre dämpfende Arbeit übt.
1524 3160 2337 3245 Aber es ist schon keine Kleinigkeit, in
1529 3211 2329 3289 diesem Rahmen aufzufallen und den
1535 3276 2344 3327 unabweisbaren Beweis eigenwilligen
1536 3327 2352 3395 Charms zu liefern. In diesem Sinne
1539 3363 2346 3439 empfindet man die Berufung der jun¬
1539 3422 2335 3493 gen Schauspielerin zum Film als
1538 3463 2336 3543 einen besonders glücklichen Griff und
1542 3514 2348 3595 als eine Huldigung vor jenem Wiener
1542 3562 2340 3642 Wesen, das mit dem abgeklatschten
1534 3616 2345 3686 Heurigenstimmungszauber nichts zu
1538 3677 1751 3744 tun hat.
