3436 4256
409 173 748 245 Liebelei
219 142 1357 287 5.  box 12/7
679 987 943 1074 #u —
731 1067 1669 1145 „Liebelei“, Schauspiel in drei Atten von Artur
645 1112 1655 1196 Sdiesem Werke hat der Verfasser
704 1177 1662 1246 — ein Wiener Arzt, der hiedurch eine Berühmtheit
663 1228 1657 1306 erlangte — einen tüchtigen. Griff in das Alltagsle¬
666 1253 1648 1343 ben getan und Gestalten herausgeholt und so darge¬
673 1311 1660 1388 stellt, wie sie in der Wirklichleit nicht selten zu treffen
674 1362 1640 1443 sind Bei den handelnden Personen sowie der Hand¬
658 1420 1648 1492 lung selbst ist keine Ueberireibung zu bemerken, wo¬
656 1462 1642 1535 durch das Stück sich einen gewissen Vorzug erworben
649 1518 1640 1581 hat. Die Aufführung dieses Schauspiels am 19
664 1555 1648 1638 April in unserem Stadttheater kann als eine durch¬
652 1600 1636 1678 weos gelungene bezeichnet werden. Die als Gast an¬
660 1650 1642 1720 wensende, von früher bestbekannte Annie Rosar
648 1710 1646 1776 war als Christini von überwältigender Tragik. Die
657 1756 1640 1825 glühende Liebe, vermischt mit ein wenig Eifersucht,
650 1795 1644 1873 die ahnungsvolle Bangigkeit vor dem Ereignisse, das
657 1840 1647 1934 sie kommen sah, schließlich das namenlose Leid, das
654 1888 1630 1956 sie durch den Tod ihres im Zweikampf gefallenen Ge¬
647 1942 1631 2021 liebten traf, wurde von ihr mit Vollendung dargestellt.
647 1995 1632 2059 Der Flattergeist Fritz Lobheimer fand in Direktor
962 2041 1077 2097 Sanen
744 2038 961 2100 S
1217 2285 1255 2354 #
497 2306 1572 2423 —„Bozner Nachrichten“, den 22. April 1920
491 2378 1592 2478 genf Bowacz einen glänzenden Vertreter. Gut waren
493 2470 1579 2537 aße Lilly Rapp als Mizzi Schlager, Frida Paul¬
517 2519 1594 2584 ersmann als „gütige Nachkarin“ Katharina Binder,
490 2569 1596 2635 der Heinrich Stromenger als Theodor Kaiser, der
491 2606 1578 2684 ilie vielleicht etwas zu rasch sprach, Hugo Fürst als
504 2654 1593 2731 Da Hans Weiring, und Alfred Gebhardt in der
512 2711 1579 2771 tat Rolle des Genngtnung suchenden Gatten einer im
605 2761 1590 2820 Stücke nicht auftretenden Frau. Annie Rosar wurde
507 2763 594 2826 nit
517 2812 1576 2875 sich nach jedem Aktschluß mit großem Beifall ausgezeich¬
604 2854 697 2915 net.
499 2869 590 2928 ach
1344 2907 1458 2984 —
513 2920 596 2971 en
507 2954 609 3035 in¬
779 2958 1399 3045 Tagesnenigkeiten.
2132 1109 2612 1195 Theaternachricht.
1902 1169 2922 1236 Freitag, den 30) geht als letzte Vorstellung
1814 1207 2910 1303 der heurigen Spielest Gerhart Hauptmann's fünf¬
1831 1258 2909 1359 aktiges Schauspief „Ryse Berndt“ in Serie „braun“
1828 1329 2052 1390 in Szene.
1917 1346 2746 1428 Samstag, den A. Mai: Geschlossen.
2927 1378 2997 1451 8
1911 1418 2917 1505 Sonntag, den L. Mai, nachm. 3 Uhr, Kin¬
1822 1473 2148 1544 dervorstellung.
1914 1497 2977 1581 Abends 8 Uhrkwird zum Ehrenabend des Frl. #
1819 1569 2921 1620 Sonik Rainer uns des Herrn Friedrich Rosen¬
1810 1615 2925 1690 tal das dreiaktige Liebesdrama von Mar Halbe
1813 1668 2922 1731 „Jugend“ aufgeführt. Der Vorverkauf für diese
1822 1715 2925 1773 Vorstellung beginnt Donnerstag, den 29. d. M.,
1823 1763 2942 1830 ab .10 Uhr vormittags, an der Tageskasse im
1823 1814 2194 1889 Theatergebäude.
1898 1882 2918 1968 Liebelei. Schauspiel in drei Akten von Arthur
1815 1948 2917 2013 Schnitzler. (Ehrenabend der Damen Emmy Frank und
1819 2000 2927 2069 Bertl Rälmann.) Die Schicksäle zweier Mädchen wer¬
1829 2048 2924 2117 den uns vorgeführt; das eine mit ihrer ernsten Veran¬
1822 2098 2931 2157 lagung, ihrem tiefen Gemüt, ihrer idealen Auffassung
1816 2167 2933 2211 von Liebe und Leben bricht bei der ersten Enttäuschung
1817 2215 2926 2265 zusammen und, da sie sonst nirgends einen Halt findet,
1826 2263 2922 2310 scheidet sie freiwillig aus dem Leben: Das andere,
1818 2300 2927 2350 lebenslustig und lebensfroh, mit einer leichten und seichten
1814 2347 2932 2419 Lebensauffassung — der Typus des Wiener sußen
1820 2412 2926 2458 Mädels — setzte sich über derartige Enttäuschungen
1825 2439 2928 2509 im Strudel des Großstadtlebens leicht hinweg und findet
1824 2485 2940 2554 bald einen Ersatz, der sie über den Verlust tröstet. Dies:
1825 2555 2937 2608 beiden Gestalten wurden von Frl. Emmy Frank (als
1827 2594 2923 2664 Christine Weiring) und Frl. Bertl Raimann (als
1829 2640 2935 2714 Mizzi Schlager) richtig und mit großem Verstähdnts
1825 2695 2929 2747 dargestellt. Frl. Emmy Frank war mit Leib und Seele
1825 2743 2923 2802 beim Spiel; die Leidenschaft der Liebe, deren Freuden
1816 2794 2929 2862 und Qualen; der Schmerz der Entäuschung, die Ver¬
1820 2840 2931 2908 zweiflung — all das kam bei ihrem Spiele in meister¬
1825 2901 2921 2952 hafter Weise zur Geltung. Frl. Bertl Raimann, Frl.
1828 2941 2932 2993 Adele Merker gaben die Wiener Typen sehr naturgetreu
1825 2987 2937 3043 wieder. H. Fe. Jores, H. Karl Bodan, H. F. Rosen¬
1814 3039 2936 3103 thal und H. Othmar Lukaes standen alle auf der Höhe:
1819 3086 2934 3171 es war für alle Zuschauer ein Abend voll anregendstem
1810 3145 2079 3214 Kunstgenuß.
2948 1832 3045 1937 2
