3248 4320
940 133 1380 240 box 10/1
244 135 819 236 5. Liebelei
427 190 958 270 MLEBETET
3156 1084 3256 1166 ##sch¬
1771 1115 2057 1203 scheine u#
268 1114 1752 1201 mit den in Wien zur Herrschaft gelangten Anschanungen einstigen demettunschen,
2921 1129 3262 1202 n Volkes aufrecht
267 1202 3264 1262 wird in dauernden Widerspruch setzen können, ohne Partei ein Reinigungs= und Läuterungsprozeß bevor erhalten werden möchte,“ als auf die Deutschnationalen
273 1240 3263 1294 Schaden an seiner öffentlichen Bedeutung zu erleiden. zustehen, je schneller, je gründlicher, desto besser. Die gerichtet hinzustellen, ist einfach frivol. Daß Dr. Titta
278 1296 3264 1348 Und er wird nicht der letzte Verein, nicht die letzte geplante Reorganisirung der Partei wird hiezu die der Partei nicht angehört, die die „Bohemia“ vertritt, weif
2269 1308 3261 1358 diese wohl auch! Im Uebrigen kennzeichnen die der „Ab
272 1348 3258 1389 Stätte deutscher Gesittungspflege sein, die den natio= beste Gelegenheit bieten. Die Reorganisirung wird an wehr“ entnommenen Schlußworte des Artikels diese
270 1376 3263 1440 nalen Läuterungsprozeß wird durchmachen müssen, Haupt und Gliedern stattfinden müssen, vor Allem ehrenwerthe Blatt hinlänglich! Es schreibt: „Dil
1663 1409 2137 1498 S
2599 1419 2828 1496 —
2265 1470 3265 1529 Manne fernzuhalten. Das könnte der Wirklichkeit un
279 1471 2285 1534 Geheimniß, das sie so muhevoll verborgen hat, offen am wenigstens zu argwöhnen, und wenn sie vor Schmerz über
2269 1518 3254 1580 Wahrheit entsprechen und böte zugleich eine befriedigend
1271 1516 2288 1585 ihre unglückliche Liebe zum Dritten in den Polster ge¬
274 1523 1296 1588 Tage liegt. Nun das Recht ihrer Seele durch seine Fragen
2275 1569 3264 1624 Sühne. Was aber Giacosa seine Heldin v.ülbringen läßt
1286 1575 2286 1623 bissen hat, habe er — o größter aller Greuel! — ge¬
273 1574 1291 1644 einmal verletzt ist, geschehe, was da wolle. Aug' um
2277 1614 3265 1684 ist nichts Anderes als blind knallender Theatereffekt, de
1283 1612 2283 1672 schlafen. Ja wohl, geschlafen. So ein Murmelthier!
269 1615 1287 1677 Aug', Recht um Recht! — „Ja! Ich liebte Ludwig,“
2281 1666 3254 1740 um seiner selbst willen die Unwahrheit in Bahrheit „um
1280 1671 2283 1719 Uebrigens unter uns gefragt: Ja, was hätte denn der
273 1664 1284 1732 donnert sie dem verblüfften Manne entgegen, „und ich
2279 1710 2480 1781 werthet“.
1281 1722 2284 1779 gute Mann, der seine Frau aufrichtig liebte und von ihr durch
272 1712 1290 1781 liebe ihn noch, und ich habe Keinen außer ihm geliebt,
1280 1766 2290 1821 fünf Jahre hindurch in dem Glauben gelassen wurde,
2315 1750 3263 1820 Frau Hohenfels spielte die „unverstandene“ Frai
271 1760 1252 1832 und ich empfinde nun die Reue meiner Tugend! ...“
2279 1796 3256 1866 mit dem ganzen Zauber ihrer Individualität und bracht
325 1817 2286 1875 Bis hieher konnte man dem Schauspiele Giacosa's daß seine Liebe erwidert werde, ja, was hätte er denn
1287 1853 2283 1921 eigentlich thun sollen? — Argwöhnen, eifersüchtig sein
2285 1853 3262 1915 das Kunststück zu Wege, Unmögliches mit dem Scheine de
275 1853 1300 1919 ohne prinzipiellen Widerspruch folgen. Das Verfahren,
2277 1906 3262 1966 Möglichkeit zu umgürten. Sie verwandelte weibliche Frech
1287 1916 2286 1972 und zu nachtschlafender Zeit wachen und seine Frau mit
282 1911 1296 1963 wie der Dichter in dem. Gatten den Verdacht aufkeimen
1280 1951 3264 2025 Verdächtigungen und Anschuldigungen quälen! — Nicht heit in weibliche Hoheit, Seelengemeinhett in Seelen
274 1957 1299 2033 und nach und nach festere Formen annehmen läßt und
1296 2002 3257 2065 wahr? — Zugegeben, er würde das gethan und so denadel. Ihr gegenüber mußte der Gatte, ien man vo
273 2002 1295 2081 wie die Frau zum Geständniß gebracht wird, ist sogar
1285 2050 3264 2113 platonischen Ehebruch seiner Frau noch vor dem Tode Herrn Hartmann darstellen, ließ, im Unrecht bleiber
276 2049 1298 2117 äußerst spannend und fesselnd gemacht und weist eine
275 2095 3258 2174 Fülle feiner psychologischer Züge auf. Was aber nun Ludwig's entdeckt haben. Bleibt immer nach die Frage: Halbwegs ausgleichen hätte das eheliche Vexir= und G
2279 2154 3256 2208 duldspiel vielleicht Herr Mitterwurzer könner
1288 2142 2305 2209 Hätte das in Wirklichkeit die Sache um ein Jota besser
275 2152 1300 2206 folgt, schlägt dem Faß den Boden aus. Daß die Frau
2286 2194 3263 2257 Seine Kunst sparte man aber für eine Rolle von kauf
1284 2197 2291 2262 gemacht und das Unglück seiner Frau hintangehalten
278 2200 1296 2262 über ihre Tugend Reue empfindet, mag unter den ge¬
1289 2252 2291 2301 oder vermindert? O Dichterlogik, Weiberlogik! Wo also
2284 2237 3232 2322 zehn Worten auf, um eine entscheidende Szene
279 2245 1300 2325 schilderten Vechältnissen — Ludwig ist viel schöner,
1295 2279 2291 2357 liegt die Schulb? Wir dächten, auf Seite der Frau. Sie
2286 2289 3252 2358 „Liebelei“ vor lächerlicher Wirkung zu bewahren. S
278 2302 1296 2361 männlicher und geistvoller als ihr Mann — nur allzu
2292 2334 3255 2400 mußte sich denn der platonisch gehörnte Ehemann Giocosa
1293 2348 2289 2404 gesteht ja selbst, daß sie nie jemand Anderen als den
284 2338 1295 2399 wahr sein; daß sie es ihrem Manne so unverblümt in's
2278 2385 3263 2463 die Seiltänzermanieren des Herrn Hartmann gesale
1296 2393 2291 2449 Todten geliebt hat. Dann, zum Kukuk, was hat sie denn
276 2399 1298 2457 Gesicht sagt, ist allerdings schon weniger wahrscheinlich.
274 2440 2287 2521 Daß sie ihm aber, wenn auch von seiner Art Zwölfe auf bewogen, just jenen ungeliebten Mann zu heiraten?
2278 2441 2441 2515 lassen.
1294 2472 2312 2553 War's nicht aus Liebe, so geschah's der „goldenen Berge“
2326 2462 3266 2561 Und nun zu dem zweiten „Veristen", zu Arthi
284 2496 1299 2551 ein Dutzend gehen, obendrein noch eine Moralpauke hält
2289 2537 3255 2590 [Schnitzler. Seine „wienerische“ Komödic „Liebele
1301 2514 2289 2599 wegen. Eine andere Möglichkeit liegt nicht vor. Dann
282 2532 1304 2605 und statt für diese Frechheit aus dem Hause geworfen
1298 2587 2297 2644 aber ist sie — wenigstens nach den ewigen Gesetzen un¬
2283 2576 3257 2649 folgt den Spuren seines vor zwei Jahren im Deutsche
273 2590 1307 2660 zu werden, als moralische Heldin und Siegerin hervor¬
1302 2629 2290 2685 umstößlicher Sittlichkeit — eine Dirne, welche die Rechte
2288 2625 3262 2690 Volkstheater durchgefallenen „Märchens“, das heißt, de
283 2643 1301 2708 geht, das erzähle der „Verist“ Giacosa — wie der Wiener
1291 2685 2294 2733 ihrer Seele mit den Rechten ihres Körpers verkauft hat.
2294 2669 3257 2736 Spuren der Pariser Grisetten=Schilderer, insonderhe
283 2684 1302 2749 sagt — der Frau Blaschke. Man höre nur einmal. Nach
2292 2721 3266 2788 jenen Murger's. Nicht Liebe, sondern Liebelei soll uns
1304 2730 2300 2791 Statt aufzubegehren, stünde es ihr viel besser an,
292 2732 1307 2790 der heldenhaft aufgedonnerten Vertheidigungsrede, die
2291 2756 3254 2835 ihren Licht= und Schattenseiten vorgeführt werden, je
280 2777 2304 2852 der Dichter seiner „unverstandenen“ Frau in den Mund schweigend ihr Schiasal zu ertragen und zuzusehen, wie
2285 2794 3262 2882 sorglose Wiener Liehelei, für welche die männliche We
287 2823 2304 2892 legt, träfe einzig und allein den armen Mann die es möglich wäre, das Unglück, das sie durch eigene
288 2866 3263 2966 Schuld: er sei blind gewesen, er habe nie verstanden, Schuld sich selber aufgehalst hat, von ihrem schuldlosen ihren weiblichen Opfern gegenüber sich die bequeme Rech
