3392 4224
319 148 646 216 Liebele
271 136 1260 250 box 13/1
257 700 1153 834 DOBSERVERC
382 803 1049 867 I. österr. behördl. konzessioniertes
312 845 1099 914 Unternehmen für Zeitungs-Ausschnitte
377 888 1051 987 WIEN, I., WOLLZELE 11
485 952 963 1024 TELEPHON R-23-0-43
286 1105 648 1183 Ausschnitt aus:
213 1343 1089 1539 r veteserenen
948 1423 1081 1517 075
673 1456 994 1560 □DE
241 1533 972 1600 sik durchwoben. (Außer Abonnement.)
497 1603 988 1671 Schnitzler=Gedächtnisfeier.
259 1635 1254 1715 „Liebelei“, Schauspiel in drei Akten von Arthur
255 1700 1253 1756 Schnitzler. Erstaufführung im Stadttheater am 3. De¬
242 1746 402 1797 zember.
282 1759 1242 1848 Ein kleiner (aber gewählter) Kreischut sich Donners¬
239 1827 1250 1885 tag zur Schnitzler=Gedächtnisfeier im Städttheater ein¬
242 1869 1243 1946 gefunden. Es war still im Theater. — und dem war
237 1918 400 1977 gut so.
277 1923 1252 2014 „Liebelei“ hat Schnitzler als junger Dichter geschtie¬
237 1964 1261 2057 ben. Ein für sein Schaffen typisches Werk. In Wiener
236 2038 1251 2105 Mundart werden unendlich viel liebe, kluge und ge¬
235 2078 1249 2147 mütliche Sachen gesagt (Gisela Zidek spielte Mizi
228 2124 1261 2187 Schlager mit wunderbar echtem, frohem, gesundem Wie¬
234 2171 1259 2230 nertum), doch zwischen all dem schleicht der Dämon hin¬
239 2208 1253 2272 durch; auch in Wienerdialekt (denn Schnitzler ist ein
241 2261 1255 2316 Moderner trotz allem); der Dämon, der seine Opfer
230 2299 1249 2350 nicht los läßt, auch wenn sie der beste Freund zu be¬
230 2341 1259 2406 freien sucht (Hans Rathausky als Theodor, bis
233 2384 1255 2438 auf die Schlußszene ganz auf der Höhe seiner Aufgabe):
236 2436 1258 2484 auch das rettende Abenteuer wird zur Liebestragödie.
232 2476 1255 2530 Fritz fällt im Duell, das bei Schnitzler so häufig wieder¬
236 2513 1245 2564 kehrt. (Vasa Hochmann spielte den vom Dämon
229 2569 1257 2617 Gezeichneten mit der ungekünstelten, natürlichen
237 2601 1258 2667 Schwere, die in Schnitzlers Werken atmet, aber auch
235 2643 1248 2695 mit Weichheit und Klang) und sein Mädchen, das keinen
236 2686 1247 2733 andern mehr lieben zu können glaubt, entringt sich den
242 2727 1253 2789 Armen ihres Vaters, um nie wieder zurückzukehren.
243 2774 1258 2835 (Erika Zika, gut, in ihrer Hauptszene jedoch ein
248 2822 1254 2875 wenig kalt.) Und der Vater (Fritz Bois, wunderbar
242 2864 1249 2919 tief erfaßt) bricht zusammen, so wie der alte Schnitzler
248 2904 1260 2949 zusammengebrochen ist nach dem Tod seiner vor der
247 2955 1247 3008 Vermählung stehenden Tochter; Schnitzler hat „Lie¬
249 2988 903 3048 belei“ als ein Junger geschrieben!
270 3026 1257 3088 Die Aufführung zeigte unser Ensemble auf der Höhe
251 3077 1258 3140 seines Könnens. Johannes Steiner ließ uns das
252 3119 1251 3177 Stück in der Zeit seines Entstehens schauen: (sie liegt
249 3158 1245 3211 nun bald 40 Jahre zurück); und doch (das wird Schnitz¬
251 3203 1246 3252 lers Werk unsterblich machen solang wahre Künstler
248 3250 1250 3302 sich um dasselbe bemühen) wirkte es nah und ergrei¬
255 3290 1248 3343 fend; denn das Duell, die Sprache und die Kleider, die
244 3329 1245 3384 in unsere Zeit nicht mehr ganz hineinpassen, verschwin¬
247 3375 1244 3422 den vor unserem Auge; es bleibt nur das Hin und
252 3416 1251 3495 Her zwi##h Liebe und Leid — ewig und unvergäng¬
251 3464 366 3524 lich!
271 3487 1248 3558 He. prof. Wiegand aus Zürich sprach einleitend
245 3547 1246 3604 schöne Jorte über das alte Wien (denn Schnitzler ge¬
242 3591 1249 3636 hört nicht unserm Wien, dem Wien der Nachkriegs¬
236 3650 1256 3691 zeit an, obwohl er seine Menschen aus den Massen sich
235 3676 1247 3728 herausgreift) und über den Dichter, Arzt und Men¬
241 3716 1255 3779 schen Schnitzler und über sein so umfangreiches Werk.
1953 265 2837 371 JOBSERVERG
2056 360 2737 415 I. österr. behördl. konzessioniertes
2017 400 2779 460 Unternehmen für Zeitungs-Ausschnitte
2075 456 2737 524 WIEN, I., WOLLZEILE 11
2164 510 2647 569 TELEPHON R-23-0-43
1978 638 2333 717 Ausschnitt aus:
1891 865 2255 939 ait du Journal:
2127 855 2771 1032 Schpriaen Wra Pren
2606 940 2742 1021 EIE
1900 956 2039 1039 1as0:
2128 1102 2474 1213 6—0
1982 1270 2819 1358 Arthur Schnitzlers Ehrung
2225 1338 2547 1411 in Baden.
1932 1394 2882 1490 Unser Kurtheater ist aus St. Gallen gekommen,
1902 1456 2892 1534 um Arthur Schnitzlers „Liebelei“ zu geben. Ein
1905 1518 2881 1580 schöner Gedanke von Direktor Schmid=Bloß, den
1902 1556 2880 1637 wir ja nun an das Zürcher Stadttheäter hinauf¬
1919 1608 2882 1676 verlieren: er läßt einen unserer besten, kraftvoll¬
1912 1651 2894 1718 sten, seelenfeinsten Dichter, Huga von Hoffmanns¬
1920 1702 2891 1772 thal in robuster Form, Carl Friedrich Wie¬
1908 1744 2893 1827 gand, Schnitzlers Gedächtnisrede halten. Wenn
1904 1803 2899 1881 sie so in Wien am Grabe des Dichters gesprochen
1916 1854 2889 1917 haben, dann hat dieser Dramatiker der unüber¬
1910 1904 2893 1970 troffenen Beobachtungsschärfe, dieser Meister der
1920 1949 2894 2024 konzentrierten Handlung, in der es ganz wie in
1914 1997 2901 2065 jenem seligen Wien der Jahrhundertwende weint!
1919 2038 2895 2118 und lacht, seine gutoerstandene Würdigung erhal¬
1923 2090 2904 2164 ten. Jene Jahre, die bis an den Krieg reichen
1949 2149 2890 2210 — der Schreibende amtete damals als Redakteur
1919 2198 2905 2270 in Wien — gaben alles, was an Gefühlsüber¬
1927 2246 2890 2316 schwang möglich war. Ein Stück war der Ju¬
1921 2301 2903 2364 gend von München gegeben worden: das war
1918 2352 2888 2415 eine Dosis Frank Wedekind. Aber der alle, gol¬
1915 2402 2890 2470 dene Schlendrian, das wundervoll Leichtsinnig¬
1915 2452 2891 2515 Schwermütige, das eben jenem alten Wien zu ei¬
1920 2493 2901 2554 gn war, das Resultat der Kreuzung von germa¬
1922 2540 2890 2616 nischem mit böhmischem Element, das schuf Ty¬
1918 2564 2910 2654 pen, wie sie Schnitzler, ein Arzt und Menschen¬
1920 2648 2916 2700 kenner, ein Satiriker mit blutendem Herzen, zu#
1919 2689 2906 2755 zeichnen verstand. So ist das Leben! könnte man
1929 2750 2904 2805 über seine „Liebelei“ schreiben, mehr als über
1919 2795 2900 2853 alle Schöpfungen Wedekinds fast. Und was sagte
1916 2850 2904 2904 der wortgewandte, wundersam sprachschöpfende
1925 2887 2916 2949 Dichter gestern abend: zwischen der Handel=Ma¬
1925 2946 2899 2994 zeni und der Ebner=Eschenbach drin liegt etwa
1930 2970 2913 3062 die Kunst Schnitzlers. So ist es. Wer sprach von
1933 3019 2910 3095 Frivolität? Wer versuchte den Dichter des Prof.
1920 3088 2897 3141 Bernhardi, weil er ein Jude war, in politisch¬
1933 3125 2906 3199 konfessionelles Nebengeleise zu schieben? Aber¬
1935 3183 2896 3249 wille und Unverstand allein nur konnte ihm sol¬
1925 3223 2906 3299 ches Unrecht antun. In der Darstellung Carl
1932 3287 2907 3342 Friedrich Wiegands, der in seinem inhaltlich und
1941 3340 2909 3405 formeil gleich packenden Vortrage den Dichter
1937 3380 2906 3448 aus allem Mißverstehen in die Höhe wahren und
1931 3404 2912 3497 verdienten Geltungslichtes hob, traten wir dem
1936 3494 2906 3542 wahren Schnitzler gegenüber, dem besten Zeich¬
1936 3537 2564 3606 ner einer Zeit, die erloschen ist.
1964 3569 2907 3654 Wie sollte die „Liebelei“ nicht verstanden wor¬
1928 3645 2908 3685 den sein, nachdem der Dichter in seinem inner¬
1935 3674 2910 3744 isten Fühlen lebendig vor uns hingestellt worden
1941 3723 2909 3779 war? Vier junge Leute: zwei golden=leichtsinnig,
1941 3778 2915 3845 inaive Kinder der hemmungslosen Lebensfreude,
1940 3828 2903 3898 seine Gestalt von einer melancholischen Art tiefer
1938 3874 2899 3953 schürfender Problematik und daneben das lichte,
1937 3923 2904 3983 reine wundervolle Kind der guten alten Zeit:
1943 3971 2906 4037 hausbacken, aber in seiner Seelengröße immer
1946 4010 2911 4083 bewundernswert, Superlativ aller Treubegriffe,
