3436 4352
374 120 658 199 Liebel
873 112 1350 224 box 10/1
216 119 884 238 5. LIeLSIei
1704 1159 2741 1288 soll die Regierung dem niederösterreichischen eine
947 1215 1697 1310 sormitel Einer, der seine ruhigen
1703 1237 2742 1326 Gesetzesvorlage machen, welche ihr durch eine Ab¬
652 1234 863 1321 Rutdes
436 1260 647 1331 Gen
653 1269 1706 1375 Sinne beisammen hat, einen solchen Satz? Wenn
1707 1290 2740 1365 änderung des Wiener Gemeindestatuts die Mög¬
143 1296 667 1397 s geschah. Man braucht
656 1322 1708 1412 Jemand von tiefer Religiosität erfüllt ist, wird er in
138 1361 671 1438 artung zu knüpfen, daß
1697 1389 2743 1474 die Situation herbeiführt, und die Krise, durch
668 1411 1700 1521 im verwahrlosten Hause. Die verwilderten Buben
1697 1433 2748 1511 welche sie aufgelöst wird. Nur diese letztere ereignet
671 1467 1700 1558 werden sauber und brav, die Felder gedeihen und
1704 1472 2743 1575 sich vor unseren Augen und bildet die Handlung des
676 1518 1701 1619 die Kühe im Stall, ein Segen liegt auf Allem,
133 1515 424 1621 fleton.
1706 1536 2748 1618 Schauspieles, die der Natur der Sache nach nur
672 1566 1705 1656 was ihre Hand berührt. Der Bauer empfindet ein
1701 1584 2756 1654 eine innerliche, seelische sein konnte. Das Ziel, dem
673 1619 1702 1698 Glück, von dessen Möglichteit er vorher nichts ge¬
1707 1624 2759 1725 Sudermann zustrebt, ist, daß Elisabeth mit dem.
130 1668 318 1766 heater.
670 1666 1707 1765 wußt und geahnt hat. Er fühlt der doch, daß er
1699 1683 2750 1755 engen Lebenskreise, dem „Winkel“ in den das
665 1726 1703 1798 ein Wesen im Hause hat, das nicht in seine Welt
1708 1725 2755 1826 Schicksal sie verschlagen hat, seelisch verwachse.
137 1740 667 1828 n Sinne des Wortes, in
677 1765 1711 1844 hineingehört. Die Gattin ist ihm wie ein Gast, der
1710 1772 2755 1852 Ein Acelimatisationsproceß also, wie ihn Henrik
162 1806 662 1884 f äußerlich und innerlich
679 1810 1714 1902 über Nacht entschwinden kann. Und schließlich läßt
1718 1826 2753 1915 Ibsen in der „Frau vom Meere“ geschildert hat,
143 1851 670 1930 bezeichnet, als Ehefrau
680 1865 1712 1954 denn auch die Sage das salige Fräulein in
1707 1880 2759 1957 die nicht ohne Einwirkung auf Sudermann's Phan¬
144 1897 661 1987 Schulmeisters, als Stief¬
684 1914 1709 2007 Folge einer geheimnißvollen Botschaft in die Welt
1716 1930 2766 2015 tasie geblieben zu sein scheint. Nicht nur die Fabel, auch
149 1950 669 2025 s erster Che, das ist die
679 1964 1589 2063 zurückkehren, welcher sie eigentlich angehört.
1715 1964 2760 2066 gewisse widerliche Details der ausführlichen Frauen¬
161 2000 669 2073 Herpzann Sudermann's
772 1993 1716 2092 Elisabeth's Lage im Hause des Schulrectors
1717 2013 2762 2099 psychologie Ibsen's lassen eine solche Anregung ver¬
174 2049 671 2130 Glück im Winkel“ aus¬
672 2058 1711 2142 Wiedemann ist eine ähnliche. Ihre ganze Natur,
1728 2079 2776 2160 muthen. Doch ist das Problem aus der phantastischen
136 2103 673 2170 kerer, edlerer Race, einer
676 2100 1718 2192 ihre Schönheit, ihre Art zu sprechen und sich zu
1726 2118 2757 2199 Sphäre Ibsen's, in welcher sich Elemente physiolo¬
136 2133 683 2222 die seinem Wesen wider¬
683 2153 1720 2246 bewegen, der leichte, sichere, damenhafte Ton. mit
1720 2159 2760 2261 gischer Wirklichkeit mit mystischen Motiven zu eigen¬
130 2195 681 2279 sage kennt dieses Motiv.
686 2200 1719 2293 welchem sie den Vorgesetzten ihres Mannes begegnet,
1729 2208 2761 2288 artiger Trübe vermischen, in das Alltagslicht der
132 2239 683 2319 richtet von den „saligen
687 2251 1719 2341 Alles sagt, daß sie in eine Umgebung gerathen ist,
1728 2252 2761 2346 philiströsen Wirklichkeit versetzt. Schon bei Beginn
129 2292 679 2374 ichen Wesen mit langem,
688 2292 1723 2394 für welche sie nicht geschaffen ist. Auch der Rector
1723 2309 2768 2419 des Stückes hat Elisabeth's Gemüth in dem
135 2341 679 2416 und von unvergleichlicher
678 2342 1726 2445 fühlt, daß er sie nicht eigentlich besitzt, daß sie nur
1730 2359 2766 2452 Winkel, in welchen sie verpflanzt ist, zarte Wurzeln
141 2392 678 2472 z geht von ihnen aus, der
683 2389 1734 2490 in seinem Hause lebt und die Pflichten seiner Frau
1730 2406 2775 2508 geschlagen. Sie empfindet ihre Nothwendigkeit in
139 2433 686 2518 und wie ein Sonnenblick
681 2441 1727 2542 und der Mutter seiner Kinder treulich versieht.
1734 2459 2777 2545 diesem Hause, für den Rector und für dessen
148 2488 689 2557 den sie betreten. Meistens
699 2487 1731 2589 Gleichwohl geht Glück und Helle von ihr aus. Es
1741 2493 2774 2600 Kinder, namentlich für die blinde Helene, die mit
121 2538 682 2612 Kiuleins hübsch unter ihres¬
693 2540 1732 2640 verdrießt sie, daß alle Welt laut und leife mit
1738 2564 2773 2647 Zärtlichkeit an der Stiefmu##er hängt. Das end¬
138 2580 695 2662 er doch vor, daß sich ein
702 2582 1740 2676 Erstaunen fragt: durch welches Wunder ist diese
1740 2593 2773 2696 giltige Verwachsen Elisabeth mit ihrem Zustand
125 2626 698 2716 lich, um sich vor einem Ver¬
704 2631 1733 2732 Frau in das Haus des Schulmeisters gekommen?
1750 2663 2779 2739 führt Sudermann dadurch herbei, daß in ihrem
144 2682 687 2755 retten, mit einem Sterb¬
700 2683 1736 2767 Sie gibt sich Mühe, sich in ihren Zustand zu finden,
1742 2697 2774 2774 Leben derjenige Mann wieder erscheint, der sie
126 2732 695 2818 d dann etwa die Ehefrau
703 2746 1427 2839 der ihr wenigstens Ruhe verheißt.
1744 2735 2780 2823 vor drei Jahren gezwungen hat, sich vor seiner
127 2768 703 2854 in Weib gestorben ist und
796 2764 1747 2865 Aus dieser Situation hat Sudermann sein
132 2826 695 2900 finder verkümmern und ver¬
135 2794 2796 2959 fritt wird es licht und schön Schauspiel herausgewickelt. Die Vorgeschichte, welche leidenschaftlichen Werbung und vor sich selbst in
