3484 4320
433 234 785 305 Liebele
259 219 1419 336 3— box 10/4
772 714 1491 826 Diereret.
582 803 1676 885 Schauspiel in drei Akten von Arthur Schnitzler.
528 924 1729 989 Aufführung im Stadt=Theater zu Königsberg, den
866 979 1391 1065 28. September 1896.
572 1084 1763 1169 Ueber die beifällige Aufnahme des äußerst interessanten
494 1154 1291 1219 Stückes schreibt die dortige Presse wie folgt:
857 1191 1406 1275 „Ostpreußische Zeitung“.
579 1255 1756 1315 Einen starken Erfolg erzielte Schnitzler's dreiaktiges Schauspiel
502 1299 1761 1358 „Liebelei“. Die Schriftsteller lieben es jetzt, mit einem Quentchen
494 1341 1757 1406 Handlung zufrieden zu sein, sie legen nur noch Werth auf Stimmung
502 1383 1758 1436 und auf die genaueste Schilderung der Seelenzustände und der
500 1408 1752 1471 Empfindungen, die in der Menschenorust wohnen. In „Liebelei“
500 1451 1764 1508 handelt es sich um zwei Menschenleben und doch ist der Gang der Hand¬
502 1500 1759 1544 lung dürftig und einfach. (Folgt Handlung.) Es ist eine Geschichte,
500 1534 1764 1583 die man aus dem Polizeiberichte der großstädtischen Zeitungen beinahe
504 1580 1762 1630 allläglich herauslesen kann. Aber der Dichter hat mit scharferBe¬
494 1609 1762 1669 obachtung und feiner Empfindungskraft ein fesselndes, gedankenreiches
498 1653 1766 1718 Schauspiel geschaffen. Der Stoff ist heikel und delikat, ist aber, fab¬
497 1689 1773 1742 gesehen von dem sehr pikanten, die „freie Liebe“ allzu eindringlich
497 1722 1767 1790 schildernden ersten Akte mit äußerster Decenz und mit sichtlichem Ernste
496 1765 1772 1825 behandelt, so daß wohl nur verdorbenen oder befangenen Gemüthern
497 1807 1767 1849 der Gedanke kommen könnte, daß das Stück unsittliche Tendenzen habe.
496 1844 1766 1894 Doch er hat es gewollt und wir werden, in der Hoffnung, ihn bald bei
500 1881 1777 1933 der Lösing edlerer Aufgaben zu finden, nicht mit ihm rechten, sondern
508 1917 1773 1973 freudig in den allgemeinen Beifall mit einstimmen, weil ein Poct, der
499 1970 1139 2038 etwas zu sagen hat, zu uns redet.
769 2015 1502 2091 „Königsberger Allgem. Zeitung:
579 2069 1767 2132 Wie sich neben der duftberauschenden Königin der Blumen draußen
500 2120 1770 2173 am Wege, wild und Wanderergunst erbettelnd, die Heckenrose entfaltet,
509 2154 1776 2220 so blüht neben dem Purpurkelche wahrer Liebe die blasse Blüthe selbst¬
891 2200 1778 2247 jene Eintagsliebe, die oft Monate, Jahre über¬
516 2206 870 2260 süchtiger Neigung —
500 2232 1779 2282 dauert, aber doch jeden Tag welken und verwesen kann. Die Sänger
496 2275 1773 2325 der hohen Minne, vom Giganten Shakespeare bis zum Zwergengeschlecht
504 2316 1774 2362 der Auch=Dichter, sind nicht zu zählen; nun hat aber auch jene minder¬
512 2353 1775 2404 werthe Gefühlsblume, die „Liebelei“ in Arthur Schnitzler ihren
503 2394 1774 2438 Dichter gefunden. Sein Drama ist kein gedankenstrotzenden, kein sensa¬
495 2431 1769 2494 tionelles, kein „spannendes“ Stück, aber es bestrickt durch seine schlichte
500 2459 1778 2529 Wahrheit und die Starte der Empfindung, inn der die Persönlichkeit
505 2500 1775 2557 seines Schöpfers zu uns spricht. Er ist ein Quellenfinder, der den unter
509 2545 1780 2606 der Alltäglichkeit rauschenden Strom lebendiger Poesie ans Licht zu
500 2586 1776 2633 zaubern und auf seine Mühle zu leiten weiß; er verwandelt das Ge¬
501 2617 1784 2662 wöhnliche und Selbstverständliche in feinen Stimmungsgehalt, und wo
498 2664 1778 2723 seine Kunst nichts zu stellen und zu arrangiren findet, läßt er den
505 2694 1779 2748 rührendsten und bewegendsten Naturlaut für sich selber sprechen. Un¬
515 2729 1783 2783 gemein glücklich, prickelnd und anregend setzt gleich der erste Akt ein,
515 2774 1787 2834 der auch an innerem Werthe und dramatischer Lebendigkeit entschieden
507 2819 1781 2868 der erste ist. Dieses famose Nachtmal in der Garconwohnung, bei dem
503 2851 1787 2894 das Menu Nebensache und die Poussade und der „Hamur“ die Haupt¬
517 2892 1782 2943 sache sind, ist eine der köstlichsten und flottesten Zeichnungen, die uns
518 2933 1796 2983 die dramatische Kleinmalerei der modernen Schule gebracht hat. Unser
510 2969 1780 3017 Interesse ist so mit eins im Sturme gewonnen. (Folgt Inhalt.)
513 3008 1794 3051 Schnitzler ist ein geborener Poet, wenn auch die Welt, die er beherrscht,
513 3048 1784 3102 nur ein Theil der Welt ist, in der man sich unter der Führung eines
518 3089 1794 3146 Musageten nicht langweilt. Sein Stück — eine der besten Gaben des
510 3119 1791 3176 letzten Theaterjahres — ist die Frucht einer ernsten und modernen Kunst
511 3161 1789 3209 und ist hier wie überall trotz der Bedenken, die unser der zeitgenössischen
520 3202 1780 3253 Litteratur ziemlich abgewandtes Publikum gegen den Stoff hegen mußte,
521 3247 1377 3302 von durchschlagendem Erfolge begleitet worden.
890 3309 1436 3369 „Königsberger Zeitung“:
591 3346 1785 3411 Ich habe bei Schnitzler's Drama fortwährend an Gretchen,
524 3407 1784 3449 Luise, Thekla denken müssen und bin gern bereit, mich von der Klassiker¬
522 3447 1781 3495 zunft steinigen zu lassen, zu deren einseitigen und ausschließlichen
523 3476 1789 3516 Genossen ich, meinen Wissens, mich zu zählen nie die Ehre gehabt habe.
526 3518 1783 3563 Vielmehr habe ich es der litterarischen Orthodoxie stets zum Vorwurf
520 3561 1782 3611 gemacht, daß sie Motive, Verhältnisse und Empfindungen, deren Dar¬
532 3593 1788 3649 stellung sie in der gehobenen klassischen Dichtung bewundert, bei den
517 3629 1782 3687 Neueren mit einer gewissen Hühnerblindheit zu mißkennen und zu ver¬
516 3663 1784 3725 ketzern pflegt. Jede Zeit hat ihren eigenen Inhalt und muß danach
521 3707 1794 3759 streben, ihn in das goldene Gefäß der Poesie zu fassen, wenn sie nicht
531 3748 1794 3804 in der Schabelone verdorren will. Der direkt zum Herzen aller Mit¬
522 3787 1793 3843 welt führende Weg des bürgerlichen Dramas, den Schiller (schon nicht
519 3823 1789 3870 ohne bemerkenswerthe Bahnbrecher) in „Kabale und Liebe“ eingeschlagen
522 3867 1792 3919 hat und den Hebel in seiner „Maria Magdalene“ fortsetzte, ist erst von
518 3912 1789 3960 der jüngsten Dramatikergeneration mit zielbewußter Energie wieder be¬
523 3954 1789 4000 treten werden, und wenn den Jungen auch der Vorwurf der Regel¬
516 3982 1794 4040 losigkeit und Excentricität, ja, der Wüstheit nicht erspart werden kann,
529 4027 1792 4071 so bleibi ihnen doch das unanfechtbare Verdienst, durch kühne Griffe in
530 4068 1788 4122 die tragischen Abgründe des modernen Lebens die Stoffwelt unserer
1773 634 3033 698 Bühne fruchtbar bereichert zu haben. Und eine solche „moderne“
1775 685 3045 739 Tragödie, modern, wie „Kabale und Liebe“ vor hundert Jahren war,
1786 727 3047 786 ist auch Arthur Schnitzler's Dichtung, die Tragödie der Liebelei, die
1770 760 3048 818 unversehends zum Ernst einer großen Herzensliebe emporwächst und
1776 809 3039 856 ihre Priesterin in den Flammen des eigenen Gefühls verzehrt. Und
1783 840 3051 903 dieses leidenschaftlich bewegte Schicksalsbild zeigt sich uns in dem Rahmen
1776 879 3051 945 eines korrekten und haltbaren Theaterstücks, welches sich bei aller Ein¬
1778 922 3051 983 fachheit durch klare und folgerichtige Entwicklung auszeichnet und keinen
1779 953 3045 1026 naturalistischen Schrullen Raum gewährt. Trefflich ist das Milieu des
1779 994 3052 1057 wohlsituirten Garconlebens „mit Damen“ im ersten Akt kolorirt, über
1782 1039 3061 1093 dessen burschikoser, aber nicht anstößiger Gemüthlichkeit schon der Wolken¬
1778 1074 3053 1132 slor böser Ahnungen niederhängt, bis endlich ein scharfer Klingelzug
1779 1117 3053 1176 das Erscheinen des „fremden Herrn“ den Schleier jäh zerreißt. Der
1779 1147 3057 1207 zweite Akt führt uns in die Idylle der Musikerwohnung, zu dem Vater,
1786 1189 3060 1244 der die Tochter so zärtlich schützen möchte und doch weiß, daß die kalte
1785 1230 3048 1290 Tugend allein nicht das Glück des Lebens ausmacht. Die äußere Be¬
1779 1282 3055 1324 wegung der Schnitzler'schen Aktion isi allerdings gering. Die Handlung
1776 1306 3055 1379 vollzieht sich fast ganz innerlich und giebt zu „starken“ Scenen keinen
1789 1344 3057 1410 Anlaß. Die Erfindung scheint eine blaße Abschrift des Lebens zu sein,
1778 1385 3056 1446 dennoch enthüllt sich uns in ihren schlichten Zügen die ordnende Hand
1785 1427 3059 1476 eines Künstlers. Ebenso wird auch die Sprache von dem ungesuchten
1783 1464 3061 1526 Ton des alltäglichen Lebens beherrscht, der sich allerdings in allen ent¬
1784 1499 3065 1570 scheidenden Momenten zu den Naturlauten echtester Empfindung auf¬
1795 1537 3055 1608 schwingt. Und über dem Ganzen weht der weiche Hauch des Wiener¬
1788 1579 3063 1640 thums, des goldenen Leichtsinns und der unendlichen Liebessehnsucht,
1785 1622 3065 1679 die an der schönen blauen Donau leichter als anderswo das Herz zum
1786 1659 3066 1717 Herzen führen. — Der Erfolg des feingetönten Lebensbildes dokumen¬
1785 1691 3065 1753 tirte sich in der gespannten Antheilnahme und in dem lauten Beifall
1785 1750 2091 1817 des Publikums.
2188 1794 2639 1861 „Genel al=Anzeiger“:
1852 1844 3068 1919 Ein zarter, edier Kern in rauher Schale —, das war die Aufführung
1792 1891 3064 1957 der „Liebelei“, die am Sonnabend zum ersten Male über unsere
1790 1925 3061 1991 Bretter ging. Es ist ein dramatisches Stimmungsbild oder, wenn man
1795 1974 3072 2034 will, eine Novelle in dramatischer Form, und der Titel charakterisirt den
1797 2002 3063 2072 ganzen Inhalt. Der in Wien lebende Verfasser giebt einen Ausschnitt
1786 2046 3064 2105 aus dem Wiener Leben in feiner Detailmalerei, und jede einzelne Seene
1788 2081 3071 2149 zeugt von tiefem Empfiuden. Alles ist Stimmung, Schilderung. Der
1790 2130 3072 2186 Liebe Lust, der Liebe Leid führt uns der Verfasser vor Augen. Er
1791 2184 3070 2232 zeigt uns in von Seene zu Seene steigender Spannung, wie eine
1784 2203 3075 2258 bluhende Blume geknickt wird, wie ein leidenschaftliches und mit aller
1795 2235 3074 2305 Hingebung liebendes Mädchenherz gebrochen wird; und jede Scene von
1798 2280 3074 2350 Anfang bis zum Ende ist aus dem Leben gegriffen. So endet die
1793 2320 3074 2390 Liebelei. Es ist eine einfache Geschichte, wie sie in jeder Großstadt zu
1801 2346 3080 2424 finden ist, aber wie Schnitzler den Stoff bühnengerecht bis in dir
1791 2395 3082 2453 kleinsten Details ausgemalt hat, ist ein Meisterstück, und die Direktion
1795 2448 2704 2510 verdient für diese Erwerbung vollste Anerkennung.
1796 2553 3077 2714 Der Herr Director.
1874 2733 2984 2815 Lustspiel in drei Akten von A. Bisson und Carré.
2131 2792 2740 2876 Deutsch von Ferd. Groß.
1824 2908 3043 2985 Aufführung im Residenz=Theater zu Hannover, den
2180 2984 2694 3070 29. September 1896.
1869 3145 3079 3210 Ueber den großen durchschlagenden Erfolg schreiben die dortigen
1803 3190 2141 3256 Blätter wie folgt:
2139 3242 2750 3323 „Hannoversches Tageblatt“:
1869 3279 3084 3346 Am vergangenen Dienstag, den 29. September, begann Friedrich
1795 3346 3084 3393 Mitterwurzer sein Gastspiel. Dasselbe begann in dem Lustspiel „Der
1810 3388 3079 3431 Herr Direktor“ von Allexander Visson und Ferdinand Carré, über¬
1802 3415 3083 3478 setzt von Ferdinand Groß. Das Stück ist mehr Schwank als Lustspiel,
1807 3457 3074 3516 und wer die modernen französischen Schwänke kennt, der weiß auch, daß
1815 3494 3090 3555 es darin nicht immer so zugeht, wie unsere deutschen Ansichten über
1809 3536 3074 3594 Moral und Wohlanständigkeit es wünschenswerth erscheinen lassen. In
1813 3569 3086 3642 dem „Herr Direktor“ ist die Frivolität wenigstens in Geist und Witz
1819 3612 3086 3672 eingewickelt, und darum ist das Stück trotz seines speziell französischen
1810 3653 3080 3715 haut-gout als Bühnenwerk an sich interessant und auch amusant. Es
1809 3692 3089 3758 charakterisirt sich seinem Grundgedanken nach als eine Satire auf das
1808 3733 3076 3784 Protectionswesen und die Auswüchse der Bureaukratie in der französischen
1813 3770 3080 3827 Beamtenschaft. Der Hergang ist kurz folgender. (Folgt Inhalt.) Daß
1813 3813 3086 3863 aus dieser Zusammenbringung eines leicht entzündlichen Männerherzens
1807 3851 3093 3918 und einer jungen kokett agienden Frau Scenen von mindestens pikanter
1805 3886 3089 3941 Wirkung entstehen mußten, läßt bei der Begabung der Franzosen für
1816 3924 3094 3978 dieses Gebiet keinen Zweifel. Sehr lustig sind die Persiflirungen bureau¬
1816 3965 3088 4017 kratischer Zustände. Um die Aufführung erwarb sich das größte Ver¬
1803 4000 3079 4068 dienst Friedrich Mitterwurzer, der den Titelhelden so fein beobachtet und
1787 4065 3094 4121 1 dabei doch so lustig gab, daß man dem flatterhaften Lebemann nicht
