3436 4352
420 168 765 242 iebelei
216 172 798 280 5. II  ninck
922 164 1343 251 bos 10/1
1417 727 1893 923 (Knd
1903 856 2633 951 G
1081 1037 1283 1123 0
1383 1060 2319 1172 Les lettres allemandes
1219 1201 2526 1268 HEnmANN SebEkuaNs: Das Glück im Winkel — Anrnos Schwirzuen
1193 1258 1383 1317 Liebelei.
1224 1292 2523 1379 Traductions du dano-norvégien en allemand. — PErER NANSEN 1
1191 1349 1858 1415 Maria. — HEsnik IBsEN: Calilind.
1221 1414 2525 1476 Le théätre de M. SUDERMANN a en un sort bizarre. Quand, par le sucen
1184 1474 2519 1527 ces retentissant de son premier drame, 0/onneur, — le premier succes
1186 1512 2536 1561 d’un écrivain de la jeune genération — il sembla mnaugurer un art nou¬
1184 1553 2536 1593 veau, tont le monde, public et eritique, declarait qu un grand et sin¬
1193 1591 2528 1640 cère artiste venait de se révéler. Mais plus tard la erilique, suivie encela
1190 1634 2510 1686 par le public, crut découvrir que ce succès avait en pour cause undrres
1192 1665 2523 1715 prise des trucs surannes des Alexandre Dumas lils et des Augier. On
1184 1717 2519 1760 mavait pas tout à fait tort, mais on n’avait non plus entierement rai#
1193 1744 2512 1805 son de classer pour ccla M. Sudermann parmi les anteurs evieux jend#
1180 1800 2513 1844 et tandis qulil se dégageait progressivement de ces procédés, le public
1174 1817 2524 1876 centinnait ä ne voir en lui qu'un virtuose vulgaire de l’ancienne comédie
1187 1862 2532 1922 de meurs. Pourtant ia Finde Sodome élait un bean drame, et Mayda
1190 1906 1757 1948 contenait des scènes fort belles.
1224 1944 2519 1989 G’est encore une éinde de resignation que 7e Bonheur Nans un comn
1175 1982 2514 2037 (7as Glück im Winket, drama in 3 akten, 1896), que M. Sudermann à“
1188 2021 2523 2067 fait jouer d’abord, pour éviter la malice berlinolse, sur les scènes
1191 2051 2562 2126 de province et finalement à Berlin et à Vienne. Mais cetle résigna¬
1189 2100 2582 2156 tion n'a rien à faire avec la pitié bonasse dont M. Coppée Vastefall4#
1193 2139 2511 2192 chantre attitré: c'est le désir de la paix, la résignation qui nait de
1185 2176 2516 2238 T’écronlement des chäteaux en Espagne et du labeur terne et étouffant
1195 2222 1863 2283 que vons impose la force des choses.
1228 2311 2519 2380 M. Aurnon Scharrzzrn, qui s’ctait dejà fait connaitre par sa belle nou¬
1184 2366 2521 2423 velle Slerben (Meurde, a donné un drame en eing actes, Liebelei
1191 2416 2519 2476 (mourelte), dontle sujet est fort simple: En jenne homme, amant d’une
1183 2451 2516 2503 femme mariée, dont le mari a des soupcons, commence, pour se repos
1189 2492 2527 2540 ser, une petite amourette avec une petite fille. Quand le mari a la cerli##
1191 2528 2515 2582 tude de Tadultère de sa femme, iltue en duel son adversaire. Et la petite
1186 2583 2526 2628 fille. dont c’etait et ce sera le seul et premier amant et qui Tavait aime
1197 2612 2528 2657 d’un amour plus profond queil marait ern, reçoit à la fois la nouvelle de#
1201 2642 2527 2697 sa mort et de la cause du duel. Dans ce double eflondrement de son
1194 2685 2522 2735 bonheur, elle se sauve de la maison paternelle e pour ne plus revenir 9.
1192 2729 2520 2784 Tout cela est rendu avec un art tres sür, tres simple et nel, sans digres¬
1189 2762 2162 2811 sion ni artilice, et par cela d’une façon emouvanle.
1223 2915 2525 2980 Comme elles n'ont pas encore été traduiles en français, je signaleral#
1187 2974 2508 3020 iei la traduction du dano-norvégien en allemand de deug cuvres intes
1189 3013 1413 3067 ressantes.
1223 3045 2526 3106 L’art de M. PErEn Nayskg a la méme süreté que celui de M. Schnilzler.
1195 3094 2523 3139 mais ilse fait l’interprête d’un tempérament d’artisle plus discret et plus
1192 3138 2512 3183 ironique. Elc’est par ceci, qu'ildiflère aussi de Guy de Maupassant, qusil
1183 3161 2523 3224 rappelle sous queiques rapports. La brutalité douloureuse, la passion
1195 3208 2523 3261 fonettée de Maupassant Jui fait comnplétement défaut. Elle est remplacée
1185 3241 2523 3298 par cette ironie dedaigneuse et hautaine, qui se joue des personnages et
1191 3292 2522 3344 parfois aussi du lecteur. Ehc’estune ironie dans laquelle perce letres
1181 3327 2521 3374 complet mepris que M. Nansen doit nourrir pour ses contemporains. M.
1197 3362 2523 3419 Nansen doit un pen e# caractère d’éerivain à sa nationalité danoise
1196 3396 2569 3474 età rette raflince et corrompue Copenhague qui est la scène de ses
