3436 4256
290 144 868 248 5. Liebelei
464 193 867 261 A I. J L —  a
2123 100 3153 151 Widerspruch geschrien hätte), sondern er geberdet sich
2115 140 3166 181 italienisch. Etwa giordanisch. Er symphonisiert mit
928 145 1425 242 box 12/1
2117 177 3163 226 dem Orchester, und die Leute deklamieren dazu. Sie
2101 224 3165 284 brechen auch in Gesang aus, aber nicht wie bei
2117 255 2615 322 Puccini natürlich und
2706 254 3161 319 sondern nur wenn
2118 298 2203 350 sie
2204 305 3155 352 gereizt werden. Er nimmt also nicht
1602 281 2005 377 Telephon 12.801.
2109 339 3165 386 das Milien des Stoffes, sondern das allgemeine
2110 377 3163 435 dramatische, die Leidenschaften, und wenn es reine
1644 378 1871 468 □#
2105 423 3148 467 Leidenschaften gibt, das Kolorit. Das Kolorit der
1046 432 1814 532 „ODSLNVEN
2114 465 3154 528 Instrumente liegt ihm sehr. Seine Orchesterbegabung
2120 508 3158 559 ist staunenswert. Seine Geschicklichkeit erfindet stets
890 524 1975 592 1. österr. beh. konz. Unternehmen für Zeitungs¬
2110 544 3153 596 neue Kreuzungen der Stimmen und Farben. Seine
1096 555 1785 627 Ausschnitte und Bibliographie.
2107 584 3152 644 Geschicklichkeit, ohne sonderliche Erfindung, erfaßt
1059 607 1837 696 Wien, I., Concordiaplatz 4.
2112 620 3157 675 auch das Motiv und vor allem die Situation
2108 656 3156 729 treffend. Er findet die Tiefen und die Höhen. Den
1289 676 1612 752 Vertretungen
2107 711 3153 760 zweiten Aktschluß macht er zu einem Höhepunkt
883 725 1989 799 in Berlin, Brüssel, Budapest, Chicago, Cleveland, Christiania,
2101 741 3149 804 des Gesanges für Fritz, den dritten für Christine.
895 784 1992 842 Genf, Kopenhagen, London, Madrid, Mailand, Minneapolis,
2108 776 3167 854 Seine Diktion, immer italienisierend, ist belebt und
898 813 1991 880 New-York, Paris, Rom, San Francisco, Stockholm, St. Peters¬
2118 834 3158 879 reich. Es fließt, es rauscht. Das Lied, außer der
1288 842 1598 906 burg, Toronto.
2107 881 3166 938 schwächlichen Einlage im ersten Akt, wird vermieden,
1248 874 1519 959 te -Tenangabe ohne,
2105 914 3161 969 aber die liedartige Geberde gepflegt. Die Dank¬
888 869 2074 1024 Ausschnitt aus Perliner Börsen Courier, Berlin
2116 956 3153 1011 barkeit der Kontraste, Souper, Duellforderung, Er¬
1447 965 1912 1052 Morgenausgabe
2103 989 3153 1052 wartung, Liebesszene, Todesschreck, wird sicher aus¬
2109 1039 3154 1092 genutzt. Kurz: es ist eine sehr gewandte Art zu
1074 1009 1376 1116 21.JR. 191I
890 1071 1054 1123 vom:
2103 1070 3153 1131 schreiben, voll natürlichen Musiksinnes nie verlegen
2106 1101 3164 1187 nie verlogen — nur gänzlich unmöglich diesem Stück
2104 1146 3170 1207 gegenüber, das viel zu gut dazu ist. Das war ein
2111 1196 3083 1270 falscher Ehrgeiz! Aber als Jugendsünde reizend.
1276 1223 1911 1310 Vor den Kulissen.
2156 1216 3172 1291 Das Orchester klingt unter Herrn v. Reznicek
2143 1276 3163 1334 o gut wie selten. Noch nicht in letzter Feinheit, aber
1117 1276 1359 1352 In der
1350 1284 2104 1354 Komischen Oper hat die Oper
2105 1317 2329 1372 süß für
2319 1323 3159 1383 das Ohr kommen die instrumentalen
1076 1330 2116 1404 „Liebelei“ von Franz Neumann einen sehr
2110 1363 3174 1413 Qualitäten heraus. Es ist die letzte Oper, die er in
1074 1378 2106 1431 starken und herzlichen Beifall gehabt, für den die Dar¬
2109 1397 3173 1463 diesem Hause einstudiert, und sie dankt ihm besonders
1074 1422 2109 1471 steller und der Komponist zahlreiche Male danken
2113 1441 3156 1488 allen Eifer und alle bescheidene Feinsinnigkeit, die er
1063 1463 2100 1536 konnten. Hier wie überall. Ueberlegen wir uns das
2100 1479 3166 1531 mit einem Idealismus, der so groß wie unmodern ist,
1055 1498 1266 1557 Faktum.
1129 1543 3160 1574 Um es richtig zu überlegen muß ich heut zwei hier walten ließ. Auch die letzte Rolle der Labia.
1799 1564 3162 1635 Ich muß ein Ich lobe ihre Stimme nicht, sie ist gepreßt und scharf
1059 1566 1793 1647 Schrauben nacheinander einstellen.
2103 1602 3164 1651 in der Höhe, ich identifiziere sie auch nicht mit der
1059 1634 2100 1683 Experiment mit der Literatur und mit der Musik
2114 1650 3162 1710 unschuldigen Christine der ersten Akte, die sie
1063 1661 2109 1730 machen, muß mich auseinanderlegen und dann wieder
2349 1676 2684 1756 schwer nimmt
2662 1680 2713 1736 7
2702 1688 3165 1746 und singen muß
2105 1690 2319 1747 viel zu
1068 1692 1451 1775 zusammenklappen.
2101 1729 2374 1785 (o Sorma!)
2436 1723 3154 1789 aber ihr Schmerzensausbruch am
1136 1758 3152 1829 Ich stelle also zunächst die literarische Schraube Schluß offenbart erschütternd die Größe der gesangs¬
1058 1789 2114 1847 ein, begrüße Schnitzlers Liebelei und lehne jede
1067 1826 3157 1863 Art von Musik, besonders diese ab. Dies Stück ist spielerischen Persönlichkeit, die wir hier kennen gelernt
2104 1858 3162 1906 haben und hier verlieren. Als eine besonders kon¬
1059 1858 2123 1933 der einfachste Abzug des Liebesschmerzes im Leben,
2120 1888 3165 1958 gruente Leistung nenne ich noch Zador als ihren
1060 1921 2116 1967 so einfach, schlicht, wahr, herzlich, daß man garnicht
2113 1931 3164 1983 Vater: Güte und Angst in einer seelenvoll schwingen¬
1060 1958 2113 1998 begreift, wie darum tausend hochtrabende Tragödien
2111 1979 3167 2029 den, durchdringenden Stimme. Nadolovitch' Fritz
1066 1999 2114 2049 geschrieben werden konnten. Es ist ein reales Stück
2117 2017 3160 2083 ist gut am zweiten Aktschluß — sonst glaube ich ihm
1067 2035 2118 2089 im Wiener Milieu; die Leute sagen, was man wirklich
2103 2061 3161 2119 nicht recht. Die Mizi der Bachrich genügt. Ge¬
1065 2076 2105 2128 so sagt; sie leben und sterben, wie man wirklich lebt und
2109 2096 3167 2141 nügt — ja, man darf nicht an unsere Schauspieler
1058 2122 3157 2204 stirbt. Der sachliche Theo, der schwärmerische Fritz, denken und ein Gesang, den es nicht gibt, ersetzt es
1068 2153 2116 2205 die brettlhafte Mizi und die rührende Christine sagen
2121 2178 3163 2230 nicht. Man darf nicht — und muß doch. Denn zehn
1061 2185 2101 2249 und tun Worte und Taten, die so einfach und wahr
2112 2214 3074 2287 Mal komponiert — wir retten unseren Schnitzler.
1069 2241 2111 2293 sind, daß sich ganz von selbst um sie eine zitternde
2172 2262 3165 2321 Gregor, der eine gute Mitte zwischen Schauspiel¬
1068 2286 2105 2330 Stimmung bildet, ein ungreifbares Fluidum, das mehr
2114 2299 3155 2358 und Opernregie einhielt, wird an diesem Erfolg seine
1062 2320 2118 2380 Musik ist, als jede geschriebene Musik. Alles klingt
2112 2342 3160 2397 letzte Freude erleben: charakteristisch für einen Mann,
1059 2367 3162 2439 hinaus und hinüber, durch die Seelen, durch die der vom Theater her die Oper auffrischen wollte,
1052 2405 2097 2457 Zeiten — es klingt rauschend und ergreifend von
2115 2423 3161 2475 allen Feinergestimmten ein starkes Interesse und eine
1764 2443 1864 2499 Es
1065 2448 1741 2504 diesen paar schlichten Worten.
1728 2449 1774 2475 1
1956 2447 2107 2501 Poesie.
2116 2474 3164 2525 willkommene Abwechslung bot, aber beim Publikum
1947 2487 2095 2546 Prosa.
1070 2489 1959 2539 Indem man es komponiert, wird es
2117 2513 3154 2561 nicht immer reüssiert, das seine Musik will oder
1072 2522 2107 2580 Es wird zurückgedrängt in die dumme Realität, weil
2115 2544 3155 2599 wenigstens Gesang oder schließlich das Cachet eines
1058 2561 2072 2621 sich die Musik anmaßt, die Poesie zu machen —
2110 2594 2841 2663 leidenschaftlichen Textes — wie hier.
3002 2592 3204 2665 B
1065 2606 2105 2671 auszusprechen! Diese Worte sind keine Musikworte,
1067 2639 2115 2707 sie sind nicht lyrisch erhöht. Diese Liebesschmerzen,
1064 2685 2117 2747 Duelle, Tröstungen, Selbstmorde sind keine Musik¬
1058 2726 2124 2781 themen, sie sind nicht schlecht genug dazu. Die Oper
1051 2763 2128 2831 macht heut solche Ansprüche an den Text, daß sie sich
1055 2818 2129 2880 selbst die Grube gräbt. Man wird sie vor guten
1273 2855 1380 2907 fast
1238 2860 1284 2908 0
1056 2843 1249 2909 Texten
1425 2854 2127 2905 schon warnen müssen und
1059 2896 2130 2961 vor der Durchkomponierung des Originals, wie es
1063 2925 2134 2980 auch dieser Autor mit einigen Kürzungen tat. Die
1054 2974 2128 3040 Musik tötet das Stück, das wir lieben. Sie über¬
1056 3007 2133 3077 fällt es mit ihrem Pathos und ihrer Geschwätzigkeit
1062 3060 2126 3118 und verzerrt die Situationen, verlangsamt die Tempi,
1051 3106 2122 3163 vergröbert die Nüancen, prosaisiert den Inhalt, malt
1057 3138 2126 3205 die Details bis zur unfreiwilligen Komik aus — die
1059 3176 2128 3238 Blumen, die von der Decke fallen sollten, den
1056 3232 2125 3292 Pfropfenzieher, das Weineingießen, den Frühling, der
1815 3269 2125 3326 den Trauer¬
1063 3266 1440 3331 nicht im Herzen
1494 3266 1809 3323 , das Duell,
1056 3306 2125 3361 marsch, als Einleitung des dritten Aktes. Die
1053 3346 1370 3407 Musik zieht
1370 3343 2129 3406 die schweigenden Gedanken des
1060 3382 2129 3434 Dichters hervor und bläst sie heraus. Wo ist die
1064 3434 2119 3484 Sauftmut dieser Christine geblieben, die zarte Rück¬
1055 3467 2129 3514 sicht von Fritz, die ängstliche Liebe des Vaters, dieses
1056 3504 2128 3574 ganze süße und doch so traurige Andeuten des frohen
1061 3555 1644 3610 und des bitteren Lebens?
1634 3549 2126 3618 Es ist Singsang und
1059 3599 1517 3655 Orchester geworden,
1505 3586 2126 3656 Musikmacherei ohne rechte
1326 3632 2132 3695 unerträglich für den, der die einfachen
1059 3637 1273 3697 Bildung
1985 3679 2138 3730 Der
1053 3665 1979 3722 Linien dieser wesentlichen Tragödie liebt.
1052 3722 2131 3774 literarische Mensch schämt sich dieser Verwandlung.
1053 3757 2140 3809 Er sieht die Veroperung des Alltags und flüchtet, wie
1058 3795 2164 3875 vor einer schöngeistigen Phrase. Remheit, ruft er, 1
1053 3839 1274 3898 Reinheit!
1131 3883 2155 3947 Aber nun schalte ich mich um. Ich schraube die
1051 3919 2128 3975 Litteratur aus und schraube die Musik ein. Ich
1065 3971 2129 4034 vergesse das zarte Verhältnis, das ich zu diesem
1060 4012 2173 4074 schlicht=ergreifenden Stücke habe und rufe alle musi= 1
