3344 4224
391 174 756 258 Liebelei
918 180 1358 273 box 10/6
216 173 793 296 5. Jnnnnn
898 457 1281 552 Telefon 12801.
619 552 1526 644 Egternehmen für Zeitungs-Ausschnitte.
1597 591 1806 655 Ausschnitt
598 600 721 699 9
754 607 1357 743 „OBSERVER“
1525 645 1810 750 Nr. 46
336 740 1777 815 I. österr. behördl. concess. Bureau für Zeitungsberichte und Personalnachrichten
641 793 1495 887 Wien, IX/1 Türkenstrasse 17.
1684 848 1948 945 itago gestor¬
1971 863 2946 946 Sesvete getödtei wurde. Der Thäter wurde ver¬
580 881 1561 969 Filiale in Budapest: „Figyeló“, VIII. Josefsring 31a. —
1676 918 1949 990 hr und einem
1968 938 2960 1002 haftet und hatte sich heute vor einem Fünfrichter¬
1686 976 1941 1040 zach Newport
1968 1000 2956 1049 kollegium des Agramer Gerichtshofes, welchem Ge¬
1673 1024 1947 1103 § die Mutter
330 986 1569 1109 husschmitt aus Colame Jagélal“.
1977 1045 2960 1097 richtsrath Ferié präsidirte, zu verantworten. Die
1686 1074 1946 1134 was aus ihr
1974 1089 2955 1138 öffentliche Anklage, welche auf Todtschlag lautet,
1682 1112 1954 1187 Fis zum drei¬
1974 1133 2961 1200 führte Substitut Tarabocchia, als Verthei¬
1682 1170 1946 1232 itte, suchte sie
334 1138 791 1250 vom  Geza¬
1971 1187 2961 1251 diger fungirte Dr. Derenein. Der Ange¬
1667 1221 1948 1293 auf, der aber
1972 1226 2959 1298 klagte führt zu seiner Vertheidigung an, daß aus
718 1229 1642 1327 („Liebelei“.) — Zur heutigen Premiere. — Ar¬
1672 1267 1941 1327 die Beschäfti¬
1962 1282 2951 1349 dem Walde fertiges Klafterholz des Holzhändlers
651 1278 1644 1379 thur Schnitzler gehört der modernsten Deka¬
1675 1318 1947 1379 Er rieth ihr,
1968 1324 2960 1383 Obad gestohlen wurde, welches er zu hüten hatte.
651 1348 1651 1416 dentenschllle an und hat sich in der neueren Dra¬
1678 1359 1944 1429 auch zur See
1979 1380 2966 1441 Am 11. September bemerkte Krizan, daß soeben
658 1381 1654 1478 men=Literatur trotz mancher Mißerfolge einen Na¬
1673 1411 1948 1472 edenfalls den
1975 1441 2961 1493 wieder eine halbe Klafter Holz weggelegt sei, welches
649 1452 1642 1517 men gemacht. Sene Dramen sind eigentlich Wiener
1700 1464 1953 1521 befolgte und
1979 1480 2961 1529 offenbar Jemand wegzuführen die Absicht hatte.
656 1492 1637 1563 Boulevardstücke ohne besondere Tendenz. Bilder aus
1687 1513 1949 1575 Instinkt sagte,
1973 1525 2957 1578 Er stellte sich daher in den Hinterhalt und wartete
660 1532 1646 1622 dem großstädtischen Vorstadtleben, die Verkörperung
1683 1557 1954 1626 fristen würde.
1972 1578 2961 1643 auf den Holzdieb. Da erschien der Landmann Tomo
660 1579 1644 1679 von alltäglichen Empfindungen, in welcher die Liebe
1669 1604 1948 1675 ein Unterkom¬
1976 1620 2961 1681 Prelac und begann das erwähnte Holz zu schlich¬
659 1643 1647 1716 und der Leichtsinn die Hauptrolle spielen. Diese Mo¬
1676 1651 1953 1722 säfte fand, in
1969 1674 2958 1726 ten. Krizan sprang nun hervor und stellte den Dieb
654 1683 1647 1765 tive führt uns Schnitzler in seinen Dramen vor und
1685 1706 1951 1766 im Ladentisch
1980 1717 2966 1783 zur Rede; dieser jedoch attakirte ihn mit einem
646 1728 1636 1816 werden in denselben blos verschiedene Situationen,
1689 1755 1952 1814 ihr Brodherr
1978 1775 2959 1834 Holzscheite, und deßhalb habe er aus Furcht seine
644 1779 1643 1863 aber keine Helden geschaffen. Vor einigen Jahren
1684 1800 1950 1864 erkracht, und
1976 1820 2963 1889 Pistole auf ihn abgefeuert. Hierauf warf
638 1819 1643 1912 noch hätte diese Art Drama kaum irgendwo Beach¬
1680 1843 1951 1917 llend preisge¬
1974 1868 2963 1929 Prelac das Holzscheit fort und es fand zwischen
638 1877 1634 1955 tung gefunden, heute führt man sie im Bugtheater auf
1681 1895 1950 1963 See zu gehen,
1983 1917 2956 1971 den Beiden ein Faustkampf statt, wobei Krizan einige
637 1925 1641 1996 und von dort machen sie die Runde durch die ganze Welt.
1676 1946 1951 2014 #s Junge bei
1982 1964 2959 2031 Verletzungen erhielt, während Prelac später in Folge
642 1980 1629 2055 — Die „Liebelei“ ist ein dreiaktiges Drama und wird
1668 1998 1958 2055 ber entkleiden
1983 2015 2960 2079 der erhaltenen Schußwunde in die Brust zusammen¬
648 2019 1640 2108 als das beste Erzeuguiß des Dichters bezeichnet.
1696 2046 1962 2108 ian sich vor¬
1975 2067 2957 2122 sank und starb. So schilderte der Angeklagte den
641 2077 1637 2158 Das Sujet ist armselig, kaum für eine Erzählung
1666 2090 1959 2162 katürlich hart¬
1986 2114 2957 2167 Thatbestand und schützte gerechte Nothwehr vor.
648 2117 1635 2204 passend, die Handlung einsach, alltäglich. Die Mo¬
1667 2143 1963 2205 igskommission.
2037 2166 2953 2227 Zeuge Stefan Bendek deponirte jedoch, daß
648 2176 1623 2253 distin Mizi Schlager (Frau Dimitrijevic,
1678 2194 1957 2254 der Kandidat
1981 2210 2957 2272 ihm der Angeklagte, kurz bevor Prelac erschossen
639 2223 1611 2304 hat eine Bekanntschaft mit dem Studio der Juris¬
1666 2234 1949 2307 ilf nichts, und
1979 2261 2966 2332 wurde, erzählt hätte, daß er sich vor Prelac nicht
645 2286 1621 2353 prudenz Theodor Kaiser (Herr Anic), Ihre Freun¬
1668 2291 1966 2356 wie sich Alice
1991 2306 2953 2363 fürchte und ihn erschießen werde, wenn er ihn
642 2318 1620 2396 din Christine Weiring (Frau Borstnik), die
1673 2340 1960 2405 u. Mit ihrer
1978 2361 2965 2406 beim Holzdiebstahle im Walde betreten sollte.
628 2368 1623 2459 Tochter des Violinspielers in einem Vorstadttheater
1674 2391 1959 2453 d bestimmten
1989 2402 2971 2468 Zeugin Jana Prelac, Witwe des erschossenen
1664 2438 1969 2498 r natürlich im
645 2430 1628 2508 Ivan Weiring (Herr Dimitrijevi c), kommt zu
1981 2455 2952 2518 Prelac, deponirt, sie habe von ihrer Tochter vernom¬
1681 2485 1956 2550 a machten sich
647 2483 1640 2560 Besuch und lernt dort den Kollegen Theodors, Fritz
1980 2505 2964 2566 men, Angeklagter Marko Krizan habe schon vorher
324 2506 636 2586 Für 50 Zeitun
1667 2535 1960 2604 ichtigten jedoch
645 2525 1694 2617 Lobheimer (Hr. Fijan) kennen und lieben. Die Liebeguam
1990 2551 2961 2607 ihrem Manne gedroht, daß er mit seinem Holzdieb¬
409 2559 510 2605 100
638 2570 1964 2661 ist gegenseitig, aber Christine wird von Angst und Eifer=orto. often nicht den
417 2601 510 2644 200
369 2604 422 2660 „
1993 2604 2965 2659 stahle schlecht wegkommen werde. Zeugin begehrt für
1594 2635 1956 2696 hlbebrad ein Mäd¬
647 2635 1693 2712 sucht geplagt, und mit Recht, denn ihr Liebhaber scheint vore
1988 2653 2902 2700 ihren getödteten Mann 1000 fl. Schadenersatz.
347 2679 520 2739 „ 1000
1667 2682 1964 2747 singwerkputzen,
643 2683 1630 2754 in seinen Herzen noch genügend Platz für die Liebe
1984 2699 2973 2765 Die Zeugeneinvernahme dauert bei Schluß des Blat¬
460 2720 640 2780 Im Gege
652 2734 1968 2800 zu einer eleganten Dame zu haben, für die er sich ist wurde sie nach
1978 2751 2971 2805 tes fort. Das Urtheil werden wir morgen nachtragen.
327 2756 641 2824 Abonnement du
1630 2780 1966 2845 es zin sie abgelöst
656 2774 1621 2846 schließlich schlägt und dabei das Leben verliert.
336 2805 627 2867 Abonnenten fre
648 2822 1635 2900 Ehristine hört von dem Fall durch Theodor Kaiser!
1670 2832 1974 2905 Ern nieder und
638 2877 1627 2945 Sie hatte ihn geliebt und er hatte sich für eine An¬
1675 2873 1969 2947 wenn alle Lich¬
2032 2875 2967 2983 heater, Kunst und Literatur.
631 2917 1613 2980 dere tödten lassen. Darin liegt der ganze dramatische
1673 2915 1961 2992 Lagen war das
624 2962 1619 3035 Konflikt, welcher damit endet, daß Christine, in ihren
1669 2967 1962 3039 Hitän wünschte,
625 3023 1616 3078 Stolz und ihrer Liebe auf das Tiefste beleidigt, ihren
2044 2995 2972 3082 (Kroatisches Landestheater.) Gestern ging als
1682 3029 1968 3094 sie aber gern
637 3062 1625 3134 Väter und das Elternhaus verläßt, um nicht mehr
1666 3072 1964 3145 nahm sie eine
1989 3062 2969 3147 Premiere Schnitzlers dreiaktiges Drama „Liebelei“
624 3107 1615 3179 zurückzulehren. Wird sie draußen in der kalten Welt
1994 3110 2997 3179 in Szene und zwar, wie wir gleich konstatiren wol¬
1675 3123 1961 3188 mmten „Blae¬
632 3168 1614 3232 Vergessenheit finden? Wir wissen es nicht, denn das
1989 3172 3006 3252 len, mit einem auf unserer Landesbühne ganz unge¬
1672 3161 1993 3252 das Schiff lief
624 3212 1620 3289 Stück ist zu Ende. An, Stelle eines Dramas hat also
622 3264 1627 3342 Schnitzler eine dramatische Skizze, oder im besten
626 3304 1625 3382 Falle ein Framatisches Bild geschrieben, das aber in
634 3359 1626 3411 seiner Ausführung gerade wegen der Einfachheit
1918 3305 2437 3488 G
617 3399 1620 3478 der Handlung eine wunderbar ergreifende Wirkung
617 3451 1622 3524 hervorbringt. Die Wiener Kritik hat sich über dieses
631 3507 1609 3569 Stück sehr lobend ausgesprochen, dabei aber hervor¬
617 3549 1620 3607 gehoben, diß die „Liebelei“ bereits eine Rücklehr
628 3604 1610 3666 des Dichters zur alten Tradition bedeute, indem in
626 3656 1621 3726 dem Drama Anklänge an Grillparzer vorhanden
626 3695 1613 3772 seien. Ob dieses mit der alten Tradition untermischte
616 3742 1608 3801 Dekadentenwasser auch dem Geschmack des Agramer
625 3804 1601 3855 Publikums gefallenswird, wird sich heute zeigen. Je¬
617 3848 1617 3916 denfalls thut die Intendanz gut daran, uns auchmit
615 3895 1600 3969 den Produkten der fremden modernen Dramen=Lite¬
621 3940 1122 4019 ratur bekannt zu machen.
