3344 4224
391 110 1140 183 Unternehmen für Zeitungs-Ausschnitte
1801 145 2173 228 Liebelei
447 177 1063 243 WIEN, I., WOLLZEILE 11
2341 145 2770 247 box 13/4
1629 144 2306 273 S. 1. —
519 232 1011 287 TELEPHON R-23-0-43
342 337 716 431 Ausschnitt aus:
622 528 966 617 Die Böhne, Wien
334 582 510 654 vom:
543 617 806 722 356
237 810 1333 912 NGINNDER EINEA
260 984 765 1151 WIENER
201 1262 1345 1354 LIEBNE GESCHICHTE
193 1597 1419 1713 „HEDLELIWARIS
204 1811 736 1914 VON J. KESSEL
341 2092 1399 2177 Joseph Kessel, einer der auch dem deutschen Lese¬
302 2154 1446 2224 publikum sehr bekannten französischen Romanciers, äußerte 1
307 2211 895 2279 sich über den Film „Liebelei“:
1472 2224 2640 2297 Unsere Nerven packen, unser Blut erregen, — das vermögen
1434 2285 2638 2339 doch viel besser Gangster-Verherrlichungen, die Aufregungen der
236 2303 1411 2375 Eine diese Bilder durchpulsende Genialität, die starke Bewegung
1426 2336 2622 2386 Doppelexistenz eines Dr. Jeckyll und Mister Hyde, eine Drei¬
206 2355 1407 2403 in ihnen, der Reichtum bildhafter und tönender Einfälle, das alles
1436 2379 2631 2439 groschenoper oder die klirrenden Ketten eines amerikanischer.
195 2395 1407 2454 bewirkt, daß man sich viele Einzelheiten des ausgezeichneten
1432 2427 1693 2499 Gefängnisses.
196 2450 1412 2512 Films „Liebelei“ gar nicht recht zu merken vermag. Gleichzeitig
1459 2466 1791 2541 Aber „Liebelei“?
205 2500 1410 2576 jedoch hat er mit einer ganz außerordentlichen Wirkungs¬
1452 2526 2638 2577 Der Erfolg ist gleich von den ersten Szenen an entschieden.
191 2543 490 2619 kraft gepackt.
1432 2571 2629 2630 Menschen und Milieu erobern sofort den Zuschauer. Sie kommen
233 2600 1404 2669 Es scheint unvorstellbar, daß jene Wesen, die auf der Leinwand
1426 2618 2636 2677 ihm entgegen und er läßt sich willig gefangennehmen. Dieses
201 2646 1422 2721 erscheinen und eine ganz einfache, ganz menschliche Handlung
1429 2665 2640 2716 wundersame Ineinandergleiten führt zum Traum, der allein das
193 2703 1408 2755 agieren, tatsächlich Schauspieler sind, also Männer und Frauen, die
1426 2714 1979 2781 Recht der Wirklichkeit hat.
198 2754 1425 2796 eigens für den Zweck dieses Spieles zusammengeholt, geschminkt#
1459 2747 2642 2823 Bis zu diesem entscheidenden Augenblick folgt man bewundernd
198 2799 1412 2861 und kostümiert worden sind. Sie stehen sc stark und so natürlich
1429 2816 2640 2879 der großen Feinheit des Könnens, der Gestaltungskraft und des
191 2847 1407 2908 da, sie vertiefen sich so echt in ihre Gefühle, sie gleiten mit so
1432 2862 2631 2919 Geschmacks eines unsichtbaren Meisters. Er spielt großartig auf
193 2893 1408 2949 überzeugender Selbstverständlichkeit von ausgelassener Lustigkeit
1424 2913 2634 2968 dem Instrument menschlicher Natur, er weiß jede seiner Saiten
208 2952 1407 3001 zu tiefem Leid, von innigster Zärtlichkeit in den Tod — kurz: ihre
1430 2955 2634 3010 zum vollen Erklingen zu bringen. Man bewundert auch noch das
201 2998 1409 3054 Exiatenz ist so wirklichkeitsnah, daß man gar nicht daran glauben
1423 3004 2635 3056 Leuchten der Bilder, die Wahl der Gesichter, die Geschicklichkeit,
198 3046 1411 3101 möchte, sie könnten anders heißen wie im Film, ihr Lachen sei
1427 3067 2633 3115 sie zu verwenden. Man denkt dabei an die schen so fern gewor¬
200 3092 1408 3134 anders als sonst, ihre eigenen Sorgen und Schmerzen seien andere
1422 3105 2633 3158 dene Romantik der Gedichte von Lermontoff, an die tiefe Melan¬
207 3139 815 3208 wie die, die sie uns vorspielen.
1429 3151 1852 3215 cholie seiner Gesänge.
239 3197 1419 3263 Und doch: kaum gab es je eine schwerer zu lösende Aufgabe.
1463 3197 2644 3259 Aber bald wird die Tätigkeit des kritischen Verstandes müd
204 3250 1411 3301 Dieser völligen Erfülltheit, dieser halluzinatorischen Sicherheit im
207 3299 1408 3345 Erfassen des Milieus — schon schwierig bei Werken, die uns in¬
1421 3291 2639 3354 langsam ein alles einhüllender und verschleiernder Vorhang. Ubrig
203 3348 1408 3400 haltlich und zeitlich viel vertrauter sind — standen die großen
1430 3342 2640 3391 bleibt nur: die Jugend der beiden Leutnants, der schicksalumwit¬
209 3394 1417 3444 Schwierigkeiten einer fremden Umgebung, ungewohnter Sitten,
1433 3400 2640 3456 terte Blick des Barons, das leise vom Tode gezeichnete Gesicht
205 3438 1415 3506 einer ganz anderen Denkungsart, mit der uns Heutige kein gemein¬
1434 3440 2627 3490 des Fritz und die reinen, süßen, begehrenden Lippen der Chri¬
209 3497 1407 3549 sames Band mehr verbindet, entgegen. Diese österreichischen Vor¬
1423 3504 2639 3552 stine. Und wenn der Schlitten auf der Fahrt durch verschneite
216 3534 1415 3603 kriegsoffiziere, diese ganz altmodisch gewordenen Liebschaften,
1428 3538 2632 3599 Landschaft vorüberkommt, dann wird in uns das beste und schmerz¬
214 3587 1416 3638 diese entschwundenen Aristokraten, dieses Duell, dieses an Leiden¬
1428 3588 2395 3650 lichste Gefühl, das jeder in der Brust hat, lebendig.
201 3637 1401 3692 schaft zugrunde gehende Mädchen, diese Unschuld mit der Forde¬
1459 3642 2636 3695 Ich habe erst später erfahren, daß Max Ophüls der Regisseur
205 3680 1413 3732 rung ewiger Liebe — wie hätte uns das alles je anders inter¬
1428 3679 2635 3748 ist, daß Fritz im gewöhnlichen Leben Wolfgang Liebeneiner heißt
207 3733 1403 3793 essieren können, wie höchstens als entzückende, sicher sehr kunst¬
1433 3733 2634 3790 und seine Braut Magda Schneider. Ich will ihnen und allen an¬
203 3776 1408 3840 volle Bilder, aber doch Bilder einer für immer vergangenen Zeit?
1426 3778 2636 3831 deren für ihre wunderbaren Leistungen nur einen kurzen Augen¬
1429 3827 1792 3893 blick Dank sagen.
211 3829 1412 3893 Wie konnte diese naive Geschichte direkt den Weg zu unserem
208 3876 1416 3931 gefühl finden, zu unseren durch die heutige Zeit abgenützten,
1456 3865 2640 3929 Ist es denn nicht das beste Lob, das man ihnen zollen kann,
200 3924 695 3984 blasierten Empfindungen?
1442 3923 2064 4003 sie über „Liebelei“ zu vergessen?
1336 4003 1475 4095 27
