3484 3840
266 219 657 289 Liebelei
826 216 1249 313 box 13/4
261 275 673 328 —
807 977 1128 1068 EHVER‘
837 1049 1221 1133 ellzeile Nr. 11
610 1052 761 1136 1e11,
673 1115 1137 1185 Telafon R-23-0-43
796 1170 1141 1243 „Machlatt Wien
382 1176 502 1273 26
507 1198 1168 1286 Neues Wiener I-Osth un
639 1290 1022 1412 „Aiebelei.“
308 1395 1462 1475 Es ist bestimmt nicht leicht, Arthur Schnitzler zu ver¬
221 1452 1460 1531 filmen. Der Tonfilm will das Bild, die Handlung. Wohl
229 1502 1455 1560 bringt er auch Worte, aber nur selten, was hinter den
230 1549 1452 1604 Worten liegt. Schnitzler brauchte das Theater. Besonders
242 1607 1444 1663 schwer aber hat es ein Tonfilm „Liebelei“ da das Theaker¬
239 1653 1445 1708 stück „Liebelei“ in einer Musteraufführung bei Reinhardt
234 1688 1449 1756 jetzt gespielt wird. Der nfilm „Liebelei“ ist nicht ganz
239 1727 1456 1794 Schnitzlers Kind. Immerhin hat man filmische Bearbeitungen
229 1792 1458 1847 Schnitzlerscher Stücke gesehen, als der Film noch stumm war,
234 1835 1458 1900 die viel weniger dem Geiste des Dichters entsprachen. Dem
229 1879 1449 1934 Regisseur Max Ophüls ist es gelungen, im Film ein¬
226 1927 1449 1991 zufangen, was der Dichter Schnitzler brauchte, was die Basis
229 1970 1458 2043 seines Schaffens war: das Wien der Vorkriegstage, die Sorg¬
240 2019 1466 2082 losigkeit, die sich ihre Sorgen suchte, weil sie zu schwermütig
238 2075 1455 2127 war, um auf sie verzichten zu können. Das Wien der süßen
238 2112 1465 2177 Mädels, der strahlenden Offiziere, die einer Opernpremiere
237 2146 1462 2236 erst den richtigen Hinkergrund schafften. Wien spielt mit in
236 2215 1467 2275 diesem Film, nicht bloß Wiener Künstler, die eigentlich
252 2261 1469 2315 spärlich gesät sind gerade in diesem wienerischen Werk, aber
247 2278 1467 2367 Wiener Bauten und Wiener Luft. Schnitzlersche Philosophie
246 2337 1469 2421 konnte der Tonfilm nicht bringen, denn er ist gezwungen, mit
239 2396 1455 2455 Worten zu sparen. Unter den wenigen Worten aber ist
233 2427 1465 2516 manches gar nicht von Schnitzler, sondern von den Autoren
232 2493 1463 2554 des Drehbuches Hans Wilhelm und Kurt Alexander.
252 2535 1451 2585 Es sind treffende Bemerkungen, wie sie der Tonfilm braucht.
245 2579 1457 2642 Der Dichter kann sie beruhigk verzeihen. Er hätte ja wahr¬
252 2635 1471 2692 scheinlich nie eine Liebelei mit dem Tonfilm begonnen. Dafür
256 2680 1129 2737 war seine große Liebe zum Theater zu stark.
355 2744 1473 2776 Sehr schwer hat es auch Magda Schneider, die
243 2759 1463 2836 Darstellerin der Christine, da man sie allabendlich mit Paula
239 2831 1469 2898 Wessely vergleichen kann. Sie ist keine Wienerin, aber in
217 2886 1429 2960 hrem Herzen blüht, wenn schon nicht der Walzer selbst, so
213 2943 1435 3002 doch die Sehnsucht nach dem Walzer. Lang hat sie in ihren
229 2981 1424 3051 rüheren Filmen nur das süße Mädel gespielt. Aber sie ist
217 3023 1416 3103 virklich eines. Nur Zufall ist es, daß sie nicht in Wien ge¬
205 3068 1436 3148 boren wurde. Und sie gibt eine ganz überraschend gute
217 3125 1422 3187 Leistung, wenn man bedenkt, daß sie bis jetzt immer nur ein
207 3172 1417 3224 happy end erleben durfte. Ergreifend ist ihre Schlußszene.
211 3219 1419 3289 Uebrigens merkt man ihr direkt die Freude an der Rolle an.
205 3275 1424 3336 Es tut so wohl, einmal unglücklich sein zu dürfen, da doch ihr
205 3311 1428 3380 Rollenfach sie bisher immer zum Glücklichsein verdammte.
203 3365 1427 3423 Sie ist nicht bloß eine entzückende Operettensängerin, sondern
197 3406 1429 3466 eine Künstlerin. Luise Ullrich spielt die Schlager=Mizzi.
205 3453 1416 3509 Sie bringt bestes Theater auf die Leinwand. Schade, daß wir
195 3499 1421 3556 diese Schauspielerin schon lange nicht mehr in Wien haben.
195 3541 1429 3611 WWas Magda Schneider noch erarbeiten muß, fliegt ihr von
196 3583 1423 3661 elbst zu. Denn sie hat der Wiener Himmel selbst gesegnet.
203 3635 1415 3695 Sehr nett ist Willy Eichberger, der wieder einmal einen
201 3673 1423 3751 „Oberleutnant spielt. Olge Tschechowa leiht ihr großes
202 3729 1424 3791 Können einer kleinen Rolle. Paul Hörbiger ist vielleicht
204 3783 1433 3833 ein bißchen zu deutsch für seinen alten Weyring. Da schluchzt
2780 155 3011 214 „1e Nr. 11
2377 159 2551 234 Wien,
2461 206 2932 297 Telsfon R-23-0-43
2317 347 2651 448 Der Tag Wiet
2697 454 2819 537 933
2375 450 2577 546 26 F
2391 540 2663 618 „Liebelei“
2072 598 2982 691 Als Max=Ophüls=Film mit Magda Schneider.
2120 669 2982 723 i Arthur Schnitzlers „Liebelei“ ist nicht
2081 718 2965 769 mur als Zeitbild zu werten. Unverzänglich ist
2074 760 2971 807 der Sinn der Dichtung. Und aktuell sind wie am
2072 801 2964 860 fersten Tage auch ihr Problem und ihre Tendenz.
2085 847 2965 897 „Liebelei“, das Wort kennzeichnete den Begriff
2087 871 2963 929 der leichtfertigen Auffassung von Wert und Be¬
2074 917 2971 980 stand jener Gefühle, die, spielerisch wachgerufen,
2075 962 2982 1005 sich verdichten, im Herzen verankern und zu
2083 992 2977 1049 heiligsten werden können. Die Sohne aus gutem
2070 1039 2976 1084 Haus haben kein Bedenken, dem Usus ihrer
2071 1079 2957 1127 Gesellschaftsklasse zu folgen und „süße Mädels“
2076 1107 2967 1161 für ihren Zeitvertreib zu akquirieren. Im beson¬
2070 1155 2967 1200 deren Fall ist die Schuld der Einleitung solch
2071 1193 2963 1248 bedenklicher Liebeständelei verschärft, weil Theo¬
2078 1225 2988 1285 dor seinen Freund Fritz von einer peinlichen!
2071 1267 2969 1336 Weibergeschichte abzulenken versucht, indem er
2081 1307 2957 1363 ihm Christine als Freundin zuführt. Der Miß¬
2068 1352 2958 1405 brauch mit echten und tiefen Empfindungen ver¬
2079 1393 2964 1441 ursacht die Tragödie der Christine. Und wenn
2072 1427 2957 1489 dies zartbesairete, sensible, mit der Leidenschaft
2067 1465 2958 1526 eben erst erwachter Neigung liebende Geschöpf
2076 1506 2966 1559 angesichts der Katastrophe kein Verständnis
2079 1544 2966 1598 dafur aufbringen kann, daß der Mann, der für
2075 1580 2959 1637 sie alles bedeutete, hingehen und sich für eine
2066 1632 2954 1682 andere Frau totschießen lassen konnte, während
2073 1666 2964 1710 er für Christine nichts als einen Gruß übrig
2068 1697 2970 1763 hatle, so ist damit die ungeheure Tragik eines
2065 1737 2585 1798 Mädchenschicksals gezeichnet.
2095 1765 2971 1825 Die Filmbearbeiter haben — ob wissentlich
2077 1816 2958 1861 oder unwissentlich, läßt sich nicht erraten — die
2078 1851 2959 1916 Schnitzlersche Grundtendenz unberücksichtigt ge¬
2074 1896 2955 1949 lassen. Das „Liebelei“=Drama bogen sie in ein
2074 1930 2957 1992 einfaches Liebesdrama um. Da geht es nicht mehr
2075 1982 2951 2025 um das bedenkenlose Spiel mit Mädchenherzen,
2079 2017 2959 2068 sondern um den effektiven Bestand von Liebes¬
2074 2049 2953 2108 beziehungen, die stark und ernst sind (Fritz läßt
2069 2087 2959 2145 sich von Christine ewige Liebe schwören!), und die
2078 2140 2949 2184 nur ihr unglückliches Ende finden, weil Fritz
2071 2165 2953 2225 das Opfer der Übersteigerung des Ehrbegriffs
2084 2211 2949 2255 innerhalb seiner Gesellschaftsschicht wird und im
2074 2247 2955 2309 Duell fällt, gegen das Theodor (Offizier gleich
2076 2285 2949 2330 seinem Freund) so flammende Anklage erhebt,
2072 2327 2951 2374 daß er quittieren muß. Auf dem Weg vom Buch,
2071 2368 2953 2410 vom Bühnenstück zum Filmmanuskript, ist also
2076 2399 2960 2446 die Schnitzlersche Problemstellung in Verlust ge¬
2074 2434 2964 2494 raten, ist die Tendenz veränderi worden Trotz¬
2073 2477 2961 2537 dem kam da ein (von Wilhelm und Alexander
2067 2521 2952 2579 unter Max Ophüls und Jarossys Mitarbeit
2076 2568 2953 2609 verfaßtes) Drehbuch zustande, das Kuliur und
2074 2604 2956 2647 dichterische Linie hat und dem Regisseur eine
2069 2636 2954 2680 Menge dankbarer Aufgaben bietet, deren Lösung
2070 2680 2946 2730 Max Ophüls, dem genialen jungen Spiel¬
2064 2715 2953 2768 leiter, größtenteils bis zur Vollendung geglückt
2076 2751 2960 2811 ist. Es sind in wunderbare Stimmung getauchte
2070 2800 2949 2849 Szenen sonder Zahl vorhanden. Und wie Opbuls
2074 2829 2956 2886 das Filmbild und die Menschen darin sieht das
2060 2875 2948 2927 bezeugt sein Wissen um das Wesen und die Kunst
2070 2917 2953 2979 des tönenden Films und seine bedeutende Ge¬
2059 2958 2339 3012 staltungsgabe.
2098 2961 2960 3049 Die Schauspieler sind von Ophüls vortrefflich
2069 3037 2954 3079 beraten. Mit Magda Schneider ist jenen eine
2057 3062 2956 3121 angenehme Überraschung bereitet die für diese
2064 3109 2951 3160 vielseitig talentierte junge Schauspielerin bereits
2063 3150 2953 3199 das Klischee der Rollen gelten ließen, in denen
2058 3185 2953 3240 man sie bisher gesehen. Magda Schneider ist eine
2051 3235 2950 3283 beseelte, süße (nicht süßliche!), eine strahlend=reine
2056 3251 2959 3318 Christine und eine Darstellerin, die einer der
2067 3307 2952 3355 schwersten Rollenpflichten die ihr je geworden,
2064 3346 2957 3394 nicht mit überl, blichkeit, sondern sichtlich mit
2060 3380 2958 3437 dem ehrfurchtvollen Willen, ihr vollauf gerecht
2060 3410 2957 3476 zu werden, gewidmet, hingegeben ist! Luise
2063 3454 2949 3512 Ullrich, eine darstellerisch gewiß ausreichende
2056 3501 2950 3563 und in der Charakterisierung wohlgetroffene,
2062 3536 2951 3584 ausgezeichnete Schlager=Mizzi hätte noch etwas
2051 3577 2943 3623 mehr Humor aus der Rolle holen müssen Wolf¬
2062 3611 2955 3667 gang Liebeneiner für den Fritz ist, bis auf
2059 3660 2938 3710 den Rest preußischen Akzeuts, der seiner Sprache
2044 3686 2951 3745 anhaftet, ebenso geeignete Besetzung, wie Willy
2055 3728 2943 3779 [Eichberger für den Theodor, Olga Tsche¬
2050 3779 2949 3840 chowa für die hysterisch=liebeshungrige Boronin
