3436 4224
292 153 648 228 Liebele
969 172 1006 227 X
285 205 698 271 „
894 1176 1426 1275 geengenwien Verblendung:
550 1196 662 1267 —
1314 1235 1472 1300 E. G.
335 1324 1293 1430 Thealer. Kunst und Musik.
323 1383 1521 1461 1& Liebelei. — Der Barbier von Verriac. Begegnet man, nach
270 1445 1516 1514 1Jahren wieder einmal diesem Jugendwerk Schniziers, der inzwischen
285 1487 1511 1580 so ganz änders seworden ist und über seiner Reise und problemati¬
293 1532 1508 1611 schen Ernsthaftigkeit nachgerade das strömende Gefühl, das ursprüng¬
303 1583 1517 1644 lich Achterische seiner Anfänge verloren hat, so ist uns, als erklänge
295 1635 1524 1686 ein verstummtes Lied wieder, als begännen verstaubte Blumen von
296 1663 1522 1749 neuem zu blühen. Wie haben wir dies Stück immer geliebt in seiner
304 1711 1517 1794 schlichten Anmut, in seine“ innigen Süße, in seiner zärtlichen Melan¬
311 1764 1514 1824 cholie, in allen diesen Tugenden, die bei einem anderen so leicht zu
303 1811 1519 1860 Untugenden werden könnten und die ganz dem Gefühlsumkreise
292 1843 1516 1912 einer geliebten Stadt entstammen. Was geschieht? Junge Leute
298 1888 1525 1968 lieben sich, verirren sich und gehen zugrunde.. Ein Jüngling irrt vom
311 1929 1526 1995 Wege ab, weil er der Tiefe seines Empfindens, weil er sich selbst nicht
293 1982 1519 2054 traut. Ein Mädel, ein liebes, weiches Geschöpf, das überall so seelen¬
297 2019 1532 2092 volle Augen haben müßse, wie sie ihm hier Frl. Schefranek lieh, zer¬
294 2058 1525 2132 bricht, weil es einem Spiel die ganze Glut seines jungen Herzens
296 2105 1534 2184 zum Opfer brachte. Kleine, abseitige Schicksale; Leid, das der Alltag
307 2153 1548 2234 nicht versteht und das sich nur Dichtern erschließt. Und welcher
871 2280 1246 2423 20 1. 1921
497 2434 1204 2524 Balzburger Velksblast
259 2631 1480 2693 #tspektor Dr. Stummer, wird die Anfrage gerichtet, auf welche
273 2667 1474 2744 Steuerträger öffenkliche Antwort erbitten: Bis zu welchem
261 2715 1491 2773 Tage reicht das Urlaubsdekret des Herrn Fachlehrers? Wurde
275 2771 1502 2844 dieser Urlaub schon überschritten? Oder soll der Urlaub dauern
260 2825 1103 2903 auf Landeskosten bis zum jüngsten Tag?
2520 738 2719 848 Wese
2754 892 2789 938 7
2007 860 2736 986 Klose & Seidel
2078 962 2684 1047 Bureeu im Zrüung S#ueschnitte
2008 1025 2723 1107 Berin NO 43, Georgenkischplatz 21
2283 1102 2436 1147 9
2219 1091 2633 1232 Weser-Zta.
1990 1198 2203 1276 Zeitung:
1984 1262 2121 1340 Ort:
2219 1234 2561 1363 Greinen
1980 1334 2734 1422 Datum: #seesseseeRARAsePEReReePeeePeraePePerPeTTER
2082 1399 2522 1524 —
2017 1514 2804 1601 „Bremer Schauspielhaus.
2279 1573 2643 1656 Schnitzler=Abend.
1920 1609 3037 1699 Ver Schnitzlers Werken wird neben seinen kleinen Novellen
1855 1689 3044 1736 wohl nur noch das Schauspiel von der Liebelei auch in zwanzig
1848 1727 3033 1776 Jahren noch erträglich sein, denn hier treibt er nicht nur ein
1860 1769 3042 1824 unterhaltsames Spiel mit geistreichen Worten, sondern rückt
1861 1829 3044 1867 auch ein volles Stück Menschenleben vor uns hin. Zwar be¬
1857 1853 3031 1911 schreibt er auch hier mehr, als daß er gestaltet, zwar kommt er
1860 1901 3045 1953 auch hier ins eigentlich Dramatische hinein, aber es steht
1855 1940 3040 1996 eine sehr feine Kunst der Beseelung hinter diesen gewöhnlichen,
1860 1988 3047 2026 schlichten Geschehnissen, denen zum großen Drama nichts anderes
1860 2039 3047 2091 fehlt als das Wichtigste, die Blutwärme des Dichters Doch:
1858 2066 3069 2154 Er ist durchaus Wiener, ein Mann mit einer süßen Wehmut,
1874 2140 3052 2210 einem heiteren Lebensüberdruß, einem spielerischen Ernst, einer
1883 2196 3048 2243 schwermütigen Lustigkeit. Man denkt bei ihm immer an den
1877 2239 3054 2295 Backfisch, der sich nach einem großen Weltschmerz sehnt und
1890 2287 3058 2337 Prallinees, hört auf seine gescheiten Worte mit wohl temperier¬
1881 2326 3062 2382 ten Gefühlen und sieht mit lauer Lust der Entwickelung der
1876 2365 3052 2430 Dinge zu, die sich letzten Endes in eine ganz windschiefe Psychoc
1882 2413 3067 2462 logie verläuft. Unter Ludwig Bargs Regie gab sich alles sehr
1875 2470 3063 2517 natürlich, sehr sein, etwas parfümiert, wie es zu Schnitzler gec.
1879 2503 3064 2549 hört, und etwas getragen ohne den Ernst der Sache allzusehr zu
1881 2543 3065 2595 betonen. Martha Schild hob die in dem einfältig guten Herzen
1878 2590 3058 2638 der Christine ruhenden Schätze tief erfühlt, war aber doch ein
1876 2630 3060 2682 bißchen zu völlig in ihren Formen für ein so armes Hascherl.
1872 2679 3067 2722 Paul Mährdel als der andere Anatol, hier Fritz geheißen, war
1882 2721 3066 2767 ein lieber Junge voll getragener Melodie. Ludwig Barg gab
1867 2765 3071 2820 dem getreuen Theodor die seelenlose Würde des halbseidenen
1879 2798 3070 2858 Gent, Gertrud Wagner war ein prachtvoll lebendiger Mensch
1879 2845 3074 2901 als süße Mizi. Den Musikus hüllte Julius Donat in eitel
1882 2890 3071 2937 Menschlichkeit und Güte. Neben ihm standen Gertrud Wagner
1882 2949 3075 2991 als Katharine und Max Schmack als der einzige Kerl im Stück
1871 2985 3069 3043 auf festen Füßen sicher im Kreis. — Der voraufgehenden Kom¬
1874 3025 3071 3078 tesse Mizzi fehlte für mein Gefühl die vornehme Ruhe, der er¬
1883 3068 3065 3122 sterbende Hauch des Verwesenden. Eine Erfüllung war nur
1889 3114 3137 3168 Paula Wirth, und sie stand so lebendig eim Rahmen, daß man ##
2851 3150 3065 3230 k. Se#
1872 3153 2279 3229 die anderen vergaß.
