3436 4192
241 131 784 231 5. Liebelei
424 126 1379 261 RLELELEL box 12/4
1459 292 2058 396 Neues Wiener Tagblatt.
2336 309 2746 378 15. Oktober 1913.
3036 304 3267 389 — —
1264 401 3300 463 Diesen hat Schnitzler ausgefüllt durch eine aus= Städten sogar gefallen hat. Auch das Publikum der
1261 448 3305 521 giebige Milieuschilderung, die ebenso reizvoll wie Volksoper zeigte sich gelegentlich der gestrigen
1279 495 3307 555 notwendig ist. Da wir es mit Gegenwartsmenschen Erstaufführung des immerhin beachtenswerten
1276 537 2298 600 zu tun haben, so hängt auch das ganze Drum und
2285 548 3312 601 Werkes sehr angeregt, es ratifizierte das günstige
1281 586 2283 654 Dran dieser Komödie mit den gewöhnlichsten Er¬
2284 590 3303 641 Urteil des Auslandes und bereitete der Neuheit eine
1280 629 2279 689 scheinungen des täglichen Lebens zusammen.
2298 635 3307 698 sehr warme, herzliche Aufnahme. Wenn die Anzeichen
1281 674 2283 734 Niemand kann daran Anstoß nehmen, daß Theodor
2292 677 3314 747 nicht trügen, dürfte die Oper sich längere Zeit im
1275 706 2285 781 mit englischem Akzent folgendes zum besten gibt:
2288 724 3315 797 Spielplan erhalten. Ein großes Verdienst an dem Er¬
1276 772 2288 827 „Eine Tischentuch. Erinnerst du dich nicht an den kleine
2286 772 3308 833 folge kommt der Aufführung zu, die in jeder Hinsicht
1276 810 2281 878 Clown im Orpheum? Das ist eine Blech. Das ist eine
2280 821 3312 874 ausgezeichnet war. Fräulein Engel brachte für die
1286 852 2288 919 Pikkolo.“ Niemand wird darüber verwundert sein,
2296 869 3307 917 Christine alles mit, bis auf das gewisse Blond eines
1279 899 2281 960 wenn Theodor seiner Mitzi zuruft: „Diese Namen
2295 915 3307 980 Wiener Vorstadtmädels. Ihre vielseitige Begabung
1281 943 2280 1005 kennst du wohl aus dem Militärschematismus.“ Aber
2285 959 3312 1017 läßt sie niemals im Stich. Auch diesmal zeigte sie
1277 982 2286 1039 jeder wird bedenklich das Haupt schütteln, wenn man
2287 1007 3306 1064 sich als interessante Sängerin, die obendrein das
1285 1040 2279 1121 ihm sagen wird, daß all dies seriös in Musik gesetzt
2297 1040 3316 1111 Glück hat, einen sehr schönen Sopran ihr Eigen zu
1282 1080 1530 1147 worden ist.
2280 1102 3315 1158 nennen. Ein reizender Gegenpart war Fräulein
1360 1109 2284 1189 Und der am meisten sein Haupt schüttelte, war
2283 1148 3312 1206 [Roeder als Mitzi Schlager. Die Rolle ist musikalisch
1275 1160 2280 1248 selbstverständlich Artur Schnitzler, der wohl mit
2289 1191 3308 1267 stiefmütterlich bedacht, die charmante Künstlerin weiß
1279 1224 2279 1278 Grillparzer gedacht haben mag, die Poesie will den
2292 1236 3314 1287 ihr trotzdem vieles abzugewinnen. Die junge Dame,
1272 1253 2274 1331 Geist verkörpern, die Musik das Sinnliche ver¬
2296 1279 3316 1342 die sich unlängst als Koloratursängerin trefflich ein¬
1281 1315 2283 1367 geistigen. Durin liegt beider Wesen und der Grund
2283 1324 3312 1387 führte, toird in der Spieloper prächtig zu verwenden
1274 1366 2281 1418 ihrer Verschiedenheit. Seiner Basis aber kann nichts
2280 1367 3309 1440 sein. Sieghaft schlug wieder der strahlende Tenor
1282 1411 2281 1467 Fortschreitendes ungestraft untreu werden, darum
2290 1425 3306 1481 des Herrn Lußmann durch, dem die Rolle des
174 1436 558 1499 usschinitt aus:
474 1402 1258 1568 Nonde Wiener Tigbiat, Wien
1266 1453 2283 1512 auch nie die Poesie dem Begriff und die Musik nie
2288 1454 3305 1522 Helden, des Fritz Lobheimer, zugefallen war. Sehr
323 1477 602 1569 75641191.
1273 1498 2282 1563 dem Sinn. Sehr wohl wußte Schnitzler, daß die
2295 1507 3314 1562 liebenswürdig waren Herr Brand als Freund
168 1547 287 1599 im:
1272 1528 2291 1608 Musik die Offiziersnamen des Schematismus nicht
2298 1562 3314 1615 Theodor, charakteristisch in Gesang und Spiel Herr
1276 1591 2288 1656 vergeistigen könne. Nichts natürlicher also, als daß
2290 1607 3307 1668 Bandler, der Vertreter des alten Vaters Weiring,
1281 1631 2278 1702 er die Umwandlung seines Schauspieles in eine
2289 1653 3313 1716 und bemerkenswert in kleineren Rollen Fräulein
1275 1679 2282 1742 Oper als eine unmögliche Zumutung abgelehnt hat.
2284 1698 3319 1754 Macha und Herr Klein. Herr Markowsky
1277 1742 2276 1790 Aber Franz Neumann, der, ehe er anfragte, mit
308 1643 1238 1821 Theater, Kunst und Titeratur.
2286 1743 3310 1807 bewährte sich neuerlich als geschmackvoller Regisseur,
1256 1756 2281 1845 der Komposition fast schon fertig war, appellierte an
2289 1792 3326 1844 er stellte sehr schöne und intime Bühnenbilder. Be¬
1269 1820 2281 1886 das Herz des Dichters, das sich nun doch erweichen
2294 1828 3321 1904 sonderes Lob gebührt dem Orchester, das unter der
324 1818 1225 1925 Schnitzlers „Liebelei als Oper.
1272 1870 2287 1956 ließ. So wurde denn die „Liebelei" ohne die geringste
2283 1892 3310 1950 befeuernden Leitung des Kapellmeisters Tittel noch
408 1883 1176 1983 Aufführung in der Volksoper.
1286 1919 2195 1985 Aenderung, ohne jedwede Auslassung vertont.
2279 1921 3312 1985 selten so glänzend gespielt hat wie gestern. Das
1364 1974 2286 2026 Franz Neumann, ein Oesterreicher, der seit
356 1956 1283 2042 Artur Schnitzler, der tiefsinnige Wiener
2293 1974 3315 2047 Publikum zeichnete den Komponisten durch viele
1280 1985 2282 2063 einem Jahrzehnt als Kapellmeister am Frankfurter
269 2016 1276 2082 Dichter, hat auch ein feines Ohr für die Musik. Ein
2293 2020 3313 2095 Hervorrufe aus. Am=Schlusse der Vorstellung erschien
1283 2054 2282 2128 Stadttheater wirkt, ist nicht die starke Persönlichkeit,
262 2063 1277 2135 Poet von edelstem Geblüt, wie er es ist, vermag sich
2284 2078 3258 2151 auch Schni#rer, er wurde stürmisch akklamiert.
1282 2101 2288 2175 die das Unmögliche möglich hätte machen können.
260 2096 1271 2173 der Eindrücke nicht zu erwehren, die die Macht der
2768 2118 3326 2204 Ludwig Karpath.
1281 2143 2293 2211 Offenbar angelockt von dem Beispiele Richard
220 2130 1270 2221 Tonkunst auf jedes zartbesaitete Gemüt ausübt. Und
1279 2195 2296 2267 Strauß', der, beiläufig gesagt, sein musikalischer Ahn¬##
236 2211 1274 2276 wer empfände zarter und reiner als ein wahrhaftiger
1274 2243 2284 2304 herr ist, hat Neumann ein erfolgreiches Schauspielf
269 2249 1279 2321 Dichter, der die Geheimnisse unsrer Seele erlauscht
1274 2290 2281 2350 musikalisch untermalen wollen. Aber die „Liebelei“
264 2301 1277 2359 und mit verstärkte. Empfindung offenbart! Wie
1282 2338 2283 2408 ist nicht „Salome“ und nicht „Elektra“, der Schau¬
250 2328 1280 2389 mändervoll versteht es gerade Schnitzler, das Gemeine
1272 2388 2309 2438 platz nicht der Palast des Herodes, nicht die Stadt;
242 2396 1271 2449 Des Alltags zu verklären, die rauhe Wirklichkeit durch
1268 2431 2295 2489 Mykene. Und dann, was Strauß erlaubt ist, bleibt
260 2417 1272 2491 die dichterische Form milder erscheinen zu lassen!
1272 2467 2289 2545 allen andern noch lange versagt. Die Frage ob
259 2479 1271 2544 Das Schauspiel „Liebelei“ hat Schnitzlers Namen
1275 2521 2297 2592 Schnitzlers „Liebelei“ bar aller musikalischen
257 2511 1267 2589 berühmt gemacht, es ist ein Beispiel dafür, mit
1282 2569 2297 2645 Elemente ist, läßt sich nicht kurzweg verneinen. Eine
255 2558 1267 2640 welchem Auge ein Poet die Menschlichkeiten des
1280 2615 2289 2675 Liebesszene ist immer musikalisch zu gestalten, also
252 2611 1263 2679 Lebens erschaut, wie er sich dessen bewußt ist, daß
1275 2664 2295 2733 auch die der „Liebelei". Vielleicht hätte man aus dem
259 2657 1263 2731 man den Schleier nicht ganz in die Höhe ziehen, daß
1270 2708 2286 2766 Schauspiel ein brauchbares Opernlibretto machen
248 2691 1260 2795 man nicht mit plumper Hand zutappen darf, wo man
1268 2746 2290 2821 können. Fraglos ist nur, daß die Vertonung des
252 2747 1163 2817 das Gefühl des Empfangenden anrufen will.
1273 2796 2295 2872 Schauspiels in dessen Urform untunlich war. Man
339 2799 1259 2881 Wie teilnahmslos stünden wir dem „Süßen
1273 2850 2288 2914 berufe sich nicht auf Puccini, der j ebenfalls Dinge
261 2842 1258 2925 Mädel“, dieser Christine gegenüber, kennten wir alle
1279 2879 2291 2969 und Situationen des Alltags musikalisch zu
257 2899 1260 2975 Phasen ihrer Liaison mit dem jungen Lebemann
1279 2934 2281 3009 illustrieren versucht hat. Die eindringliche, süße
252 2960 1264 3004 Fritz, der wegen einer andern Frau im Duell er¬
1276 2974 2296 3054 Melodik Puccinis schlägt alle Argumente tot. Hätten
261 3002 1258 3066 schossen wird. Die Stürme in dem Herzen Christinens
1271 3038 2278 3103 die Einfälle des Herrn Neumann eine wuchtende, be¬
248 3046 1265 3105 bewegen uns, weil sie es nicht weiß, daß mit ihrer
1265 3082 2280 3152 zwingende Kraft, sicherlich würde sein Werk von einem
263 3086 1260 3166 Empfindung bloß getändelt, gespielt wurde. Hätte
1275 3131 2282 3197 andern Gesichtspunkte aus beurteilt werden. Das ist
258 3125 1254 3196 sie sich mit vollem Vorbedacht den Freuden und
1266 3176 2287 3251 aber nicht der Fall und so sehen wir immer nur
244 3168 1263 3252 kleinen Leiden eines landläufigen Liebesverhältnisses
1272 3224 2296 3271 Artur Schnitzler mit seinem Meisterstück vor uns,
246 3235 1266 3295 hingegeben, was würde uns das weiter anfechten.
1265 3266 2290 3337 dem Herr Neumann Gewalt angetan hat. Wie sehr
253 3282 1257 3351 Der Flirt eines jungen Mannes aus der guten
1265 3320 2272 3371 der Komponist gefühlt haben mag, daß die vor¬
250 3308 1267 3393 Gesellschaft erregt nicht unser Interesse, er ist eine
1264 3368 2283 3413 handenen Worte nicht ausreichen zur Erschöpfung
257 3362 1257 3437 alltägliche Erscheinung, eine Liebelei, der man gar
1269 3411 2293 3485 des Stimmungsgehalts, beweist seine Flucht in das
253 3415 1260 3483 keine Bedeutung beimißt. Da ist ja das zweite Paar,
1275 3459 2282 3531 Orchester. Nicht weniger als drei große Instrumental¬
254 3464 1253 3530 die Mizzi Schlager und der Theodor. Die wissen
1273 3508 2292 3560 nummern sind in dieser Oper enthalten, als wollte
253 3512 1263 3572 genau Bescheid und warten förmlich auf den Augen¬
1266 3541 2288 3623 der Komponist gleichsam im Orchester aussprechen,
247 3545 1261 3628 blick, in dem mit einer flüchtigen Träne der Abschied
1262 3605 2284 3669 wozu ihm auf der Bühne kaum Gelegenheit geboten
254 3604 1253 3659 für immer erfolgt. Aber Christine! Sie glaubt an
1264 3650 2286 3697 wird. Er hat uns leider nichts geschenkt, was die
249 3649 1258 3712 eine aus der tiefsten Tiefe quellende Liebe, sie ist
1270 3690 2290 3758 Banalität seines Unternehmens hätte mildern
238 3698 1260 3762 sicher, daß Fritz früher oder später ihr alleiniger
1261 3731 2276 3809 können, nicht einmal den Marsch von J. F. Wagner
223 3724 1265 3802 Besitz sein werde. Darum haben wir Mitleid mit ihr,
1268 3788 2277 3838 „Unter dem Doppeladler“, unter dessen Klängen wir
246 3795 1253 3851 als es ihr zum Bewußtsein gelangt, daß sie nur
1274 3833 2276 3895 zur Wacheablösung in den Burghof zu marschieren
256 3846 1261 3897 Gegenstand einer „Liebelei“ gewesen sei. Aus dem¬
1261 3876 2285 3939 gewöhnt sind. Man müßte von einem geringen Maß
252 3876 1252 3944 selben Grunde wendet sich unsre Teilnahme ihrem
1261 3923 2283 3989 künstlerischen Denkens und Empfindens sprechen,
240 3930 1260 3988 Vater, dem alten Theatergeiger Weiring zu. Auch
252 3974 1264 4026 der war in dem Irrwahne befangen, der reiche
1263 3972 2282 4030 würde Herr Neumann nicht auch Eigenschaften auf¬
245 4019 1252 4075 S#dtherr müßte es ernst meinen. Zwar Weiring,
1265 4026 2274 4069 zuweisen haben, die das Gegenteil bekunden. Er
232 4054 1259 4122 ! ded im Theaterleben erfahrene Mann, hätte steptisch
1267 4064 2294 4126 ist zweifellos ein ausgezeichneter Musiker, ein starker
