3484 4224
428 182 804 259 Liebelei
941 178 1391 281 box 12/3
263 185 410 269 5.
406 226 821 302 A— — a a — A. — 4.
1318 329 1462 387 — — —
747 354 1210 415 (Quellenasgabe ohne Gewäts).
419 385 1396 486 Ausschnitt aus: Neues Wiener Journal, Wien
423 521 569 582 vom:
585 530 1069 637 BIZ
352 688 1527 760 (Deutsches Volkstheater.) Man seierte gestern Artur
248 725 1518 816 Sch.nitzbers fünfzigsten Geburtstag durch eine würdige Auf¬
253 793 1505 854 führung des Schauspiels „Liebelei“. Schnitzlers dichterische Per¬
250 840 1523 912 sönlichkeit prägt sich in dem kleinen, duftigen Stück wohl am
249 893 1504 951 kräftigsten aus, Herr Kutschera gab dem Weiring Farbe und
248 923 1546 1014 Leben. Fräulein Ehren holte die tiefere Sentimentalität, die in
251 1006 1524 1061 Christinen steckt, nach Möglichkeit heraus und Fräulein Waldow
253 1045 1525 1114 schuf als Schlager=Mizzi ein interessantes Charakterbild. Herr
263 1103 1528 1162 Edthofer war als Fritz Lobheimer der richtige liebe Kerl, der sich
262 1145 1524 1211 über Gefühlstiefen lächelnd hinwegschwingt. Die Herren Günther
259 1197 1523 1262 und Klitsch schlossen sich mit hübschen Leistungen an. Dann folgte
264 1242 1519 1300 eine Aufführung der Groteske „Der grüne Kakadu“. Wieder
260 1286 1527 1357 bezwang die hinreißende Keckheit dieser von grimmigem Humor
261 1351 1520 1398 erfüllten Komödie. Die Wogen der französischen Revolution, die
256 1392 1519 1441 draußen wild aufschäumen, geben dem Stück seltsame Stimmung.
251 1434 1535 1515 Besonders traten hervor Fräulein Galafrés sowie die Herren
259 1477 843 1554 Homma, Kramer und Lakner.
300 1834 1246 1962 Ausschnitt aus: Mnstriertes wieher Extrablatt
872 1933 1046 2008 Wien
462 1945 765 2041 I6MlE
305 2008 452 2061 vom:
421 2069 1336 2148 Deutsches Volkstheater. Diese Bühne felerte
306 2130 1329 2216 gestern Artur Schnitzlers.50. Geburtstag mit
1292 2176 1328 2208 —
341 2206 1349 2273 einer Aufführung von „Liebelei" und „Der
328 2270 1342 2322 grüne Kakadu“, doch nicht etwa, um sich einer
324 2298 1347 2354 lästigen Verpflichtung ungefähr zu entledigen sondern
336 2341 1338 2388 mit Lust und dankbarer Freude. Das merkte man
326 2380 1349 2424 wohl. Obschon die beiden Stücke im Spielplan. wie's
334 2419 1345 2463 in 5r Theatersprache heißt, stehen“ fest und sicher
329 2460 1349 2511 beng. wurden sie doch mit Rücksicht auf die festliche
334 2498 1342 2549 cht genauen Retouchen unterzogen. Gewissermaßen
328 2538 1353 2588 z# festlich beleuchte### innerem, geistigem Schauplatz
342 2577 1353 2616 wurde gestern gespir. In der „Liebelei“ war Fräulein
335 2615 1348 2664 Ehren neu als Christine. Früher Fräulein Hannemann.
336 2646 1335 2702 Nicht nur die Lebenden, auch die Engagierten haben
336 2689 1346 2750 Recht. Besonders wenn sie so begabt sind wie Fräu¬
335 2725 1337 2777 lein Ehren, und so viel Eigenes, echt Gefühltes, aus
327 2765 1344 2801 dem versammelten Schatz eines liebenden Mädchen¬
336 2802 1341 2846 herzens spenden. Zartheit wie Kraft sind da, Er¬
325 2837 1336 2892 wachen, Wachsen und Werden des Gefühls bis zum
325 2878 1341 2917 tragischen Aufschrei und letzten Zusammenbruch. Die
328 2914 1342 2972 Damen Waldow und Thaller, die Herren
328 2952 494 3001 Kuts
595 2962 1334 3001 ra, Edthofer, Günther und
1231 2996 1339 3047 Der
325 2988 1184 3049 Klitsch bewährten sich gewohntermaßen.
338 3030 1340 3089 ironische und satirische Esprit des „Grünen
326 3066 439 3111 Ka
502 3054 1336 3111 du“ mit seinen wechselvollen Ueber¬
329 3102 1349 3158 raschungsspielen, die mit Schein und Wirklich¬
335 3145 1335 3188 keit jonglieren, wirkte so unverbraucht, wie am ersten
325 3184 1340 3233 Abend. Herrn Hommas kostbarer Gauner Grain —
323 3214 1335 3266 der Kakadu als Galgenvogel! — die lüsterne, kokette
329 3254 1334 3308 Léocadie der Frau Galafrés — Herrn Kramers
320 3290 926 3354 prachtvoller Komödiant Heuri
920 3297 1343 3362 — dazu die anderen
325 3334 1343 3374 alle! Wäre der vor den Geburtstagsehren nach dem
338 3374 1337 3415 Süden geflohene Dichter im Hause gewesen, er hätte
322 3416 1345 3464 gewiß seine Freude gehabt an der Darstellung, an der
334 3450 1343 3509 Regie, dem Publikum und an seinen Stücken sicher
324 3489 460 3540 auch
1877 290 2170 399 Aussehnitt
2164 316 2783 436 rdfidenblat, inven
1773 397 2010 479 Sam
2085 512 2910 638 Theater und Kunst.
1892 599 3189 716 (Deutsches Volkstheater.) Zu Schnitzlers Geburtstag
1782 644 3183 777 „Liebelei" und „Der grüne Kakadu“, zwei Werke, die
1776 687 3174 812 im Schaffen Schnitzlers Wegweiserdienste tun. In der „Liebelei“ be¬
1774 723 3171 862 kommt das leichte Wienertum der „Anatol“=Szenen zum erstenmal
1779 768 3172 929 einen tragischen Alzent, im „grünen Kakadu“, diesem unglaublich
1765 827 3182 966 farbigen, von Einfall wahrhaftig sprühenden Werk, nimmt der Dichter
1763 872 3160 1009 seine Gestalten aus einer anderen Welt und sie haben doch die an¬
1757 918 3163 1056 mutige Leichtigkeit, die seine Grazie seiner wienerischen Figuren, ohne
1759 964 3161 1093 den Stoffkreis dieses Revolutionsbildes zu stören. So gehört dieser
1760 1009 3162 1184 kleine Einakter vielleicht zur stärksten, sicher aber zur bleibendsten
1750 1071 3164 1181 Schnitzlerischen Kunst. Die „Liebelei"=Aufführung des Volkstheaters
1752 1104 3153 1242 kennt man schon. Herr Edthofer, Herr Kutschera und das
1737 1160 3152 1302 lustige Fräulein Waldow sind da ausgezeichnet. Fräulein Ehren
1742 1216 3139 1360 als Christine kam gestern mit ein paar schönen Empfinduugstönen
1741 1267 3143 1416 neu hinzu und der Theodor des Herrn Günther wurde in der
1729 1305 3134 1447 festlichen Beifallsstimmung des Hauses freundlich mit aufgenommen.
1738 1351 3124 1494 Im „grünen Kakadu“ spielen die Herren Kramer, Klitsch,
1733 1408 3136 1550 Lackner, Huber, Askonas, Russeck, Fürth, Weiß,
1718 1448 3134 1604 Schreiber, Homma, Brady, Amon, Böhm, Leyrer,
1722 1500 3135 1647 die Damen Galafrés, Schweighoser, Balten, Pellar
1722 1559 3120 1672 und Hermanotti in dem reizvollen Durcheinander von Theater
1722 1611 3128 1753 und Leben, ohne daß es gelänge, die Possierlichkeit des Spiels mit
1720 1649 3124 1789 dem Ernst des Wirklichen zu verquicken und schließlich ins Tragische
1712 1701 3118 1843 zu steigern: Eine französische Revolution, bei der Herr Kramer
1711 1737 2005 1814 Regie führt.
1697 2355 2142 2480 A#sscamtl aus
2016 2412 2480 2515 Ost. Volks Z.
2496 2414 2874 2510 ung, Wien
2485 2490 2692 2595 sgabe)
1722 2494 2439 2601 zem: 10 Se Wiene
2491 2611 2777 2696 dürftig ist die
1850 2636 2385 2713 Deutsches Volkstheater.
2470 2676 2759 2738 ab „Liebelei“
1768 2691 2388 2774 „Schuitzlerfeier“ gestern ausgefallen.
2465 2716 2773 2785 en Hauptrolle.
1771 2735 2358 2805 ohne richtige Vertreterin der
2456 2767 2770 2825 ie zerweint diese
1773 2772 2398 2847 Fräulein Ehren ist keine Chrif
2427 2810 2769 2874 uf der Oberfläche
1785 2823 2379 2904 Rolle, alles Gefühl schwimmt bei
2414 2852 2746 2917 rein mechanisch —
1786 2869 2388 2926 eines Tränensees. Das Gemüt arb
2441 2890 2780 2959 in seiner schlichten
1773 2908 2388 2972 äußerliche Gemütsgymnastik. Pra¬
2458 2942 2780 3003 ein vollblütiger
1788 2953 2370 3016 Größe ist Kutscheras We
2385 2984 2786 3054 äulein Waldow.
1789 2993 2383 3063 Typus die Schlager Mizzi de¬
2351 3023 2779 3097 e Kakadu“. Die
1792 3040 2357 3117 Den Schluß bildete „Der gr
1784 3055 2799 3157 Darsteller, die vor sieben Jal# gespielt, waren auch!
1784 3165 2802 3254 gestern am Platze. Herr Homma mit seinem köstlichen
1791 3215 2805 3318 Galgenvogel Grain. Herr Kramer ein feurig=nervöser
1792 3262 2803 3338 Henri, Frau Galafrés eine blendend=gleißende
1797 3303 2791 3379 Leocadie, sehr munter die Damen Waldow und
1791 3341 2804 3422 Pellar und dann noch die Herren Rüsseck, Weiß,
1804 3384 2812 3464 Askonas, Schreiber, Klitsch und Fürth.
1797 3440 2814 3536 Aber im ganzen betäubte diesmal diese Revolutions¬
1797 3475 2812 3557 groteske mehr als daß sie als Austakt der großen Er¬
2620 3519 2774 3575 L. F.
1800 3540 2316 3602 hebung eines Volkes wirkte.
