3392 4256
419 190 803 257 Liebelei
869 190 1401 282 box 11/5
241 190 890 290 5. Lreszfer
1660 1483 3360 1552 logisch vertieftes Musikdrama, Jondern eben nur eine Operf beachtenswerter Höhe erschei
1660 1532 2810 1592 herausgekommen, wobei also die Musik mit wenigen Ausnahmen
2820 1531 3363 1595 ferner die Einschiebung eine
616 1490 1518 1639 Frankfurter Opernhaus.
1656 1567 2820 1624 mehr dekorativ den Vorgängen aufgesetzt erscheint. Findet man
2812 1571 3363 1638 heimer Liederbuch. Das sch
1664 1610 2810 1671 sich aber mit dieser Tatsache ab, und nimmt man auch darauf
2828 1606 3367 1692 dem Wesen Christinens und
511 1614 1651 1686 „Liebelei", Oper nach dem gleichnamigen Schauspiel
1656 1648 2824 1712 Rücksicht, daß Herr Neumann noch so ziemlich im Anfange sei¬
2829 1649 3354 1720 schen Ruhepunkt. Auch
528 1663 1654 1723 on Arthur Schnitzler, Musik von Franz Neumann,
1656 1672 2817 1746 ner Laufbahn als Opernkomponist steht, so wird man die ge¬
2817 1695 3343 1750 einem Tanzwalzer das
761 1701 1387 1771 führung: 18. September.)
1662 1726 2816 1788 schickte Mache und die musikalisch treffsichere Ausnutzung des
2816 1735 3229 1800 herangezogen ist,
3205 1735 3362 1796 erhöht
543 1754 1648 1817 Während bisher die Leitung unserer Gesangsbühne mit
1650 1759 2821 1830 Theater=Effekts, die sich in dieser Partitur schon findet, als
2820 1776 3356 1835 nicht wenig. Auffallend
500 1774 1650 1854 Vorliebe und meist vergeblich in der Ferne suchte, was ihr
1647 1793 2822 1849 eine bedeutsame und noch vieles verheißende Talentprobe be¬
2815 1805 3352 1868 der Besuch des Herrn.
507 1830 1660 1904 fehlte: brauchbare und zugkräftige Neuheiten, so lag diesmal
1647 1842 2816 1908 zeichnen dürfen. Bis auf wenige, von Schnitzler selbst an¬
2820 1847 3377 1911 Rahmen dieses auf einen im
497 1866 1647 1930 für sie das verhältnismäßig Gute wirklich nahe. Der an un¬
1665 1877 2808 1957 gegebene Striche ist der Text des Dramas wörtlich durch¬
2822 1876 3365 1954 ten Aktes doch nicht zu viel
501 1907 1648 1958 serem Opernhause verdienstlich wirkende junge Kapellmeister
1651 1908 1915 1977 komponiert.
2818 1929 3365 1986 bleiben. Doch zeigt das M
502 1943 1660 2007 Franz Neumann hat neben seiner beruflichen Tätigkeit
2823 1977 3359 2030 Physiognomie als beispielswe
1717 1964 2817 2028 In der Handlung des in Frankfurt wiederholt aufgeführ¬
489 1983 1650 2047 die Komponisten=Feder nie ganz ruhen lassen. Außer manchen
2823 2015 3369 2065 das an italienische Vorbilde#
1656 1998 2817 2077 ten Trauerspiels kehren nun in Theodor und Fritz jene von
482 2015 1646 2072 anderen Arbeiten schrieb er neuerdings nach A. Schnitzlers
2824 2058 3343 2102 tief genug aus Herz greift.
1654 2053 2822 2093 dem Dichter auch anderswo geschilderten Typen leichtsinniger,
487 2060 1655 2124 Schauspiel die Oper „Liebelei“ die gestern nun unter
2818 2094 3347 2158 kleinen Fuge im Vorspiel
1661 2091 2822 2161 junger Kavaliere wieder. Doch nicht durch diese, auch nicht
481 2092 1657 2164 dem rauschendsten Beifall des Publikums ihre Urauffüh¬
2814 2129 3368 2183 Binder hervorzuheben, wor
1662 2125 2819 2191 durch das unbekümmerte Wiener Vorstadt=Mädel, die Mizi,
480 2140 1656 2197 rung erlebte. Mag bei dieser enthusiastischen Aufnahme ein
2815 2165 3369 2224 Klatschbase nicht ohne Hum
1660 2170 2821 2226 siegt Schnitzler in diesem Drama, sondern durch die arme
492 2178 1649 2242 in diesem Falle leicht zu verstehender Lokalpatriotismus ein
2818 2211 3361 2266 setzte Wesen des alten Weir
1655 2213 2812 2258 kleine Christine, das stille süße Geschöpf. Wie ihre erste Liebe
489 2215 1646 2275 sehr gewichtiges Wort mitgesprochen haben, so zweifeln wir
1661 2247 2822 2305 sie so unnennbar selig macht, wie sie notwendig zu Grunde
2813 2244 3364 2304 malt, wohingegen das große
493 2248 1643 2318 goch keineswegs, daß das Werk auch für sich allein die Feuer¬
1659 2288 2824 2345 gehen muß, sobald sie erkennt, daß der Liebste nicht ihr allein
2813 2289 3371 2346 man eigentlch erwarten dur
485 2280 1657 2365 laufe im ganzen wohl bestanden hätte. Denn trotz allem
1651 2317 2823 2399 gehört und einer Anderen mehr als ihr zu opfern imstande
485 2318 1642 2384 Fklektizismus und sonstigen Schwächen erweist sich die Opern¬
2813 2323 3366 2392 synkopierte Alforsfolge bei
1662 2359 2809 2416 ist, das alles ist wunderbar in gedämpften Farben und matten
489 2364 1654 2442 fassung der „Liebelei“ als ein in Bezug auf die Technik geschickt
2818 2367 3361 2429 mich eine sosche Sehnsucht g#
1649 2396 2817 2460 Tönen, dabei doch voll Frische und Lebenswahrheit von dem
484 2400 1645 2464 verfertigtes musikalisches Bühnenstück, wie es bei dem heutigen
2820 2403 3364 2471 ventionelles Phrasentum; auf
1663 2439 2820 2496 Dichter geschildert. Das tragische Schicksal der kleinen Violin¬
489 2442 1653 2510 Stande der Opernproduktion immerhin zu den Seltenheiten
2813 2447 3328 2509 leise angeschlagen wird,
1662 2482 2809 2541 spielerstochter greift ans Herz, hinreißend, Tiefinnerstes auf¬
491 2485 1642 2544 gehört. Eine andere Frage bleibt freilich, ob ein so von innerer
2820 2491 3363 2550 In den pathetischeren Abschn
1653 2513 2817 2572 rührend. Holdseligste Lyrik vergoldet dieses Trauerspiel, das,
499 2517 1652 2581 Rusik getränktes rezitierendes Drama wie Schnitzlers „Liebelei“
2826 2520 3362 2591 weise Neumanns ebenfalls
1659 2562 2816 2619 ein ausgereiftes Kunstwerk, seinesgleichen unter den Schöpfun¬
496 2565 1657 2632 aberhaupt der Umwandlung zur Oper bedurft hätte. Der
2815 2560 3376 2631 Vorbildern. Fast fühlte ma
486 2597 1650 2645 Viteraturfreund würde es verneinen müssen. Dagegen vom
1649 2594 2817 2661 gen der Jüngeren sucht. Der musikalische Bearbeiter hatte,
2811 2602 3358 2670 italienische Oper versetzt,
483 2607 1644 2697 Standpunkt des Opernliebhabers könnte es unter Umständen
1637 2627 2820 2703 wenn er die Aufgabe so wie Herr Neumann auffaßte, nach
2824 2640 3364 2708 Nur das volkstümlich gehal
491 2667 1648 2735 als ein Gewinn, wenn auch in erster Linie mehr praktischer
1645 2684 2817 2735 zwei Richtungen sein besonderes Augenmerk zu richten. Er¬
2816 2683 3367 2746 schaut zum Fenster hinaus“
489 2702 1657 2752 Art, im Hinblick auf das stagnierende Opern=Repertoire betrach¬
1660 2715 2817 2777 stens mußte er die spielerische Grazie der heiteren Szenen der
2828 2725 3364 2789 sich wie ein erwärmender S
495 2741 1649 2801 tet werden. Doch diese Frage ist müßig, seitdem es immer mehr
1656 2749 2817 2812 jungen Leute, sodann die tragische Seite des Stückes musikalisch
2819 2760 3366 2827 heraus. Peinlich berührt es
491 2789 1648 2836 Prauch zu werden scheint, fertige Dramen glattals Textunter¬
1649 2784 2821 2855 wirksam wiedergeben. Das Erstere ist dem Komponisten
2821 2803 3375 2866 mitten in der ergreifenden
492 2822 1656 2886 lage für Opern zu verwenden. Und wönn schon die Dichter
1653 2825 2807 2896 ohne weiteres ausgezeichnet gelungen. Seine gefällige, wenn
2810 2836 3360 2913 Theodor um Zündhölzer bitte
489 2858 1660 2935 degegen nichts einzuwenden haben, so braucht man es schließ¬
1661 2856 2815 2926 schon nicht eigentlich originelle Musik weiß hier den öster¬
2808 2882 3369 2949 Dialog Schnitzler noch wei
494 2896 1651 2970 lich auch einem jungen, strebsamen Opernkomponisten, der sich
1654 2909 2822 2973 reichisch=französischen Einschlag des Dramas unmittelbar über¬
2823 2921 3366 2980 nehmen dürfen. Mit einem
485 2936 1657 3000 von A. Schnitzlers Drama mächtig angezogen fühlt, nicht zu
1658 2945 2805 3007 zeugend zu treffen. Das echt Wienerische Tanz=Element, das
2814 2970 3375 3037 Rückblick, der alle wichtigere
490 2992 1658 3049 serübeln, wenn er durch seine Tonsprache glaubte die dort ein¬
1661 2977 2808 3042 sich wie ein roter Faden durch den ganzen ersten Akt hinzieht,
2828 3008 3374 3060 noch einmal zusammenfaßt,
491 3016 1648 3077 geschlossene. ganz eigene Poesie zu heben und zu verstärken.
1664 3021 2815 3086 die Leichtflüssigkeit und Diskretion seiner musikalischen Konver¬
2816 3045 3366 3097 Im wesentlichen wird er a
482 3059 1654 3117 Denn eine schmerzlich=süße Welt, von zartem Leichtsinn durch¬
1662 3065 2809 3122 sation lassen unschwer erkennen, wo Herrn Neumanns eigent¬
2819 3086 3363 3145 rial bestritten, das zum T
481 3094 1659 3155 weht, von schwermütigem Zweifel umwitteirt, von holdem Be¬
1652 3096 2806 3163 liche Stärke liegt: auf dem Gebiete der komischen Oper. Gleich
2828 3121 3375 3193 sinnfälligen Klangwirkungen
483 3137 1655 3194 trug umspielt, wird in Schnitzers „Liebelei“ vor uns aufge¬
1651 3137 2818 3200 das Auftritts=Motiv der jungen Herren nimmt durch prickeln¬
2823 3164 3370 3221 Lob verdient die Instrumen
480 3166 1652 3229 tan. Romantisches und Realistisches verquicken sich hier zu
1656 3178 2817 3244 den Reiz für sich ein. Wie Schnitzler deutet auch der Komponist
488 3205 1656 3255 seltsamem Bunde, wie denn die „Liebelei“ auch als Uebergangs¬
2814 3195 3378 3275 Genreszenen eine Fülle des
1656 3215 2806 3272 vieles gleichsam apostrophisch an, und da ein gefälliger melo¬
490 3240 1661 3315 drama von der naturalistischen Schule zum modernen Roman¬
2822 3239 3358 3313 denen bietet. Auch daß sich
1649 3235 2821 3314 discher Einfall rasch nach dem andern folgt, so kommt man
489 3272 1660 3340 tismus ihre Bedeutung behalten mag. Ein modernerer R. Schu¬
2822 3292 3362 3349 Ueberspanntheiten fernhält,
1649 3299 2814 3354 gar nicht recht dazu, sie auf ihre Qualität hin im Einzelnen
488 3323 1660 3386 monn vielleicht hätte die geeignetsten Töne für dieses Durch¬
2826 3328 3366 3394 erwähnt, in der technischen
1657 3343 2818 3399 zu prüfen und läßt das lockere Tonspiel freundlich an sich vor¬
481 3349 1659 3423 einanderfluten verschiedenartigster Stimmungen, von Schmerz
2819 3366 3373 3429 Gewendtheit verrät, sei ihm
1648 3370 2816 3423 überziehen. Bedeutsamer wird die Musik erst, als Christine unter
482 3394 1657 3465 und Spiel, Lächeln und Sterben finden können. Unser Kom¬
2806 3398 3364 3467 er sich vertiefen und zur se
1654 3407 2811 3460 weichen sanften As dur=Harmonien erscheint. Wie dann das
481 3432 1660 3501 ponist faßte jedoch seine Aufgabe weit mehr äußerlich an. Er
2811 3442 3361 3510 größeren Ursprünglichkeit du
1652 3456 2817 3503 frohgemutere, lebenslustigere Paar Theodor und Mizzi und der
482 3461 1650 3541 hat eine Opernmusik geschrieben, die zwar effektvoll ausge¬
1654 3491 2818 3556 leichtsinnig=schwermütige Fritz und die still=schwärmerische
2814 3478 3365 3552 für die Zukunft berechtigte
489 3521 1661 3577 führt ist, aber nicht unbedingt Schnitzlerische Wesensart
1650 3526 2821 3601 Christine musikalisch auseinandergehalten werden, das läßt
2877 3531 3364 3596 Die Aufführung kann auf
486 3533 3361 3589 Eiram##i denn bei dieser Verionung kein psycho= das Charakterisierungs## mögen Neumanns bereits auf sehr! Regie (Herr Intendant Ner
