3484 4320
285 131 1430 276 5. Liebelei box 10/3
490 878 1643 957 Deutschen Handelstages, in der neuesten Numimer der „Nu.
1758 889 3022 980 Verließ nämlich der Untersuchungsrichter beim Landgerich.! Aut.
480 928 3378 1004 kleine lehrreiche Studie. Gegenüber den Behauptungen der Agrariersde m Flüchtigen einen Steckbrief. Der junge R., der von seinem Vater mehrere Tage best
485 997 3376 1065 von einer allgemeinen Nothlage der Landwirthschaft versucht Frentzelein Vermögen von einer halben Million Thaler ererbt hatte, wurd e wegen einem Nachbarort
496 1052 3391 1095 nämlich die Frage zu beantworten, ob es wahr ist, daß nach denswissentlichen Falscheides verfolgt und sollte in Untersuchungs=I Nachmittags=Schn#
482 1144 3380 1180 das still poesievoll Schlichte das aus dieser herrlichen Mädchengestalt, etwas Wunderbares. Und man darf gespannt sein, was von heut abl an die Lippen sc
1777 1166 3062 1223 ein gewissermaßen neuer, frisch entdeckter und an den ersten Er¬
3055 1168 3388 1243 eigenartigen Ver
484 1179 1800 1248 der Christin', sprach: Jeden mußte es bezwingen! Und'nun sah man
3058 1206 3388 1278 bereitet. Schli
1779 1210 3056 1300 fahrungen schon gereifter Dichter künftig zu bieten haben wird. Was
483 1228 1796 1296 im zweiten Akt Christinens Heimath. Ihren Vater mit dem sie haust,
3054 1263 3391 1325 Blätter“ den W
1779 1268 2541 1337 es auch sein wird: es wird Poesie sein.
497 1273 1796 1341 den Josefstädter Violinspieler, der eine so prachtvoll milde und in dieser
3062 1306 3384 1377 Struwelpeter=Päl
1840 1305 3071 1376 Ich kann diesen Bericht nicht schließen, ohne den Namen einer
487 1315 1801 1373 Mildheit fast kühne Weltanschauung birgt. Er meint, daß für ein
1794 1358 3064 1423 Frau zu nennen, die wesentlichen Antheil an dem großen Berliner
3066 1349 3392 1414 gemacht, und Ge
493 1369 1788 1428 Weib untugendliche Erinnerungen vielleicht besser sind, als ein Leben
3062 1400 3391 1466 Anzeige des dil
1791 1405 3064 1466 Ersolge des jungen Meisters hat: Agnes Sorma. Wer sie nicht in
490 1414 1785 1476 voller Tugend ohne Erinnerungen — und auch obne Glück. Eine
1781 1449 3384 1503 ihrer verhaltenen Liebesfülle gesehen hat und ihre Stimme nicht spezialität, welche
489 1465 1784 1536 Schwester hatte er, die als altes Fräulein starb, und die er treu be¬
1791 1497 3386 1558 mädchenhaft vibriren gehört hat, keusch und bangend, himmelhoch sitzt und den ##
496 1509 1784 1574 hütete vor allen äußeren Anfechtungen; aber zuletzt? „— ich hätt'
3056 1538 3397 1613 Lumpenthun na
1788 1541 3072 1617 jauchzend, zu Tode betrübt, dem ist eine Welt voll tiefen Zaubers
494 1564 1786 1623 mich ja am liebsten vor ihr auf die Knie hingeworfen, sie um Ver¬
2948 1591 3017 1662 r.
3057 1594 3376 1647 zu übertreiben,
497 1597 2021 1678 zeihung bitten, daß ich sie so gut behütet hab' vor allen Gefahren —entgangen.
3061 1636 3395 1703 thums zu baden
501 1648 1800 1709 und vor allem Glück!“ Die Reue — du lieber Gott! „Na und
3052 1681 3385 1745 erscheint auf je
489 1693 1799 1750 was bleibt denn übrig, wenn sie nicht einmal was zum Erinnern
3051 1731 3388 1792 übersetzt, die bei
2127 1706 2704 1815 Wiener Plaudereien.
494 1738 1800 1806 hat —? Wenn das ganze Leben nur so vorbeigegangen ist, ein Tag
3059 1774 3392 1846 lund psychisch die
2590 1770 3023 1857 Wien, 7. Februar.
497 1778 1807 1843 wie der andere, ohne Glück und ohne Liebe — dann ist's vielleicht
3054 1821 3383 1884 der Wiener für
500 1836 1813 1897 besser?“ Im übrigen passirt nichts in diesem Akt, als daß Fritz zum
1839 1822 3069 1895 Der Wiener Fasching amüsirt nicht allein die Großen, von Back¬
3068 1874 3390 1934 äugigkeit für diel
491 1887 3064 1955 ersten Mal die Wohnung der Geliebten betritt und sich in ihrem Dunst=Ifischchen und Primanern an gerechnet, er läßt auch die lieben Kleinen
3057 1909 3390 1980 man da auf Sch
504 1926 1796 1995 kreis mrlancholisch weidet; nicht ganz wie weiland Faust; es ist am letzten
1786 1932 3064 2014 nicht leer ausgehen und bietet ihnen zur Erbauung und Unterhaltung
3054 1960 3393 2024 das Plakat kenn
498 1976 1804 2034 Abend seines Lebens. Hier, ahnt er, wäre sein Glück gewesen. Unbeschreib¬
1790 1988 3060 2047 auf Planken und Litfaßsäulen ein unzerreißbares Bilderbuch, dessen
505 2008 1807 2085 lich schön finde ich auch diesen Akt. Wenn wir in der Gegenwart einen
1796 2012 3392 2090 Blätter manchmal einen modernen Boccaccio reizen könaten, den Texteinem Ausschnitt
501 2066 1800 2128 Dichter haben, der an die unvergängliche Ueberlieferung der Gretchen¬
1792 2059 3384 2135 dazu zu schreiben. Man sieht da in bunter Farbigkeit und strammerder schönen blau
493 2114 1800 2170 gestalt anknüpft, an die schlichteste und hinreißendste Zeichnung eines
3111 2107 3383 2183 Aber man ##
1791 2126 3065 2186 Zeichnung die Orgien in den Nachtlokalen „mit weiblicher Bedienung“
501 2161 1804 2220 einfachen Mädchens, so ist es Schnitzler. Der Abschied von dieser
1788 2158 3394 2242 die intime Vertraulichkeit der Maskenscherze, die kecksten Cancan=Pas, ssonders verstimm
511 2217 3362 2283 Liebsten, die nichts weiß und doch fast die ganze Wabrheit fühlt, istausgeführt von Dämchen, deren Kostüme wahrhafte Verneinungenfschrillt. Nein.
511 2239 3394 2325 erschütternd. Im dritten und letzten Akt erfährt sie alles. Es ist der Bekleidung sind, und mehr dergleichen „Wandgemälde“ pikantester erbärmlich finden
498 2304 1800 2368 vorüber: er ist todt. Und nicht nur todt: er ist schen begraben.
1802 2312 3387 2372 Art, welche die hochwohllöbliche Polizei in rührender Naivelät passiren der Phäakenstadt
510 2348 1798 2416 Das wirkt in einer Umgebung, die nicht frei ist vor. Längen und
1793 2355 3381 2422 und an allen Ecken und Enden der Stadt prangen läßt, — vielleicht Dinge und seine
512 2393 1808 2449 allzu reflektiven Elementen, doch mit starker Gewalt. Sie rennt
1799 2388 3395 2465 gar aus einem edlen Motive, aus Mitleid für Jene, denen ein grau=bilden, auf den
508 2443 1231 2523 hinunter und nimmt sich das Leben.
1800 2448 3381 2515 sames Schicksal den goldenen oder silbernen Schlüssel zu den Karnevals=kesen ist. Dreiß
1794 2495 3397 2556 vergnügungen der Halb= und Viertelwelt nicht in die Tasche gestecktsheit. Jene viel
569 2482 1807 2560 Leider steilt sie vorher allzuviel Betrachtungen an. Statt dem
510 2531 3390 2614 tiefsten, stummsten Schmerz hingegeben zu sein, beginnt sie, das Un=hat. Das Bilderbuch unseres Faschings setzt sich aber nicht nur aussum ihr tägliches
510 2618 3380 2661 recht zu erwägen, das der Todte an ihr gethan; daß sie ihm doch diesen gemalten Zoten zusammen; auch wirklicher Witz, gesunder Humorzu essen, haben
505 2636 3389 2707 nichts gewesen sei, obgleich sie ihm alles gab. Das is vom Uebel. jund erquickliche Gemüthlichkeit lachen ihr derbes, breites, behagliches, über Hals und
1798 2667 3380 2733 ansteckendes Lachen in dieser Straßen=Galerie, wenn sich auch nicht Diese Frage zu
508 2693 1814 2756 Die Unbewußtheit schwindet von dem blassen lieben Köpschen, wenn
1812 2718 3379 2787 mehr — wie noch vor wenigen Jahren — Werke in dieselbe verirren,ldenn es giebt
516 2738 1811 2796 sie so gescheit und so entrüstet raisonnirt. Es ist nicht der einzige
3260 2778 3355 2829 —.
1801 2764 3283 2829 die den Zug echter und rechter Genialität in die Augen springend an! Geschlechts
509 2781 1808 2840 Fehler des Stückes. Es birgt in der Sentimentalität einen kleinen
1801 2806 3368 2881 sich tragen, Werke, die ihr Dasein dem unverwüstlichen Stifte Hans die Fasten die
514 2827 1810 2905 Ueberschuß, den es loswerden dürfte. Das Zuviel stört hier an ein¬
1797 2861 3382 2926 [Schließmanns danken. Dieser trefflichste Zeichner des heiteren gleichzeitig an n
517 2872 1816 2934 zelnen Punkten. Aber trotz alledem bleibt das ganze ein nicht gewöhn¬
1811 2909 3379 2971 Wiener Volksthums, zu dessen Auffindung heutzutage wahrhaftei Ball der Inssust
527 2922 1815 2995 liches Werk eines nicht gewöhnlichen Dichters. Die Verbindung
3058 2955 3392 3021 Mission hat und
1808 2957 3078 3025 Schliemann=Talente nöthig sind, versteht es meisterlich, in einzeinen
525 2960 1809 3028 von Innigkeit und — Eleganz ist heut nicht zum zweiten
3070 3004 3385 3070 zu bringen und
1802 3009 3069 3087 Typen die Quintessenz seines Stoffes zu geben. So hat er zuletzt
516 3017 1812 3084 mal vorhanden. Elegant ist an dem Werk alles, was eine leichte,
3056 3043 3386 3116 für das gewerl
1868 3058 3078 3112 es war wohl sein Schwanenlied auf diesem Gebiete der alleröffent¬
508 3047 1818 3125 weiche, spielend vollbriugende Hand erkennen läßt; jener unbestimmbare
1811 3109 3389 3165 lichsten Kunst — für die Karnevals=Plakate das gefürchtetste Aschers darzulegen, mit
507 3109 1807 3176 Zug, der das Drama der Konvention ein bischen nähert, in Kleinig¬
1813 3152 3391 3214 mittwoch=Gespenst, den Exekutor, verwerthet, indem er ihn zum lebendigen gestern „den erst#
518 3150 1807 3227 keiten, und ihm doch grade seine Vornehmheit mit geben hilft. Immer
1815 3189 3389 3257 Motto des Lumpenballes machte. Das kecke Affichenbild war ein ges schon seinen Höh#
524 3206 1816 3257 von neuem könnte man in dieser seinen, intimen seelischen Wahrheits¬
517 3241 3387 3313 sphäre schwelgen, immer von neuem sich an diesen herrlichen, schlichten, maltes Feuilleton mit satirischen Spitzen, eine geistreiche Planderei in von altem Ruf
537 3261 3392 3380 Liefen und heut ziemlich beispiellosen Einzelheiten berauschen. Es ist Farben über den ditteren Hohn des Freudenbechers, den uns der Fasching! diesmal zum ##
