3436 4256
232 211 473 279 Lrebe
215 200 1215 309 — box 13/5
208 975 1075 1064 OBSERVER
321 1057 1017 1124 I. österr. behördl. konzessioniertes
279 1117 1044 1161 Unternehmen für Zeitungs-Ausschnitte
349 1161 974 1239 WIEN, I., WOLLZEILE 11
429 1232 901 1284 TELEPHON R-22-0-43
238 1342 599 1419 Ausschnitt aus:
637 1339 1033 1549 N
719 1482 1119 1604 31. 9Al 1933
244 1565 373 1634 vom:
339 1680 1166 1780 Oesterreichischer Abend im Stadt¬
647 1748 875 1835 theater.
314 1812 1219 1885 „Der Tor und der Tod“ von Hugo Hof¬
312 1867 615 1928 mannsthal.
699 1869 1215 1920 „Liebelei“ von Artur
618 1908 900 1968 Schnitzler.
933 1914 1204 1982 S
318 1956 1213 2018 Die herbe Musik der Verse Hofmannsthals war
297 2010 1212 2080 die Einleitung. Am Leben, an der Liebe vorbei.
308 2052 1220 2108 So könnte man das Thema des Abends um¬
307 2102 1222 2150 reißen. Das lyrische Dramolet Hofmannsthals
307 2142 1214 2186 war ein reiner — man könnte sagen musikalischer
354 2187 1219 2239 Genuß. Den Claudio sprach Raoul Aslan,
292 2234 1215 2288 schöpfte allen Wohllaut aus der klingenden
292 2275 1224 2324 Sprache und gab der Reue des müden Sken¬
298 2306 1218 2363 tikers bezwingenden Ausdruck. Reinhold Sie¬
285 2364 1220 2416 gert sprach den düsteren Geiger der letzten
296 2408 1216 2454 Melodie, Marie Gutmann vom Deutschen
297 2451 1221 2509 Volkstheater voll Wärme die Mutter, Mayen
299 2492 810 2551 die Geliebte des Claudio.
321 2536 1213 2605 Auch Schnitzlers „Liebelei“, die lockere Szenen¬
298 2599 1204 2644 reihe vom Aneinandervorbeigehen zweier Men¬
294 2627 1216 2686 schen — Anatol wird zur Tragödie — fand eine
296 2680 1221 2736 bemerkenswerte Darstellung. Marie Mayen
288 2720 1210 2780 spielte die Christine voll schwerblütiger Innig¬
290 2778 1211 2825 keit und wirkt hinreißend vor allem im dritten
288 2816 1208 2874 Akt, da die dämmernde Ahnung zu furchtbarer
291 2855 1212 2912 Gewißheit wird. Ihr Gegensatz, das leichte Blut,
295 2897 1214 2945 die heitere Mitzi, die bei allem frohen Leichtsinn
285 2944 1210 2993 voll weiblicher Angst um ihre Freundin ist, wird
287 2967 1206 3039 von Alma Seidler mit naturwarmer Echtheit
294 3033 1208 3080 dargestellt. Nicht ganz so befriedigend waren der
291 3074 1210 3133 Fritz Reimers — zu wenig beschwingt und
286 3113 1200 3167 kräftig — und der Theodor Walter Hubers,
295 3162 1188 3221 der zu derb geriet. Dagegen war der „Herr“
291 3208 1201 3252 Rooul Aslans eine Meisterleistung. Die kleine
294 3250 1201 3303 Rolle mit wenig Worten von entscheidungs¬
281 3283 1205 3340 schwerer Bedeutung hat Aslan ausgefüllt mit
284 3334 1207 3387 vollendetem stummem Spiel. Unerbittliche Kälte
284 3381 1210 3427 und bitterer Hohn in jeder Bewegung. Von
283 3422 1205 3467 weiser Güte der alte Musiker Lessens, die
277 3466 1194 3520 herzhafte, volkstümliche Bosheit der Frau Bin¬
293 3511 1206 3560 der traf Marie Gutmann vortrefflich. Eine
285 3558 1201 3607 gerundete Aufführung, der das zahlreiche Pu¬
275 3590 926 3667 blikum herzlichen Beifall spendete.
1062 3597 1147 3667 jk.
2388 738 2651 841 Wer##
2117 734 2375 833 „OB2
2040 802 2215 891 Wien
2153 875 2243 960 10
2026 934 2594 1037 Preie Stirmen, Kladen Mof
2218 1038 2302 1102 —
2294 1037 2649 1145 7. JUhi iS32
1782 1114 2688 1199 Sensationsereignisse werden die Juni¬
1749 1176 2678 1250 Festwochen bieten. Ein Burgtheater¬
1747 1229 2667 1295 Ensemble bringt Hofmannsthals „Tor und
1752 1280 2651 1353 Tod" und SchnitzlersLiebelei“
1732 1330 2713 1389 Wegener gastiert in „John Gabriel¬
1748 1375 2687 1428 Borkmann“; ferner Mussolinis
1742 1428 2670 1511 „Hundert Tage“, „Meistersinger“
1739 1477 1958 1550 u. m. a.
1773 1925 2605 2024 „OBSERVER
1868 2006 2553 2067 I. österr. behördl. konzessioniertes
1828 2048 2580 2119 Unternehmen für Zeitungs-Ausschnitte
1900 2107 2517 2183 WIEN, I., WOLLZELLE 11
1980 2166 2447 2225 TELEPHON R-23-0-43
1777 2293 2149 2368 Ausschnitt aus:
2069 2347 2694 2451 Prager Tagblatt, Prag
1782 2523 1932 2583 vom:
2138 2541 2551 2648 10.AUG. 1933
1805 2683 2673 2779 Theaterneuiskeiten
1957 2760 2708 2824 tonte „Liebele i.“ Aus Bad Ischl wird
1795 2768 1925 2832 Die
1763 2797 2709 2868 uns geschrieben: Schnitz###s=Liebelei“ ist
1758 2845 2702 2898 tatsächlich in ein Singspiel umgewandelt worden.
1765 2883 2704 2946 Diese Metamorphose vollzog sich in Ischl, wo die
1768 2921 2653 2978 vertonte „Liebelei in der Hauptsache fertig i
1767 2955 2717 3019 Oscar Straus hit nur noch seine Musik zu instru¬
1772 3001 2668 3058 mentieren. Drei Libretisten, und zwar der ehe
1781 3034 2708 3094 malige Berliner Theaterdirektor Saltenburg,
1770 3080 2715 3131 Paul Knepler und Dr. Beda=Löhner als
1767 3109 2738 3169 Verfasser der Gesangstexte bemühten sich um die
1770 3150 2715 3200 neue Singspielform in neun Bildern. Der tragische
1764 3194 2717 3252 Schluß wurde natürlich gemildert. Christine bleibt
1768 3238 2708 3296 sam Leben. Aber es gibt doch ein herzzerbrechendes
1768 3272 2704 3332 Finale. Arthur Schnitzlers Sohn, Heinrich,
1766 3318 2700 3362 hat die Bewilligung zu der Vertonung der „Liebelei“
1776 3348 2723 3422 selbst gegeben und hat sich die Inszenierung der Ur¬
1761 3395 2213 3462 aufführung vorbehalten.
