3484 4256
471 160 826 232 Liebelei
300 156 1416 282 5 box 12/7
876 697 1100 787 HDMEN
658 764 1374 844 Ost.-schlesisch-deutern Zeitung
820 838 1228 912 Bielitz-Biala.
794 905 1516 993 „ v mak. „Hansn geht lanzen“
419 919 1277 1025 Opéretten=Neuheit von Edmund Eysler.
521 980 1523 1080 „Liedele# W## bei einem guten alten Wiener
424 1045 1532 1131 Walzer-Alth d0 Sedetein Freudiges, bald ein Schmerz¬
426 1076 1545 1178 licheg zieht, in gleicher Weise berührt uns Schnitzlers
422 1140 1526 1232 „Liebelei“ mit dem mildversöhnlichen Lebensbild
411 1181 1530 1268 aus Wien, dem alten Wien, der engen idyllischen Stadt
421 1244 1524 1319 von seinerzeits. Nie ist die seltsam aus Sentimentalität
404 1286 1525 1377 und Frivolität gemischte Wiener Luft mit ihrer berau¬
418 1323 1524 1411 schenden Eigenart seiner wiedergegeben worden, als in
409 1386 1520 1471 viesem Lebensbild voll wehmütigen Reizes, voll intimer
412 1437 1523 1519 Wahrheit und voll ergreifenden Mitlebens mit denen,
400 1491 1518 1567 die zu schwach zum Leben sind. Alles ist Wien, die
397 1539 1519 1620 zwei Madeln, die jungen Leute, der alte Spielmann
410 1585 1517 1674 vom Josefstädter Theater, die Frau Binder, der stille
397 1632 1517 1707 Erker im Dachstübchen mit dem Blicke auf den Kahlen¬
395 1674 1524 1779 berg, alles Stimmung innerer Echtheit und Gefühls¬
404 1716 603 1794 einigkeit.
497 1767 1513 1872 Die Regie (Herr Jores) hat das Schauspiel
392 1812 1512 1924 äußerst sorgsam vorbereitet, so daß es, eine einzige
406 1871 1525 1951 Störung ausgenommen, eine Prachtleistung wurde.
391 1935 1510 2002 Die Gesamtaufführung ließ es an Hingabe und sorg¬
401 1961 1509 2067 fältigem Aufbau aller Wirkungen nicht fehlen. Herrn
397 2032 1509 2114 Wanaus haben wir bereits bei der Operette schätzen
394 2065 1496 2171 gelernt. Mittwoch vertrat er sein Können im Schau¬
395 2125 1515 2214 spiel. Ungesuchte Natürlichkeit, der ihm eigene leichte
385 2175 1507 2259 Plauderton, in welchen er in der Rolle des Theodor
386 2243 1517 2320 einen ganz leich Wiener Dialekt legt, macht ihn auch
380 2270 1510 2341 in diesem Stücke zu einem Liebling des Publikums,
381 2315 1504 2411 das nur zu gerne ein natürliches Talent sich entwickeln
396 2367 1255 2447 sieht. Gerade das Gegenteil ist Herr Oel
1337 2395 1497 2456 Ihm
386 2420 1515 2514 fehlt die selbstverständliche Art der Natürlichkeit, ihm
393 2463 1497 2556 haftet bei jeder Rolle etwas theatralisches an, das an
384 2492 1501 2604 die Schule eines Abrichters erinpert. Mit besonderem
385 2560 1496 2654 Interesse erwartete das Publikum das erste Auftreten
384 2602 1502 2702 ## Frl. Weber in einer größeren Rolle. Sie hat
370 2649 1498 2746 gefallen. Frl. Weber spielt nicht für die Zuhörer, sie
386 2708 1502 2799 pielt für sich, für ihre Rolle. Anfänglich zurückhaltend,
375 2762 1492 2840 wuchs sie von Szeue zu Szene, gestaltete die Christine
371 2810 1481 2898 zum Schlusse mit tiefer Wirkung aus, sie wußte anzu¬
373 2860 1495 2953 ziehen, zu rühren. Frl. Koch war ein echtes Wiener
372 2903 1503 2998 Madel, nichts weniger als zimperlich, nicht spröde,
373 2959 1484 3051 vielleicht etwas zu frei, augenscheinlich um den Kontrast
363 3011 1491 3086 zwischen den zwei Mädchenseelen stärker hervorzubringen
365 3070 1483 3131 and war besonders im ersten Akt in ihrem Element.
362 3096 1479 3201 Eine vorzügliche Darstellung war auch die Frau Strumpf¬
362 3153 1484 3234 wirkersgattin Binder duich Frau Blechner. Den
372 3186 1486 3273 spitzen Ton der lieben Frau Nachbarin traf sie vor¬
370 3249 1483 3390 lefslich. Heir Jores, der alte Spielmann, der die
368 3310 1470 3443 Stimmung des Ganzen in der trüben Mabnung zur
358 3370 1472 3482 Lebensfreude in sich verkörpert, fesselte durch sein inneres
357 3417 1467 3557 und äußeres Wesen. Der genußreiche Abend fand
356 3456 1340 3589 ungeteiltes Lob und ist einer Wiederholung wert.
1206 3567 1478 3659 W—m. 1
2682 489 2837 551 11½
2205 532 3184 601 Theater. („Liebelei", Schauspiel von A.
2060 588 3184 655 Schnitser). Die „Liebelei“ des Dichters „der Wie¬
2078 653 3178 711 ner Debewelt“ häk von ihrer dramatischen „Stoß¬
2085 699 3188 762 kraft“ in dem seit seinem Erscheinen in kurzem sich
2082 738 3180 813 jährenden Vierteljahrhundert nichts eingebüßt; es
2095 794 3180 860 ist ein wirkungsvolles Schauspiel geblieben kraft
2086 841 3170 906 seines ausgezeichneten szenischen Rythmus, des raffi¬
2087 889 3182 948 niert sein abgetönten Spiels der Wirkungen und Ge¬
2070 942 3174 1009 genwirkungen, der straff geführten Handlung und
2073 982 3181 1055 vor allem, weil ein Hauch echten, in das anhei¬
2064 1040 3182 1101 melnde Wiener Kolorit getauchten Lebens von ihm
2068 1090 3183 1152 ausgeht. Der merklich mundartlich gefärbte Dia¬
2071 1120 3185 1194 log gleitet flüssig, munter, ungezwungen dahin,
2061 1184 3179 1255 und während auf der dramatischen Bildfläche sich
2075 1231 3176 1299 im großen und ganzen eine munter drauflos plau¬
2073 1275 3195 1341 dernde Sippschaft von Mittelmäßigkeiten zu trollen
2091 1380 3240 1506 scheint, wächst sich das Schicksal eines zartbesaiteten
2134 1450 3229 1554 Mädchenherzens, das sich in vertrauensseliger An¬
2140 1493 3237 1588 schmiegsamkeit und „unvorsichtigem“ Getändel an
2131 1544 3233 1646 einen Mann verloren hat, zu einer Tragödie aus.
2115 1588 3219 1700 Erst als über Christine die niederschmetternde Er¬
2113 1638 3220 1742 leuchtung gekommen, daß sie ihrem Herzenserko¬
2116 1706 3219 1799 renen, der in einem Duell um ein verheiratetes
2113 1745 3219 1857 Weib sein Leben lassen mußte, bloß ein Gegen¬
2111 1785 3212 1895 stand wechselnder Laune, unverbindlicher „Lie¬
2116 1852 3207 1937 belei“, des schalen Zeitvertreibs war, bricht sie in¬
2113 1896 3212 1997 nerlich zusammen; die sie durchzuckenden Schmer¬
2114 1939 3209 2038 zensschauer und die dumpfe, leise verhauchende
2110 1993 3208 2075 Ahnung ihres Vaters („sie konumt nicht wieder")
2103 2047 3222 2138 lassen es als unausbleiblich erscheinen daß sie mit
2101 2084 3205 2174 ihrem Leben für immer abschließt. Die wehmuts¬
2099 2133 3197 2221 volle Frage ihres zärtlichen, gramgebeugten Vaters:
2106 2197 3198 2290 „Was hat denn das Mädel eigentlich von ihrem
2103 2244 3191 2351 Leben?“ klingt als Grundton aus dem Stück hin¬
2089 2277 2252 2347 durch.
2181 2347 3195 2430 Aus dem im ganzen einwandfreien Zusammen¬
2078 2404 3179 2487 spiel ragte Frl. Margarethe Weber hervor; sie
2087 2445 3187 2551 schuf in ihrer Christine“ eine einprägsame Figur;
2083 2490 3181 2575 die gemütvolle Weichheit des in ihrem „Fritz“ auf¬
2084 2550 3180 2643 gehenden, zutraulichen Mädchens brachte sie tref¬
2080 2589 3181 2690 fend zur Geltung. Die „Mizzi“ des Frl. Koch
2083 2650 3180 2736 versuchte mit stark wechselndem Glück ein mollertes,
2072 2696 3178 2799 in Liebelei gewitzigtes Modistenmädel zu mimen;
2060 2746 3174 2844 eher war wirkungsvoll ausgeprägt die Darstellung
2064 2798 3163 2888 der flatterhaften Mittelmäßigkeit, die eines tiefer
2071 2837 3163 2937 verankerten Gefühls und irgendwelcher Hingabe un¬
2067 2890 3168 2989 fähig ist, deren „Weisheit letzter Schluß“ darin
2055 2958 3165 3038 gipfelt, daß „ein Mann es nicht erlebt, daß ich
2061 2990 3155 3082 mich um ihn kränken tät“. Das echte „Wiener
2061 3034 3163 3131 Blut“ merkte man ihr im verschlissenen Gewand
2050 3085 3153 3160 und der dick aufgetragenen Vordringlichkeit nicht
2058 3137 3143 3228 an. Der trauniverlorene resignierte Violinspieler,
2052 3186 3156 3271 Weiring des Herrn Jores ließ eindrucksvoll Saiten
2035 3228 3140 3333 tiefer Menschlichkeit, abgeklärter Einsicht und rühren¬
2045 3285 3141 3373 der väterlicher Zärtlichkeit in seinen Worten er¬
2029 3335 3132 3425 klingen. Herrn Oeller möchten wir modulationsrei¬
2031 3402 3134 3482 chere, durchgebildetere Stimmittel wünschen, sonst
2037 3439 3131 3516 machte er samt Herrn Wanaus und Frl. Blechner
2030 3487 3123 3556 die der ungenfertigen Tratschbase ergötzliche Kon¬
2029 3523 3141 3631 turen lieh, gute Figur. Die Aufführung muß als ein
2021 3584 3118 3668 demertenswerter Bühnenerfolg gewertet werden
2021 3639 3118 3716 wenn auch das in ziemlich regelmäßigen Zeitab¬
2026 3668 3126 3769 ständen unvermutet wie ein Fliegerschrapnell aus
2026 3730 3111 3814 heiterem Himmel in den rückwärtigen Sitzreihen auf¬
2009 3783 3124 3863 knallende, höchst unliebsam berührende Lachen den
2017 3841 3118 3910 „ästhetischen Genuß“ in einer mehr krähwinkelhaf¬
2020 3880 3115 3966 ten Manier bekundete. — Stammte doch bekanntlich
2013 3915 3107 4009 selbst der „lachende Philosoph“ Griechenlands, De¬
2015 3969 2321 4032 mokritos aus
2318 3991 3114 4080 — Abdera. (Es gibt auch in Bielit
2004 4021 2573 4100 Abderiten (Schildbürger).
