3344 4256
249 223 811 312 5. Liebelei
527 263 1375 336 D0x 11)2
472 283 516 329 4.
2052 657 2837 796 THE WORLD: WEDNI
721 796 2647 920 KATHERINE GREY AND PHYLLIS RANKIN
726 919 2851 969 IIV THE KECKONING, Al BERKEEEP ETCLUN
539 941 789 1100 AINE.
2428 1069 2490 1121 852
1612 1001 1712 1160 4
552 1177 766 1241 in Jom
551 1254 705 1318 als,
601 1450 705 1536 T8
596 1550 735 1620 VCE.
606 1699 736 1761 ned
619 2002 724 2060 aer¬
620 2046 724 2107 the¬
631 2098 737 2148 ton
1179 2129 1297 2172 —
828 2115 1164 2178 —
626 2176 737 2227 tor
777 2200 1253 2265 ScENE frem 107 K
686 2210 734 2260 v
753 2249 1373 2299 in ARTTTR SehMazzzz.“
747 2282 1401 2332 22.4 THF RECEOUENG
746 2308 1456 2377 BEEREEEY ETCEVM. mehin
2109 2403 2910 2465 dences now and then that the playerssin
710 2371 1438 2471 Odd German Drama Is Viv¬
2119 2434 2699 2474 were not in kull svripathy wi
2730 2444 2832 2480 the
2112 2454 2841 2505 characters. Escept for Miss Gres who
2833 2459 2919 2532 a1
733 2451 1419 2532 idly Acted—Strong from
2112 2490 2831 2527 Impersonated Christine Wehring, the de¬
2136 2522 2831 2563 Eweg girl, the best work in the play's
2823 2521 2921 2574 —
2114 2539 2813 2589 behalf was performed by the stage Al¬
742 2520 1412 2614 Un-American Standpoint.
2117 2574 2837 2621 rector, Gustar Von Seyfferlitz, for the
2110 2598 2832 2658 effect produced was most lifelike and
2108 2619 2302 2672 natural.
2134 2645 2832 2703 Miss Grey touched a deeper note of
729 2661 1430 2729 As Is often the case, a play qufte un¬
2123 2677 2832 2734 sinserity, exhibited a more intense and
2116 2713 2827 2759 sustained emotional force and acted
701 2711 1428 2764 usual in the acting, as well as in the¬
2127 2743 2833 2783 with more polished technique as Chris¬
704 2747 1428 2809 writing, was produced last night and
2108 2762 2832 2810 tine Wehring than most observers of her
2124 2802 2838 2833 past work have thonght that she pos¬
700 2797 1427 2855 few people were on hand to witness it,
2114 2826 2828 2873 sessed. All her lighter moeds were ad¬
709 2843 1436 2892 although many eiher less interesting
2119 2859 2833 2900 mirahle. She indieated elcarly not only
705 2865 1427 2928 events were patronized by huge hol day
2116 2879 2849 2939 the pirl’s lack of knowledge of men,
2115 2906 2837 2964 but the intensity of her üirst affection
702 2914 1432 2965 crowds. An audience that only half
2113 2945 2830 2990 with its shadows ot douht and distrust.
706 2946 1431 2995 fills the Berkeier Lyeeum Theatre
2830 2904 2934 3009 4
2143 2963 2831 3012 ie hysteria of the awakening from
708 2983 1438 3038 must be callei only a handful, and that
2124 2992 2836 3039 her deirsion was bullt un by degrees to
712 3010 1423 3059 is all that saw ihe English produst.o
2129 3022 2825 3062 a powerful etotional ellmax. The de¬
2844 3011 2934 3071 6
713 3036 1435 3091 of Arthur Schnitzler s German drana,
2109 3029 2831 3094 Tect througbout was the actress’s inabil¬
708 3073 1432 3125 The Reckoning.“ with Mies Katherine
2115 3078 2837 3118 lty to imbal warmth tothe character.
1664 3061 1861 3119 W
1849 3075 1910 3138 20
709 3094 1177 3146 Grey in the leading role.
2134 3098 2829 3147 As her volltile and indifferent com¬
2828 3107 2925 3167 dec
718 3126 1421 3165 The small gathenng, however, wils
2171 3132 2817 3178 Sion. Mitz. Miss Phyllis Rankin
1806 3133 2106 3189 STATF ZAUR
2827 3148 2927 3193 18
2112 3140 2826 3203 seted with much less positiveness and
711 3150 1428 3204 deepiv moved by the play, although it
1482 3167 2106 3219 CeNDeToR r He PIPT3BUReI
2828 3179 2933 3229 anc
712 3188 1421 3232 would not be correet to say that it de¬
2123 3177 2835 3234 naturalness. The masculine # les were
1657 3202 2012 3250 ORCEESTRA
703 3201 1432 3262 rived much real piensure from the pro¬
2104 3201 2829 3259 all finely played. John Dean. as the
707 3238 1413 3277 eredlings, which ger# t#0 close 10 lite 15
2110 3238 2845 3289 leffending vonth. Sommer, was happy in
715 3265 1413 3301 be comfortable and t00 ugly in their
2115 3267 2845 3327 emphasizin#the Juveniie weakness of!
2109 3288 2397 3333 the character.
704 3291 1405 3328 outcome to Ze agresable. The Story
1409 3299 2110 3344 inereasing to something more substan¬
2135 3306 2835 3365 George Henry Trader, as Ohrtetien“
712 3323 1121 3366 was one of the m.
1109 3314 1411 3363 tragedles of ihe,
1408 3330 2119 3381 tial, but it has been greatly magnitied,
2118 3346 2842 3397 father, an old musteian, plaged the role
856 3346 1407 3399 ess impressive because it dean¬
1412 3357 1596 3391 Dv tn #
2034 3344 2124 3401 2.5
694 3356 1015 3422 with the small
1178 3369 1390 3419 1 SallaI: ped“
2119 3381 2830 3407 with touches of pathetie paternal ten¬
1414 3382 2104 3413 iguren Nusband und killed. Then, Whe¬.
696 3402 803 3444 pie.
2121 3400 2832 3445 derness. There was fine dignitg and re¬
1408 3407 2108 3447 tle girl learns the secondarv place sh,
727 3411 1391 3459 Its burden was the force with which
2116 3430 2841 3476 pressed feeling in Albert Bruning’s por¬
1407 3424 2118 3471 chas beid in his heart, and how other:
704 3440 1410 3502 trifling with the inffections falls upon
2120 3456 2836 3493 traval of the offended husband. Robert
1412 3463 2110 3505 regard her relationshiv. she gives war
710 3481 1403 3514 the woman. Fritz Sommers, the
2116 3489 2824 3521 Conness as Theodore Kaiser, the com¬
1490 3491 2075 3532 Telent despair and kills herseif.
1407 3482 1474 3533 10.
710 3502 1411 3546 Vienese student, is not intended by the
1434 3511 2119 3566 It Would scem thmt a Storr so slighiten
2118 3516 2824 3552 panion of the offending youth, acted a
2838 3513 2976 3577 —.
703 3530 1404 3577 anthor to be g cad, although he ap¬
1408 3535 2114 3589 essential details would need less than
2116 3543 2822 3590 role cast in the same mould and acted it
701 3554 1415 3601 prars to be such in thie translation cf
1419 3556 2122 3612 tree acts in the portrayal. Indeed, the!
2113 3563 2239 3617 well.
707 3576 880 3619 che play.
884 3588 1406 3627 From the German viewpoint
1415 3595 2093 3637 essential events are restriefed to #
708 3600 981 3650 he gives way
1029 3612 1404 3655 gouthful wenkness,
1406 3613 2120 3665 ürst half of the first act and the last
2119 3620 2858 3691 Twrentz Below iu the Adiron¬
714 3638 1404 3675 racher than to base motives and pays
1411 3645 2117 3685 half of che last. But so clever is tho
2379 3649 2556 3697 dacks.
711 3663 1409 3699 the pertälty—but reparation which he
1412 3674 2113 3718 German dramatist in sketching minar
2271 3677 2662 3737 (Special t0 The World.)
702 3693 1411 3742 makes at the cost lof his life is #he
1403 3695 2119 3742 ineidents and so ant is bis dialogun
711 3710 1145 3757 lesser part of his debt.
2132 3712 2748 3770 SARANAAC LAKE, N. V., Fen
1407 3725 2121 3765 that interest endures even when the ac.
718 3727 1405 3787 This Fouth has involvevd himself in
1410 3747 1837 3790 tion does not progress.
1831 3752 2642 3807 A rather lose! Tiie mereury has been 20
694 3765 1400 3804 an äffair with a married woman and
1415 3777 2119 3832 analvsis of the feelings and emotions of
697 3790 1401 3833 meanwhile has amused himself by play¬
2106 3788 2560 3839 throughout the Adiror
1414 3798 1887 3843 the heroine is the result.
701 3821 1415 3860 ing with a zirl’s affections. Ths nass¬
1431 3819 1652 3863 Erertehiee
2112 3824 2435 3874 last twenty-four
1678 3815 2112 3877 #eerdegeli, che play wa¬
713 3841 1013 3880 #ug attachment 0
1028 3849 2361 3897 bis part 's grschallv###emg amm #ng#eh #unno wann anf. 1 st to-night
965 3863 1035 3908 ——
