3436 4320
360 200 760 276 Liebelei
198 189 1329 318 5.— box 10/7
826 775 1231 840 Telefon 12801.
537 881 1537 957 Unternehmen für Zeitungs-Ausschnitte.
1420 937 1596 996 Ausschnitt
1445 1002 1595 1091 Nr.
697 951 1349 1087 „OBSERVER“
200 962 476 1110 6105
307 1085 1633 1153 I. österr. behördl. conc. Bareau für Zeitungsberichte u. Personalnach
493 1158 1594 1249 Wien, IX/1. Türkenstrasse 17.
721 1232 1387 1327 Filiale in Budapest: „Figyele“ —
409 1302 1634 1397 Vertretungen in Berlin, Chicago, London, Newyork, Paris, Stockhoh
916 1421 1047 1494 P-al¬
319 1428 1514 1544 Ausschnitt aus:puo Huste Serrum Weimn,
321 1591 744 1707 vom /7/8 95
794 1767 1252 1859 Die Bühnen.
602 1834 1630 1901 Neues Theater. Hansi Niese spielte gestern die
447 1899 1608 1943 Christine in Schnitzler's „Liebelei“. Als sie im vorigen Jahre
432 1919 1617 1990 dieses Wiener Mäd'l zum ersten Mal in einer Sonntags=Matinée
437 1966 1604 2041 gab, war es eine ganz außerordentliche Ueberraschung. Aus einer
449 2007 1609 2064 tiefen Innerlichkeit heraus, ganz jenseits jeder falschen
448 2033 1617 2108 Sentimentalität, schlicht wie ihr schwarzes Kleid und einfach wie
451 2087 1606 2146 ihr Kreuz auf der Brust, bildete sie das traurige Tinerl,
1040 2130 1607 2187 sodann und ergriff zum
438 2135 1027 2189 interessirte anfangs, fesselte
454 2166 1604 2220 Schlusse. Erstaunlich war, wie frei sie die Figur von jedem Vor¬
450 2208 1612 2272 bild hielt, wie ihre künstlerische Intelligenz und ihr angeborenes
451 2256 1609 2301 Gefühl für das Volksthümliche in dem Wiener Kind sie einen
450 2276 1614 2347 Typus treffen ließ, wie ihn Schnitzler gut aufgriff, aber
456 2332 1614 2393 mit ein wenig Süßlichem vorsetzte. Die Niese korrigirt
452 2368 1614 2430 die rundliche Linie mit einem herben Zug, der die kraft¬
452 2410 1610 2468 volle Wirkung am Schlusse vorbereitet. Ihre Sentimentalität
446 2439 1622 2513 will dann dennoch mitunter in Veinerlichkeit umschlagen, aber es
455 2494 1623 2559 ist immer, als ob sie sich rechtzeitig des rechten Weges bewußt
444 2537 1619 2609 würde, ihr Naturgefühl empfindet alles Larmoyante als etwas
457 2576 1612 2637 Fremdes und damit findet sie sich schnell ab. Wie sie dann in
453 2614 1620 2690 ihrem prächtigen letzten Akt die Herzensbangniß, die beklemmende
457 2667 1614 2726 Ahnung, das instinktive Errathen des Unglücks durchlebt und
451 2700 1622 2760 dann im Schmerz gekränkter Weiblichkeit, von Thränen erstickt,
447 2751 1624 2811 zitternd an allen Gliedern davonstürzt, ist ein Stück Kunst, das
456 2779 1628 2849 zum Besten gehört, was wir heute auf der deutschen Schau¬
1116 2821 1614 2888 im vorigen Jahre an
458 2833 1112 2893 bühne haben. Doch das ist
456 2868 1628 2934 dieser Stelle des Weiteren erörtert worden. Gestern war die
346 2897 441 2975 Für
458 2904 1623 2979 Wirkung der Niese vielleicht noch kräftiger als damals, doch im
465 2946 1622 3012 Wesentlichen hat sich nichts geändert. Jarno's Theoder ist als
467 2988 1622 3046 äußerst flotte, schneidige Leistung bekannt, Herr Walden als
467 3027 1642 3090 Fritz hat sich sehr vervollkommnet. Den jungen Schauspieler mußt,
464 3067 1631 3142 man im Auge behalten. Die Mizzi der Stesanie Kriß ist sehr nett
462 3124 1625 3171 angelegt, sehr lustig, aber sie vermag nicht das Harmlose, das
356 3155 1628 3219 Aboy Naiv=Leichtsiunige in dem lustigen Wiener Mädel zu geben. Es
350 3187 1639 3256 Abob fehlt ihr ein wenig an Liebenswürdigkeit. Herr Link gab den
456 3240 1629 3316 Weiring. Gar sa huttermeich ist der alte Josephstädter Musikant
459 3279 1613 3336 nicht. Theatralisch, aber wirksam war „der Herr“ des Herrn Kühle
455 3338 1643 3383 Das Zusammenspiel war vorzüglich gekönt, man merkte eine kluge,
470 3357 1643 3419 feinfühlige Regie, Schließlich amüsirte Hansi Niese's famosel
472 3414 1628 3457 Tänzerin Annie im „Abschiedssouper“ glänzend. Sie war groß¬
476 3443 1632 3518 artig in Laune, außerordentlich drollig und sprudelnd vor Lustigkeit.“
1503 3481 1635 3537 F.
2221 775 2633 837 Telefon 12801.
1946 862 2949 954 Unternehmen für Zeitungs-Ausschnitte.
2831 918 3015 993 Ausschnitt
1704 938 1924 1075 105
2097 953 3122 1077 „OBSERVER“ Nr. 16
1717 1089 3160 1154 I. österr. behördl. conc. Bureau für Zeitungsberichte u. Personalnachrichten
1893 1147 2997 1240 Wien, IX/1. Türkenstrasse 17.
2122 1225 2775 1312 Filiale in Budapest: „Figyelé“
1805 1308 3081 1393 Vertretungen in Berlin, Chicago, London, Newyork, Paris, Stockholm.
1715 1434 2919 1520 Ausschnitt aus:pus Meate Seernal einm)
1736 1579 2120 1675 vom 77/897
2185 1777 2649 1869 Die Bühnen.
2000 1838 3021 1914 Neues Theater. Hausi Niese spielte gestern die
1834 1885 3019 1964 Christine in Schnitzler's „Liebelei“. Als sie im vorigen Jahre
1836 1933 3016 1985 dieses Wiener Mäd'l zum ersten Mal in einer Sonntags=Matinée
1840 1969 3021 2038 gab, war es eine ganz außerordentliche Ueberraschung. Aus einer
1839 2010 3026 2062 rtiefen Innerlichkeit heraus, ganz jenseits jeder falschen
1841 2064 3015 2121 Sentimentalität, schlicht wie ihr schwarzes Kleid und einfach wie
1848 2110 3022 2156 ihr Kreuz auf der Brust, bildete sie das traurige Tinerl,
2884 2137 3020 2186 zum
1845 2137 2887 2191 interessirte anfangs, fesselte sodann und ergriff
1846 2170 3020 2233 Schlusse. Erstaunlich war, wie frei sie die Figur von jedem Vor¬
1848 2226 3030 2287 bild hielt, wie ihre künstlerische Intelligenz und ihr angeborenes
1855 2251 3030 2321 Gefühl für das Volksthümliche in dem Wiener Kind sie einen
1854 2299 3028 2372 Typus treffen ließ, wie ihn Schnitzler gut aufgriff, aber
1855 2341 3034 2403 mit ein wenig Süßlichem vorsetzte. Die Niese korrigirt
1849 2384 3024 2435 die rundliche Linie mit einem herben Zug, der die kraft¬
1860 2409 3031 2496 volle Wirkung am Schlusse vorbereitet. Ihre Sentimentalität
1850 2463 3024 2531 will dann dennoch mitunter in Weinerlichkeit umschlagen, aber es
1864 2507 3029 2573 ist immer, als ob sie sich rechtzeitig des rechten Weges bewußt
1852 2559 3021 2611 würde, ihr Naturgefühl empfindet alles Larmoyante als etwas
1861 2588 3023 2650 Fremdes und damit findet sie sich schnell ab. Wie sie dann in
1866 2617 3031 2693 ihrem prächtigen letzten Akt die Herzensbangniß, die beklemmende
1871 2668 3031 2736 Ahnung, das instinktive Errathen des Unglücks durchlebt und
1858 2705 3026 2768 dann im Schmerz gekränkter Weiblichkeit, von Thränen erstickt,
1863 2751 3032 2820 zitternd an allen Gliedern davonstürzt, ist ein Stück Kunst, das
1853 2787 3029 2863 zum Besten gehört, was wir heute auf der deutschen Schau¬
2519 2831 3026 2895 im vorigen Jahre an
2432 2841 2520 2895 ist
1860 2839 2436 2904 bühne haben. Doch das
1857 2865 3040 2947 dieser Stelle des Weiteren erörtert worden. Gestern war die
1750 2907 1857 2974 Für
1861 2926 3122 2997 Wirkung der Niese vielleicht noch kräftiger als damals, doch im isire
1867 2969 3108 3020 Wesentlichen hat sich nichts geändert. Jarno's Theoder ist als cto.
1845 3012 3115 3066 5 äußerst flotte, schneidige Leistung bekannt, Hert Walden als lbar
1815 3031 3143 3098 100 Fritz hat sich sehr vervollkommnet. Den jungen Schauspieler muß oraus.
1873 3085 3043 3153 man im Auge behalten. Die Mizzi der Stefanie Kriß ist sehr nett
1752 3115 3191 3207 Abonn angelegt, sehr lustig, aber sie vermag nicht das Harmlose, das ist das
1759 3147 3191 3247 Abonn Naiv=Leichtsiunige in dem lustigen Wiener Mädel zu geben. Ezt es den
1872 3199 3048 3284 fehlt ihr ein wenig an Liebenswürdigkeit. Herr Link gab den
1867 3238 3044 3309 Weiring. Gar so butterweich ist der alte Josephstädter Musikant
1873 3284 3054 3377 nicht. Theatralisch, aber wirksam war „der Herr“ des Herrn Kühle.
1882 3331 3039 3402 Das Zusammenspiel war vorzüglich getönt, man merkte eine kluge,
1873 3373 3044 3455 feinfühlige Regie. Schließlic, amüsirte Hansi Niese's famoe
1880 3418 3046 3486 Tänzerin Annie im „Abschiedssouper“ glänzend. Sie war groß¬
1867 3452 3042 3544 artig in Laune, außerordentlich drollig und sprudelnd vor Lustigkeit.
