3344 4256
-7 177 59 222 nng
223 190 293 236 —
460 218 740 292 Liebel
978 218 1432 315 box 10/6
292 225 903 329 8. 1
844 932 1668 1002 Berliner Borjen=Zeitung Nr. 233.
661 954 847 1039 —
813 1038 1714 1108 — Ein meuternder Sträfling stand gestern in
679 1098 776 1151 sich
787 1091 1721 1146 der Person des „Arbeiters“ Nikolaus Jorditzki unter
789 1131 1714 1187 der Anklage der schweren Körperverletzung, des Wider¬
666 1139 773 1188 tten.
657 1178 777 1237 Be¬
785 1178 1723 1226 standes gegen die Saatsgewalt und der Verleumdung
783 1215 1725 1257 vor der zweiten Strafkammer des Landgerichts II.
781 1254 1709 1308 Die Angeklagte hatte im Centralgefängniß „Plötzensee“
793 1299 1715 1344 eine sechsmonatliche Strafe zu verbüten, doch wirkte
668 1315 767 1369 ihn¬
797 1330 1726 1377 ihm die wenig argeneh.ne ussicht, sofort nach Ver¬
681 1354 771 1408 raße
786 1371 1727 1421 büßung dieser Strafe nach, dem Zuchthause überführt
674 1391 765 1441 An¬
782 1409 1723 1455 zu werden, denn er war mittierweile wiederum wegen
671 1434 760 1478 hine
787 1452 1727 1491 Diebstahls zu zwei Jahren Zuchthaus verurtheilt worden.
676 1469 768 1524 Ge¬
790 1489 1716 1539 Am 8. März, Abends gegen 10 Uhr, erschien der Auf¬
691 1508 756 1560 sei.
796 1529 1727 1577 feher Standhordt mit zwei anderen Gefangenen in der
688 1548 779 1596 be¬
795 1566 1717 1617 Zelle des Angeklagten, um diesem die Arbeit für den
678 1590 778 1634 ille¬
799 1610 1727 1659 nachsten Tag zu übergeben. Während er am Tische
668 1626 773 1681 den
785 1646 1716 1696 stand, um die Ablieferung des Arveitsmaterials zu
679 1667 773 1715 dem
792 1695 1719 1736 notiren, erhielt er von dem Angeklagten plötzlich von
667 1703 725 1753 0
793 1729 1726 1779 hinterrücks mittelst eines dicken Schemmelbeines einen
683 1745 767 1791 scht
781 1764 1724 1834 wuchtigen Schlag über den Hinterkopf. Mit einem
687 1781 768 1835 äßt
790 1798 1717 1848 lauten Aufschrei ziel der Verletzte bewußtlos zur Erde.
669 1825 772 1875 ihre
785 1843 1728 1890 Durch den Schrei veranlaßt erschienen die beiden bereits
796 1891 1726 1935 vorausgegangenen Gefangenen wieder in der Zelle, sie
672 1906 767 1968 iegt
781 1923 1731 1978 konnten aber nicht verhindern, daß der Excedent den
791 1960 1717 2015 am Boden liegenden Aufseher noch wiederholt schlug
679 1983 756 2061 chte
788 2001 1728 2053 und mit Füßen trat. Am nächsten Tage ließ sich
787 2032 1729 2089 der Gefangene vor den Polizei=Inspector des Ge¬
686 2043 770 2091 de¬
693 2075 768 2134 78
787 2086 1718 2130 fängnisses vorführen und brachte zur Anzeige,
675 2118 755 2177 Be¬
790 2125 1726 2177 der von ihm mißhandelte Aufseher Stendhardt habe
695 2160 767 2207 nte
779 2159 1718 2222 ihm etwas in das Mittagessen gethan, um ihn zu ver¬
693 2198 775 2252 ster
787 2192 1728 2251 giften, was sich sofort als falsch erweisen ließ. Der
688 2238 772 2286 uf¬
783 2234 1734 2287 Angeklagte wußte sein Verhalten heute gar nicht zu
790 2263 1727 2327 entschuldigen. Der verletzte Aufseher hat zwei Monate
785 2316 1719 2368 in der Charité zugebracht, ist aber noch jetzt nicht
693 2314 782 2381 tag
695 2360 761 2402 lte
790 2361 1723 2406 völlig geheilt. Der Gerichtshof erkannte auf eine
795 2391 1728 2439 Strafe von drei Jahren und zwei Monaten Gefäng¬
696 2435 739 2489 er
784 2435 1716 2486 niß. Der Angeklagte hatte nur die eine Bitte an den
784 2486 1723 2538 Gerichtshof, die Gefänglußstrafe in Zuchthaus umzu¬
786 2511 1526 2578 wandeln, diese Bitte blich jedoch unerfüllt.
873 2549 1714 2627 Gegen 7000 Mk. hat der Handlungsgehilfe
792 2611 1719 2661 Heinrich Kullnick innerhalb eines Jahres durch¬
789 2655 1723 2701 gebracht. Er hatte das Glück, troßz seines noch jugend¬
785 2698 1723 2743 lichen Alters von 23 Jahren als Leiter einer Filiale
790 2727 1724 2774 eines großen hiesigen Geschäfts angestellt zu werden.
784 2760 1725 2813 Dieses Vertrauensvostens erwies er sich höchst un¬
791 2800 1725 2859 würdig. Er wirthschaftete in der unverantwortlichsten
785 2849 1717 2895 Weise, verkaufte Waaren vom Lager, ohne den
793 2892 1727 2940 Erlös zu buchen, unterschlug eingegangene Beträge
788 2920 1720 2972 und entnahm der Kasse wiederholt größere Summen.
787 2969 1731 3012 Nach Schluß des Geschäftes und an Sonntagen
784 3014 1734 3053 verkehrte Kullnick in den feinsten Localen, wo er sich
777 3040 1725 3090 das beste auftischen ließ, was Küche und Keller bot.
781 3071 1736 3135 Sein Gehult von 1500 Mark konnte hierzu natürlich
792 3117 1732 3166 nicht reichen und so wurde er das Opfer seines Leicht¬
786 3159 1721 3213 sinns und seiner Genußsucht. Im gestrigen Termin
785 3196 1731 3247 vor der dritten Strafkammer des Landgerichts 1 bean¬
797 3238 1720 3287 tragte der Staatsanwalt gegen Kullnick eine Ge¬
794 3284 1720 3330 fängnißstrafe von 9 Monaten, der Gerichtshof verur¬
785 3316 1726 3365 theilte aber den Angeklagten, dem nicht ein einziger
789 3363 1732 3405 Milderungsgrund zur Seite stehe, zu einer Gefängniß¬
785 3404 1722 3455 strafe von einem Jahre sechs Monaten und ordnete
792 3434 1319 3492 seine sofortige Verhaftung an.
891 3488 1730 3542 Eine verhängnißvolle Liebhaberei für
794 3539 1739 3583 Droschkenfahrten bsitzt die sich „Instrumental¬
782 3571 1737 3630 künstlerin“ neunende unverehelichte Adelheid Florus,
780 3617 1736 3668 welche gestern der ersten Strafkammer des Land¬
780 3645 1733 3707 gerichts! aus der Untersuchungshaft vorgeführt wurde.
792 3691 1726 3740 Die Angeklagte reist im Deutschen Reiche mit einem
795 3720 1729 3782 #ylophon umher. Aber in den meisten Städten, die
789 3775 1735 3820 sie besucht hat, mußte sie die Gefängnisse kennen lernen.
791 3815 1724 3858 Ihre Vorstrafen bewegen sich auf den verschiedensten
788 3845 1730 3883 Gebieten, zumeist verübte sie Betrügereien dadurch, daß
791 3883 1741 3936 sie sich in Droschken umherfahren ließ, ohne im Besitze
787 3933 1734 3978 von Mitteln zu sein. Am 3. April wurde sie nach einer
793 3954 1742 4011 viermonatigen Haft aus dem Gefängnisse zu Leipzig ent¬
785 3997 1737 4050 lassen. Sie wandte sich nach Berlin. Hier verübte
798 4044 1731 4093 sie sofort wieder den alten Betrug. Nach allerlei
794 4079 1743 4130 Kreuz= und Querfahrten erklärte die Angeklagte einfach
801 4126 1740 4172 dem Droschkenkutscher, daß sie kein Geld besitze, sie
1045 4160 1155 4212 ## unt
2480 939 2613 996 1333
1739 1043 2676 1110 sich eines der wirksamsten Hilfsmittel und bringt, was
1736 1096 2673 1165 das Bedenklichste an der Sache ist, etwas Zwiespältiges
1731 1133 2186 1189 in die ganze Aufführung.
1768 1158 2688 1222 Mit dieser nicht unwesentlichen Einschränkung darf
1736 1208 2679 1252 die vorgestrige Leistung der Wiener Gastin mit zu dem
1740 1252 2676 1301 Bedeutendsten, ja Vollendetsten gerechnet werden, was
1739 1297 2690 1337 modernercalistische Schauspielkunst überhaupt bieten
1734 1326 2681 1379 kann, vor Allem auch darum, weil alles mit den ein¬
1750 1364 2690 1418 fachsten, discretesten und feinsten Mitteln ausgeführt
1746 1407 2677 1450 warde und nirgends ein vordringlicher virtuosenhafter
1730 1446 2678 1489 Zug das wundervoll einheitliche Bild störte oder ent¬
1744 1486 2684 1536 stellte. Im Grunde sind ja die beiden ersten
1735 1512 2677 1579 Acte des Stücks nur ein breitausgeführter
1740 1568 2678 1618 Auftakt zu der erschütternden Tragödie des Schluß¬
1743 1605 2680 1658 actes, doch fand Frl. Sandrock hier schon Gelegenheit
1744 1649 2679 1698 in ihrer Derstellung eine Fülle feinster psychologischer
1740 1680 2686 1733 Einzelzüge zu Tage treten zu lassen. Zu höchster
1729 1711 2682 1769 Höhe aber wuchs sie in dritten Acte impor. Wie
1738 1748 2681 1802 hier das arme, zertretene Meisasenkind, das
1734 1795 2682 1856 in wenigen Minuten den Kelch des Leidens
1734 1836 2682 1891 bis auf die letzte gallenbittere Neige zu leeren
1739 1889 2681 1949 gelecnt ##t, sich zu dem Entschlusse durchringt, seinem
1743 1921 2678 1967 Dasein ei Ende zu machen, das veranschaulicht Adele
1743 1955 2671 2011 Sandrock in Mienen, Geberden und Tönen, die bis
1748 1998 2669 2051 ins innerste Herz greifen. Alles an ihr ist hier echte,
1737 2028 2671 2081 nalurwahre Kunst, vor der jede Kritik verstummt.
1743 2074 2675 2129 Der tiefe ergreifende Cindruck dieser Seene spiegelte
1743 2118 2685 2159 sich in der ganzen Haltung des Publicums wieder,
1742 2154 2687 2204 das, tief erschüttert, sich erst nach dem Fallen des Vor¬
1737 2195 2682 2251 haugs zu einem einmüthigen, begeisterten Beifall empor¬
1738 2235 2089 2288 zuraffen vermochte.
1769 2266 2676 2323 Nach der Tragödie das Satyrspiel: nach Schnitzlers
1731 2306 2690 2365 „Liebelei" desselben Autors „Abschiedssouper“ eine oyper¬
1739 2351 2678 2403 pilante Chambre séparde-Sceue, in der ein Lebemann
1733 2386 2675 2444 von seiner „Freundin“ den Abschied erhält, den eigent¬
1735 2442 2673 2479 lich er ihr hatte geben wollen. Gewiß bot Frl. Vandorek
1737 2467 2678 2519 hier ein von sprühendem Humor erfülltes Cabinetsstück
1737 2515 2681 2559 anmuthiger Salonkunst doch wirkte die Sache
1737 2549 2686 2600 nach den großen feelischen Erregungen des ersten
1745 2595 2677 2645 Stückes nicht recht behaglich. Der Contrast war gar
1741 2625 2679 2693 zu grell und das Ganze erschien deshalb etwas de¬
1742 2668 1899 2718 placirt.
1775 2691 2681 2748 Uebrigens wurde der Wiener Gast im ersten Stücke
1734 2753 2687 2807 von Frl. Rupricht und Hrn. Weselin und im zweiten
1748 2784 2681 2834 von den Herren Lion und Grunewald recht wirksam
1737 2826 1944 2891 unterstützt.
2597 2876 2686 2932 err
2189 2870 2699 2980 Tbaater ist soeben..
