3484 4256
469 158 827 240 Liebele
313 163 1435 278 5 1 box 10/8
1598 1013 2012 1083 Telefon 12801.
1113 1085 2297 1212 Alex. Weigl's Unternehmen für Zeitungs-Aus“
2127 1176 2354 1264 Ausschalt!
1455 1175 2091 1331 „OBSERVER“
2161 1142 2448 1348 Ne.
1049 1305 2509 1418 I. österr. behördl. conc. Bureau für Zeitungsberichte u. Personalnachrichten
1252 1374 2343 1502 Wien, IX/, Türkenstrasse 17.
1456 1463 2125 1567 Filiale in Budapest: „Figyelé“ —
1049 1512 2507 1655 Vertretungen in Berlin, Chicago, Genf, London, Newyork, Paris, Rom, Stockbolm.
1050 1651 1568 1745 Ausschnitt aus:
1848 1692 1968 1781 15
2107 1692 2409 1806 AT
1037 1768 2251 1878 vom 77 76# Viue Türehg
1555 2004 2019 2104 Lokales.
1499 2079 2282 2163 Im Pfauentheater kam am Montag
1294 2130 2282 2204 abend einer der modernsten und bekanntesten Bühnen¬
1300 2178 2276 2233 dichter zum Wort: Arthur Schnitzler. Wohl mit Rück¬
1294 2202 2281 2293 sicht auf eine so vorzügliche Repräsentantin der weiblichen
1299 2270 2272 2328 Hauptrolle hatte die Direktion der Pfauenbühne das
1301 2300 2278 2382 dreiaktige Schauspiel „Liebelel“ gewählt, das denn
1292 2354 2267 2413 auch in ganz vollendeter Darstellung in Scene ging.
1300 2391 2271 2472 Die von Frl. Ernestine Münchheim verkörperte Rolle
1296 2434 2272 2521 der Christine war geradezu eine Musterleistung; wie
1295 2474 2270 2563 das ganze urnatürliche Stück wie ein Ausschnitt aus
1294 2524 2263 2606 dem wirklichen Leben berührt, so war die Wiedergabe
1291 2567 2269 2649 ihrer Geigerstochter eine genial schauspielerische Nach¬
1046 2602 1272 2683 Für 50 Ze
1298 2608 2269 2691 dichtung. Die schwermütige Leidenschaft echter Weiblich¬
1293 2652 2431 2744 keit, die gewaltige Kraft einer liebenden Mädchenseele, nelusive
1130 2697 1229 2752 200
1283 2706 2404 2774 sowie die erschütternde Tragik, mit der die Unglückliche (Porto.
1133 2743 1223 2789 500
1283 2741 2416 2821 die Nachricht vom Tode des Geliebten entgegennimmt, Zahlbar
1077 2771 1229 2850 „ 1000
1283 2792 2441 2865 diese Momente waren in der That bewundernswert. s Voraus.
1130 2836 1263 2893 Im G
1277 2840 2258 2916 Die Zuschauer standen förmlich unter dem Bann dieser
1007 2872 1262 2930 Abonnement
2245 2846 2455 2937 # ist das
1281 2880 2463 2978 künstlerischen Leistung, und als der Vorhang zum st es den
1017 2914 1264 2987 Abonnenten
1279 2920 2292 3016 letzten Male fiel, wurde dieselbe mit lantem Beifall h.
1272 2967 2253 3051 belohnt. Frl. Münchheim zur Seite standen Felicitas
1124 2971 1250 3059 Der
1275 3005 2459 3113 Harden, die die Mizi Schlager mit frischer, schneidiger altend die
996 3021 1272 3104 Inhaltsanga
1277 3057 2456 3151 Fröhlichkeit spielte; der Fritz Lobheimer fand in Hrn. Jorgen¬
1008 3082 1268 3144 blätter (
1271 3095 2446 3188 Alfred Möller einen berufenen Vertreter, und mit Humor Zeitung“)
995 3122 1254 3179 wodurch eine
1277 3147 2444 3210 und Laune stellte Hr. Czernewski den flotten Theobor iche Leben
994 3160 1267 3211 des In- und
1275 3178 2437 3276 dar; für den alten Violinspieler fand Hr. Weil den rech= stheilungen
1002 3197 1254 3254 werden in W
1260 3235 2241 3297 ten Ton; die kleine, aber nicht gerade leichte Rolle des
1264 3265 2246 3339 betrogenen Ehemannes im ersten Akt gab Hr. Felix
1273 3317 2258 3386 Hauser mit guter Charakteristik. — Dem Schauspiel
1264 3364 2243 3450 folgte eine kleine Bagatelle, ebenfalls aus der Feder Ar¬
1253 3404 2248 3488 thur Schnitzlers; „Abschiedssouper“ nennt sich
1248 3449 2245 3525 der gewagte Scherz, der in überaus witzigen und amü¬
1248 3486 2249 3574 santen Worten schildert, wie eine kecke Halbweltdame
1255 3538 2234 3622 von einem ihrer bisherigen „Freunde“ Abschied nimmt,
1244 3587 2241 3681 um künftig nur der wahren Liebe zu leben. Frl.
1245 3631 2229 3693 Münchheim zeigte sich hier von einer ganz andern Seite,
1240 3669 2225 3745 als im vorhergehenden Stück; sie spielte diese Dame mit
1239 3703 2231 3788 derbem, scharf charakterisierendem Humor. Von den
1235 3758 2233 3847 Herren Hauser und Alfred Möller wurde sie babei aufs
1229 3794 1554 3868 beste unterstützt.
