3436 4352
885 131 1301 233 box 10/1
337 134 628 219 Liebel
175 145 834 261 5. M# ei
2615 960 3291 1054 gesprochen und medisirt. Ist so
1376 979 1565 1076 erehnn
1913 1006 2305 1119 Finanzreone.
2626 1039 2964 1108 einem Hause,
2953 1038 3291 1103 so wird leise
530 1029 1574 1108 Graf Baden hatte deutlicher sein und kurzweg
2618 1079 3286 1153 kritischen Momenten haben nu
522 1079 1567 1162 sagen können, daß jede Regierung, so sehr sie die
2057 1077 2561 1171 Wien, 17. November.
2625 1129 3267 1199 den Takt, welcher oft mehr ist,
508 1146 1555 1211 private Ueberzeugung der Beamten respectire, doch
1664 1146 2597 1215 Die Rede des Lord Salisbury ist der Eckstein
2612 1188 3286 1250 Wieviel wurde nicht in sensatione
509 1193 2597 1262 von Jedem unbedingte Unterwerfung unter die be= der auf allen Märkten eingetretenen Beruhigung
2610 1233 3286 1297 hinausgelogen! Man braucht n
2609 1263 3288 1347 bericht aus Berlin zu lesen. Kau
510 1298 1549 1355 eine Ehrenrettung der „Liebelei“ Schnitzler's, deren
1554 1298 2593 1365 dadurch nur gewinnen. Herr Mitterwurzer wird
2615 1333 3290 1405 ist wahr, der winzigste Contremin
520 1334 1549 1407 Burgtheaterfähigkeit vielfach angezweifelt wurde.
1558 1348 2595 1410 Herrn v. Röcknitz den Ueberfluß an sprühender
2617 1379 3163 1450 Position durch eine Ente.
511 1366 1550 1444 Stoff und Sprache ist bei Schnitzler aus bedenk¬
1557 1404 2595 1454 Vitalität aus Eigenem leihen, den ihm der Dichter
516 1439 1550 1511 lichen Sphären des Alltagslebens gegriffen, sein
1560 1446 2597 1514 nicht zu geben vermochte, und Herr v. Röcknitz
2704 1432 3266 1511 Der Herr Finanzminister
520 1486 1544 1553 Stück präsentirt sich äußerlich unfein, doch inner¬
1560 1492 2594 1561 wird dann vornehmer erscheinen, als er gedichtet
2612 1505 3263 1579 strengeren Controle. Sie wird
509 1538 1545 1597 lich ist es rein, einfach und wahr. Sein Dichter
1562 1542 2593 1597 ist. In Wien muß man Sudermann's Sachen
2599 1556 3259 1617 nützlich erweisen, aber auch
517 1572 1545 1637 hat das gute Gehör des Herzens, das nicht eine
1550 1584 2589 1649 etwas anders spielen, als sie gemeint sind; das
2604 1605 3277 1666 plaidiren wir für eine strengere
523 1628 1550 1700 schmerzhafte Dissonanz für einen lösenden Accord
1558 1640 2595 1708 hat schon die „Schmetterlingsschlacht" bewiesen. In
2600 1654 3273 1708 richtendienstes! Wenn es auch nur
510 1679 1546 1749 halten wird. Sudermann dagegen erscheint im lite¬
1551 1677 2598 1759 der Elisabeth, wie Fräulein Adele Sandrock sie
2600 1691 3291 1763 heiten scheinen, sie bieten ein emi
515 1733 1544 1790 rarischen Salonrocke, er legt uns, um Kessler's
1562 1739 2593 1796 spielte, traten, der Eigenart dieser Künstlerin ent¬
2612 1748 3287 1804 Interesse. Wo immer ein Allar
512 1780 1549 1838 Sprache zu sprechen, nur Primawaare an seeli¬
1561 1782 2587 1857 sprechend, die Züge, welche zum Vortheil des
2598 1795 3292 1875 gegeben wird, dessen Wahrhaftig
517 1821 1546 1893 schen Conflicten vor, und doch, welche Unsicherheit,
1553 1831 2592 1906 Ganzen vertuscht werden sollten, stark hervor,
2604 1843 3290 1898 tirt ist, mag es liegen bleiben.
515 1875 1549 1945 welche Gröblichkeit des Empfindens verräth sich in
1560 1875 2584 1948 während jene, durch welche sie sich von ihrer Um¬
2600 1887 3288 1956 ganz gut geschehen, daß einmal 4
506 1926 1540 1986 manchem Zuge, besonders in der Schlußwendung.
1562 1925 2578 1993 gebung abheben soll, wie eine verzauberte Prin¬
2603 1943 3291 2014 Vortheil kommt, der ihm aus der
512 1960 1541 2039 Es gibt Ohren, denen das weher thut, als ein
1552 1980 2581 2041 zessin, vielfach im Schatten blieben. Doch daran ist
2586 1980 3272 2049 niß einer Thatsache erwachsen
513 2008 1459 2081 „Servus, Fratz“, im Burgtheater gesprochen.
1550 2020 2594 2100 die Darstellerin unschuldig, das liegt in ihrer
2594 2013 3290 2106 hundert Fällen wird schwerer Sch
607 2066 1538 2136 „Das Glück im Winkel“ hat im Burgtheater
1549 2076 2590 2146 Persönlichkeit. Herr Sonnenthal legte in die
2594 2077 3262 2140 eine böse Absicht zerstört werden.
495 2105 1550 2185 im Ganzen eine gute Darstellung gefunden. Herr
1560 2129 2586 2189 unglückliche Rolle des Rectors all' seine Gefühls¬
2595 2133 3296 2196 auf alle Telegraphenämter aus
508 2161 1550 2238 Mitterwurzer, der den Freiherrn v. Röcknitz
1559 2180 2591 2242 wärme, ohne die eigene Ueberzeugung dem Publi¬
2587 2163 3294 2241 bleibt sie illusorisch. Eine zweite R
504 2205 1536 2279 spielte, schien uns etwas beengt, vielleicht durch
1553 2223 2582 2290 cum in's Gemüth spielen zu können. Nach jedem
2593 2227 3284 2284 auf das Sensal= und Agentenwesen
502 2268 1541 2325 allzugewissenhaftes Bestreben, sich den Intentionen
1546 2259 2583 2326 Actschluß wurde Beifall laut, der den Verfasser
2602 2283 3296 2337 einmal das französische Muster na
490 2310 1542 2373 des Verfassers anzupassen. Wenn er, was bei den
1555 2314 2584 2370 vor die Rampe lockte. Doch schien er mehr dem
2594 2326 3286 2388 Syndicat mit einem Garantiefond
502 2348 1543 2432 Wiederholungen gewiß eintritt, die Rolle ungenirt
1555 2363 2581 2421 Dichter der „Ehre“ und der „Frau Sorge“ zu
2595 2377 3294 2431 zugleich auf das Agentenwesen au
490 2393 1544 2472 als Vorwand benützen wird, um sein schauspiele¬
1547 2418 2581 2482 gelten, als dem neuesten, mittelmäßigen Erzeugniß
2595 2426 3282 2487 Wer Coulissier werden will, soll
498 2446 1539 2511 risches Temperament und seine bewegliche mimische
1561 2471 2579 2526 Sudermann's, von welchem wir mit dem tröstlichen
2588 2476 3287 2538 das Syndicat einzahlen und diese
498 2496 1540 2572 Phantasie in allen Lichtern und Farben brilliren
1554 2503 2583 2591 Jägerspruch Abschied nehmen: Wer nie gefehlt
2602 2518 3291 2584 seinem ganzen Vermögen. Dann
496 2538 1538 2618 zu lassen, wenn er ganz Mitterwurzer, beinahe
1562 2560 2232 2619 hat, der hat auch nie getroffen.
2607 2569 3285 2640 scheinlich weniger Coulissiers, aber
504 2585 1546 2678 nur Mitterwurzer sein wird, dann wird Sudermann
1949 2615 3279 2685 Alfred Freiherr v. Berger.' geben und das ist nicht von der
