3436 4352
363 122 628 203 Liebe
189 114 1314 229 5. L##elei box 10/1
1037 1163 1571 1271 Wien, 17. Rodembel.
1612 1165 3288 1254 bedrohen und dann kann der Einfluß ganz Europasf beeinftußten und augemeinen!
1625 1255 3298 1325 darauf hinwirken, daß die Abwehr mit dem größten] Friedensinteresses gegenüber d
660 1244 1611 1325 In verhältnißmäßig kurzer Frist hat sich in
2671 1288 3303 1379 Orient eröffnet ist. Die Anty
1599 1303 2259 1363 Nachdrucke bewerkstelligt wird.
557 1299 1600 1372 der politischen Gesammt=Constellation ein durch¬
2663 1378 3305 1439 ist ein Schriftsteller von Sud
1621 1389 2654 1448 Verheiratung, und sofort platzt sie nicht nur mit
570 1418 1613 1486 diesen Winkel zu flüchten und Wiedemann's Frau
2657 1424 3306 1504 wohl noch selten verfallen. Elis
1627 1436 2657 1502 dem Geständniß heraus, daß sie ihn geliebt hat
573 1457 1615 1539 zu werden. Dieser Mann ist der Freiherr v. Röck¬
2667 1476 3276 1550 Manne ihr Vergehen und
1615 1479 2658 1546 und noch liebt, sondern ihre Lippen verschmelzen
571 1507 1606 1577 nitz auf Witzlingen. Elisabeth war Erzieherin
2660 1518 3302 1576 sicht. Der Rector eifert Wan
1619 1533 2652 1600 mit denen des Freiherrn in einem langen brünstigen
565 1551 1601 1643 im Hause dieses adeligen Zwillingsbruders des
2670 1568 3302 1637 schen Vorbilde, würdig nach
1623 1582 2648 1661 Kusse. Der Zuschauer wundert sich, wie billig es
579 1598 1592 1673 Handlungsreisenden in der „Schmetterlingsschlacht“,
2655 1620 3310 1690 Schafsgeduld, die wir wohl für
1630 1628 2636 1692 weiblich=stolze, willenskräftige „Pflichtnaturen“
580 1644 1602 1738 in welchem Sudermann, wie es scheint. ein Pracht¬
2668 1672 3287 1736 sollen. Die Eröffnungen seiner
1632 1674 2659 1743 Sudermann'scher Mache geben. Widerstandslos,
580 1695 1609 1774 exemplar von Vollblutjunker mit allen Abzeichen
2671 1690 3310 1776 tive, welche sie dem Freiherrna
1621 1722 2655 1814 besinnungslos erliegen sie der ersten Aufwallung
581 1748 1618 1816 und Eigenschaften edler, kraftvoller Race gezeichnet
2669 1759 3307 1832 haben, beantwortet er, bemerken
1852 1776 2654 1847 wie drückt man das aus? — ihrer
1638 1788 1864 1850 ihrer ...
581 1806 957 1877 zu haben glaubt.
2665 1812 3310 1885 stillen Winkel doch recht behag
1617 1818 2646 1899 localisirt empfundenen Liebe. Herr v. Röcknitz
688 1818 1610 1906 Einige äußerliche Merkmale und Züge dieses
2678 1856 3307 1927 Einladung, bei ihm zu bleibe
1628 1864 2655 1932 verfährt nun genau so, wie der Mann vom
580 1888 1612 1950 Typus sind wohl durch Sudermann zu einer Rolle
2669 1921 3306 1973 sich zwar nicht mehr mache
1630 1913 2658 1992 Meere in Ibsen's Schauspiel. Mit seinem schreck¬
579 1940 1617 2011 verbunden, aber der Mensch, der er sein soll, ist dieser
2669 1957 3298 2025 Jugend, die sie noch zuweilen
1633 1985 2663 2034 lichen Willen renommirend, kündigt er ihr an,
579 1988 1625 2061 Freiherr nicht. Der Dichter weiß besser, wie einem
2665 2008 3286 2077 der Zeit vergehen. Da sie, il
1621 2020 2656 2088 daß er sie zwingen werde, sein zu werden. Nun
586 2030 1621 2093 Herrn Kessler, als wie einem Herrn von Röcknitz zu
2669 2050 3308 2124 denkend, anzunehmen zögert in
1628 2059 2659 2131 auch in ihrem Winkel bedroht, mit befleckter
583 2087 1623 2166 Muthe ist. Herr von Röcknitz spricht, fühlt und handelt
2675 2102 3294 2166 er sie, mit diesem Makel b
1639 2115 2658 2188 Seele, beschließt Elisabeth, aus der Welt zu
579 2124 1627 2206 nicht wie ein Gentleman. An einem solchen kommen
2676 2144 3282 2212 werde achten können, theilt
1638 2166 2655 2225 fliehen, was sie Herrn Dangel, dem Unterlehrer,
592 2182 1626 2245 auch die stärksten Dinge nicht gemein und brutal
2680 2200 3290 2272 überwallendem Edelmuth mit,
1635 2206 2663 2269 der für die blinde Helene eine keimende Neigung
590 2228 1623 2302 heraus. Elisabeth war und ist die Freundin Bettina's,
2674 2243 3303 2316 er sie zur Frau nahm, eine G
1632 2253 2672 2317 hegt, so verständlich andeutet, daß dieser den
586 2276 1621 2356 der Gemahlin des Freiherrn. Als dieser ihr mit
2678 2288 3302 2373 glaubte, worauf sie, vor solch
1643 2305 2673 2373 Rector noch rechtzeitig warnen kann. Ein fran¬
595 2322 1626 2393 stürmischer Leidenschaft nahte, wußte sie sich selbst
2677 2342 3305 2406 sagt: „Mir ist, als säh ich Di
1635 2355 2660 2427 zösischer Bühnentechniker würde wohl ein minder
584 2367 1629 2448 in den Sinnen und im Herzen entbrannt, keinen
2675 2399 3304 2461 Mal.“ Diesen Ausruf findet der
1636 2395 2666 2474 primitives Mittel gefunden haben, um dem Gatten
591 2415 1626 2493 Rath, als Herrn Wiedemann, den Hauslehrer
2680 2441 3309 2505 einem anderen Sinne, als in
1638 2451 2665 2520 die Sachlage klar zu machen. Herr Wiedemann
589 2468 1624 2553 auf Schloß Witzlingen, zu heiraten, der längst mit
2686 2486 3302 2557 nach den ungeheuerlichen Aeu
1642 2500 2667 2579 paßt seiner Gattin im Studirzimmer auf, durch
604 2516 1617 2604 ehrerbietiger Liebe zu ihr aufgeblickt hat. Nun,
2687 2540 3295 2604 tors nur begreiflich. Schwerer
1639 2555 2667 2616 welches sie gehen muß, um das Haus zu ver¬
599 2560 1629 2642 nach dreijähriger Ehe, begegnet sie Herrn von
2678 2589 3310 2657 vorzustellen, wie der Recto#
1639 2590 2669 2660 lassen. In einer langwierigen Seene zwischen
598 2606 1639 2681 Röcknitz wieder in ihrem eigenen Hause, in welchem
2678 2623 3306 2701 Morgen anfangen wird, den
1630 2640 2678 2714 den Gatten, in welcher die Absicht zu rühren
599 2662 1622 2728 der Freiherr und Bettina gelegentlich eines Pferde¬
2686 2682 3310 2752 sucher wegzuschaffen. Er wird
1647 2695 2675 2748 ebenso unverkennbar ist, als das Unvermögen
600 2710 1636 2795 marktes Absteigequartier genommen haben. In
2697 2732 3293 2809 langweilen, wozu es ihm an
595 2744 2675 2829 der ersten Unterredung unter vier Augen stellt hiezu, kommt nun Alles zur Entscheidung. Auf
2788 2769 3308 2863 Sudermann's Schauspiel
589 2776 2685 2907 der Freiherr sie zur Rede über ihre wahnwitzige eine so unreinliche, psychologisch haltlose Lösung
