3436 4224
445 114 647 187 iebe
241 106 914 221 5. Auslei
940 109 1378 215 box 10/3
1675 972 1917 1061 Die Zukunft.
1121 980 1244 1057 528
1235 1029 2501 1125 Einfreundlicheres Bild aus dem selben Kunsttempel: „Liebelei“, ein Schauspiel,
1117 1106 2497 1167 das Herr Arthur Schnitzler gedichtet hat. Ein hübsches, künstlerisch ziemlich sauberes
1129 1161 2504 1244 Stück, zu dem der Weg über die feine Vordertreppe der literarischen Erinnerungen
1177 1217 2500 1277 - Aufgang nur für Herrschaften — führt. Der junge Herr Fritz Lobheimer hat ein
1136 1267 2501 1329 schwefelgelbes Verhältniß zu der Frau eines guten Bekannten und sucht und findet
1135 1310 2494 1388 bei der unschuldigen Stine Weiring Erholung; der Mann der gefälligen Frau schießt
1137 1357 2511 1416 ihn nieder und das Mädchen erliegt dem jäh hereinbrechenden Gedanken, daß es
1137 1399 2502 1472 im Leben des fürs Leben Geliebten nichts war als eine flüchtige Liebelei. Das
1139 1449 2496 1522 wiener Fritzchen ist, all in seiner sentimentalen Nichtigkeit, gut gesehen und Stine,
1137 1499 2511 1575 der die holde Klugheit der Frau Sorma, dieser nie genug gepriesenen Retterin
1134 1560 2511 1636 schwächlicher Brettermenschheit, über Klippen hinweghalf, darf an dem festeren
1138 1619 2507 1663 Knochenbau der fontanischen Schwester bescheiden emporblinzeln. Ein anderes Paar,
1141 1647 2502 1702 das leider nach allzu berühmten Mustern gebildet wurde, muß für die Kontrast¬
1141 1687 2505 1768 wirkungen sorgen. Herr Schnitzler ist noch jung, aber sein Denken scheint zum
1132 1755 2514 1813 Theil doch in der fröhlich seligen vorluegerischen Zeit zu wurzeln, wo man in Wien
1133 1792 2511 1852 nach bourgeoiser Moral lebte und leben ließ, den Krach von gestern schon heute ver¬
1139 1856 2504 1919 gessen hatte und an den Krach von morgen nicht dachte. Er hat viel Talent — so
1144 1901 2513 1960 sagt man ja wohl? —, eine stille, oft sichere Beobachtung, eine leichte Hand und
1131 1956 2507 2007 den Sinn für die Tragikomik aller modernen Salonleidenschaften. Ob er auch
1146 2006 2503 2058 eine Weltanschauung hat? In seinen hübschen Büchern, die manchmal bis an die
1135 2049 2516 2120 Oberfläche der Tiefe führen, ist sie nicht leicht zu finden. Sein angenehm aus
1141 2094 2508 2166 vertrauten Bildern zusammengesetztes Stück, das den Durchschnitt beträchtlich über¬
1147 2134 2509 2201 ragt, ist kein soziales Drama im guten Sinn des prostituirten Wortes, denn es zeigt
1133 2202 2514 2248 uns nicht verwandte Menschen und Menschengruppen, die in einer Luft wuchsen
1145 2232 2497 2297 und wachsen mußten. Aber es ist reinlich und liebenswürdig und weckt die Er¬
1145 2287 2512 2349 innerung an Prévost d’Exiles und Musset und manchen anderen Großen im Reiche
1138 2331 2506 2399 der Dichtung, dem Herr Schnitzler rüstig, aber in freier Selbständigkeit und nicht
1150 2380 2518 2446 als geschminktes enkant du siecle nachstreben sollte. Jules Lemattre könnte den
1147 2430 2518 2499 Inhalt der Liebelei reizend erzählen; er könnte, wenn er in Wien wohnte, das
1155 2475 2517 2555 Stück auch geschrieben haben, denn es ist fein, sehr sauber polirt und die müde
1143 2534 2085 2593 Skepsis ist in ihm mächtiger als die schaffende Kraft.
1263 2587 2510 2642 Was giebt es sonst noch? Herr von Wildenbruch hat uns und besonders
1153 2625 2522 2698 sich selbst mit zwei Albernheiten geschädigt, die man nicht für möglich hielte,
1151 2691 2503 2744 wenn sie nicht gedruckt worden wären. Frau Hedwig Niemann iraf das Ver¬
1150 2721 2517 2803 hängniß, einer von diesen Fratzen einen Körper schaffen zu müssen. Berlin
1148 2766 2514 2860 bleibt Berlin: geputzte Hetären beherrschen die Bühne und die beste, stärkste
1159 2821 2508 2900 und fraulichste deutsche Schauspielerin muß unthätig feiern oder an Erbärmlich¬
1157 2870 2516 2949 keiten ihr Können verzetteln. Wer Hedwig Niemann als Goethes Marionne,
1158 2930 2520 2999 als Hebbels Klara, als Frou=Frou, ja, sogar als Lorle erlebt hat, wird wissen,
1157 2968 2518 3043 wie kläglich unsere Spielerei, trotz der berühmten Modernität, heruntergekommen
1157 3026 2513 3099 ist. Der Theaterkritiker sollte ... Aber von Alledem, was er sollte, soll, so war
1155 3082 2390 3153 das Versprechen, in grippiger Laune heute hier nichts verrathen werden.
1305 3224 2379 3307 wertlicher Redateur: B. Harden in Verlin. — Verlag ven D. Häring in Verlin
1570 3294 2086 3366 Druck von Albert Damcke in Berlin.
