3484 4256
486 169 733 248 Liebe
304 158 1439 300 5. L.ei box 11/1
1093 930 1884 1011 Agathe: Beinah wie die Männer.
1108 982 2516 1054 Emil: Ihre Geschichte hat mich sehr ergriffen, gnädige Irau —
1142 1056 2586 1123 .Sie sind gewiß nur deshalb hierher gekommen und sind am
986 1123 2577 1197 Fenster stehen geblieben, um sich an diese Freundin und an ihr sonderbares
986 1171 1643 1253 Abenteuer erinnern zu können.
1093 1230 2579 1306 Agathe: Nein. Wenn ich die Wahrheit sagen soll, ich hatte sie
987 1283 2586 1363 schon lang vergessen. Ich stehe hier am Fenster nur, weil die Luft mir
984 1360 2363 1435 wohlthut. Und dann — da ich weder tanze, noch Karten spiele ¬
1108 1409 2581 1489 Emil: Jedenfalls steht es fest: Auch Sie feiern Ihren Splvester nicht
984 1466 2593 1538 an dem rechten Ort. Auch Sie sind nicht — wo Sie eigentlich sein
993 1532 1200 1609 möchten
1118 1580 2349 1643 Agathe (lachend): Was fällt Ihnen denn eigentlich ein!
1109 1657 2587 1719 Emil: Und ich sage noch mehr: Sie wären mit ihm, wenn er nicht
994 1703 1336 1785 sehr fern wäre.
1115 1745 1777 1844 Agathe: Er? Welcher Er?
1105 1801 2593 1896 Emil: Er, mit dem Sie in dieser festlichen Stunde am liebsten zu¬
984 1888 1485 1961 sammen sein möchten.
1115 1929 2585 2036 Agathe: Sehr fern? ... Nicht einmal — da drin sitzt er und.
995 1998 2143 2073 spielt Whist mit Ihrem Dapa und Herrn Friedmann.
1112 2055 2493 2148 Emil: Wieso? Entschuldigen Sie ... das ist ja Ihr Mann.
1105 2117 1575 2198 Agathe: Natürlich.
1105 2179 1517 2246 Emil: Aber —!
1112 2225 2524 2299 Agathe: Nun ja; er ist's, mit dem ich Splvester feiern möchte¬
995 2311 2590 2375 und er spielt Whist mit Ihrem Dapa und Herrn Friedmann. Uebrigens
986 2357 2583 2428 wäre er nicht sehr geschmeichelt, wenn er jetzt Ihr Gesicht sähe. Ich bin
1000 2421 2593 2488 nicht so romantisch, wie Sie glauben — und wie es meine todte Freundin war.
1118 2484 2600 2555 Emil: 0 gnädige Frau, ich durchschaue Sie ja. Das ist einfach
1002 2538 1830 2614 ein ehrenvoller Rückzug, nichts anderes.
1113 2600 2599 2676 Agathe: Sie irren sich sehr. Ich versichere Ihnen, daß es keinen
989 2660 2594 2730 Meuschen auf der Welt giebt, der mir näher steht, als mein Mann — ja.
999 2716 2584 2786 Sehen Sie mich nicht so dumm an. Es ist nun einmal so. Ich sage
998 2766 2587 2857 Ihnen: wenn zwei Menschen nur überhaupt zusammen bleiben, so kommt
994 2835 2591 2906 immer eine Zeit, wo sie einander wieder finden. Und man verzeiht ein¬
1000 2890 2589 2984 ander sehr viel, hauptsächlich weil es gar nichts Unverzeihliches giebt, wenn
1006 2953 1400 3034 es nur vorbei ist.
1118 2977 2588 3090 Emil: Nun — warum sind Sie dann eigentlich so melancholisch am
1008 3068 2593 3145 Fenster gestanden? Sie werden Ihr Fest eben um zwei Stunden später feiern,
997 3126 2592 3195 das ist Alles. Denn in zwei Stunden fahren Sie mit Ihrem Mann nach
999 3188 1961 3272 Hause. Ich hingegen bin und bleibe allein.
1119 3250 2601 3328 Agathe: Und doch ist Ihre Splvesterfeier die schönere. Denn bei
1007 3310 2594 3385 jedem Fest kommt es auf das Morgen an. Und darum giebt es nur Feste,
999 3376 1895 3451 so lang man auch morgen noch jung ist.
1118 3421 2616 3495 Emil: Gnädige Frau, reden sie doch nicht so — man kann Ihnen
997 3485 2606 3588 wirklich gar nicht zuhören. Sie reden vom Altwerden! Sie wissen ja gar
