3484 4256
368 219 768 285 Liebelez
366 282 762 327 — —
913 217 1336 307 box 13/7
1804 198 2622 318 „OBSERVER
1892 289 2586 361 I. österr. behördl. konzessioniertes
1863 331 2613 410 Unternehmen für Zeitungs-Ausschnitte
1939 388 2551 472 WIEN, I., WOLLZEILE 11
2011 451 2484 518 TELEPHON R-23-0-43
1816 592 2195 667 Ausschnitt aus:
1983 655 2703 771 ThellewVorkTimes Newfork
2195 778 2597 861 2. MRZ. 1935
1847 828 1972 882 vom:
1934 1004 2613 1090 SSchRAN CALESETE
1948 1115 2615 1192 O TEA TReSSSTISNS
1928 1238 2604 1302 London Manager Halts Plans
1952 1304 2604 1359 on Future Plays Because of
1966 1355 2568 1432 Clash With British Equity.
1930 1475 2654 1544 HIS ’STREAMLINE‘ CLOSINGI:
1935 1595 2668 1666 Decision Follows Plea to Cast—1
1960 1652 2586 1720 Actors Stand Firm and Hope
2002 1702 2544 1784 That Hie Will Reconsicer.
2015 1820 2545 1876 Wireless to Tur Naw Yonx Tniss.
1968 1857 2658 1914 LONDON, arch 1.—Charles B.1
1927 1906 2633 1949 Cochran, ons of London’s leading
1945 1933 2663 2001 producers, made a dramatie move!
1934 1980 2622 2041 today in his dispute with British
1938 2014 2647 2072 Equity, announcing that he hadi
1940 2067 2615 2121 called off plans on six new produs¬
1938 2115 2086 2171 tions.
1984 2134 2625 2201 Thave abandoned all my produc¬
1940 2187 2627 2243 tion plans. Beyond that I wish to
1930 2230 2465 2284 say nothing,“ he declared.
1973 2261 2626 2326 The canceled productions include
1949 2310 2629 2353 three planned for earl) presenta¬
1943 2342 2625 2394 tion. They are Beverly Nichols’s
1941 2387 2624 2447 Mesmer“: Dalllance,“ which is a
1933 2424 2615 2490 musical version of Schnitzler’s fa¬
1945 2485 2622 2538 mous Liebelei,“ and the American
1933 2510 2602 2573 musical comedy, Anything Goes.“
1970 2531 2633 2604 Later he had planned to stage
1947 2587 2621 2646 A. P. Herbert’s revue, Jubilee“;
1932 2633 2617 2687 Barrie’s new play, written espe¬
1946 2681 2621 2730 cially for Elisabeth Bergner, and a
1945 2715 2627 2775 spectacular Continental musical
1943 2768 2142 2814 comedy.
1968 2797 2637 2857 Mr. Cochran’s decision, which fell
1936 2844 2625 2897 like a bombshell on the London
1944 2876 2617 2924 theatre, followed an exciting meet¬
1950 2917 2628 2976 ing between the producer and the
1946 2959 2615 3020 cast in his current revue, Stream¬
1939 3001 2596 3061 line,“ which is closing tomorrow.
1966 3025 2619 3089 He summoned the entire cast, ap¬
1937 3089 2635 3152 pealing to them for a decision as
1944 3125 2609 3179 to whom they owed their loyalty—
1935 3152 2623 3218 himself or Equity—and asking them
1940 3195 2442 3249 to appear in Dalliance.
1970 3210 2627 3272 As soon as he learned Mr. Coch¬
1947 3264 2631 3308 ran’s action, Godfrey Tearle, pres¬
1950 3296 2627 3342 ident of Equity sent telegrams to
1946 3334 2624 3372 everyone in the cast of Stream¬
1947 3365 2625 3421 line,“ warning them not to sign
1949 3396 2616 3451 contracts in future Cochran produc¬
1940 3430 2630 3484 tions on penalty of expulsion from
1949 3466 2616 3514 membership in Equity, without
1958 3499 2617 3538 which, according to the London
1942 3533 2616 3586 theatre council’s recent agreement,
1939 3566 2613 3608 it is impossible to act here. Equity,
1947 3602 2616 3654 replying officially to Mr. Coch¬
1939 3629 2609 3683 ran’s decision, stated that Equity
1943 3669 2616 3712 believes in constitutional govern¬
1948 3708 2618 3759 nent of profession. We hesitate
1955 3736 2619 3779 to believe that Mr. Cochran pre¬
2357 3772 2624 3818 Equity also
1941 3776 2337 3825 fers dictatorship.“
1960 3803 2631 3849 expressed the conviction that he
1963 3841 2620 3888 would reconsider. We have no
1953 3865 2626 3927 doubt at all jn our minds that Mr.
1959 3912 2614 3969 Cochran soön will be p#oducing
1963 3948 2614 3997 plays agafh. The pull of the thea¬
1958 3977 2610 4027 tre willbe too strong for him to re¬
1948 4007 2619 4055 sist and the profession can ill afford
1949 4045 2625 4116 to lose such an excellent showman.
