3484 4224
371 147 716 222 Liebele
919 146 1318 237 box 13/7
368 176 780 252 nenenenenen n 1
295 418 1172 503 CASINOS IN OSTERREICH
407 494 1083 557 BadenSalzburgSemmering
296 533 1162 602 Roulette — Baccara — Chemin de fer
306 607 1101 669 Österreichische Casino A.
307 653 1162 699 Wien III, Schwarzenbergplatz 5a
318 755 797 840 „OBSERVER“
559 821 1152 886 . österr. behördlich konzessioniertes
531 876 1168 926 Unternehmen für Zeitungs-Ausschnitte
543 914 1167 956 Wien I, Wollzeile 11, Telephon R-23-0-43
287 1068 1117 1224 Ausschelt auf — Foho Wien
628 1191 944 1308 14. FEB.
306 1299 443 1354 vom:
540 1404 1586 1521 Schnitzler=Feier in der Josefstadt
1060 1520 1895 1591 gen Tagen im Reinhart=Seminar einen
1074 1577 1899 1645 geradezu aufsehenerregenden
1084 1635 1898 1678 Erfolg bei Publikum und Presse hatte.
1123 1676 1908 1737 Die junge Künstlerin wurde auf
1086 1715 1914 1783 Grund ihrer Leistung sofort von Doktor
1088 1776 1899 1822 Lothar, der auch die künstlerische Ober¬
1088 1814 1911 1876 leitung über die Seminaraufführung
1083 1859 1908 1922 von „Liebelei“ hatte, ans Theater in der
1081 1913 1538 1992 Josefstadt verpflichtet.
1131 1944 1910 2021 Die Rolle des Theodor wird gleichfalls
1090 2009 1907 2065 ein eben an die Josefstadt verpflichteter
1088 2046 1906 2128 Reinhardt=Seminarist, Walter O. Fi¬
1093 2099 1919 2161 scher, darstellen. Die übrigen Rollen
1094 2157 1913 2208 werden mit den Kräften des Ensembles
1097 2193 1923 2252 des Theaters in der Josefstadt besetzt
1092 2252 1270 2312 werden.
342 2332 414 2372 1
337 2383 957 2472 Die 15jährige Annie Maier
281 2476 1067 2546 Direktor Dr. Ernst Lothar plant an¬
257 2539 1081 2593 läßlich der Wiederkehr des Geburts¬
239 2579 1072 2649 tages Artur Schnitzlers, im
253 2630 1082 2696 Frühjahr eine einmalige Auffüh¬
251 2669 1082 2748 rung von „Liebelei“ in der Josef¬
248 2713 1073 2801 stadt, die auch deswegen interessant zu
256 2773 1080 2839 werden verspricht, weil in ihr eine neu¬
259 2815 1076 2881 entdeckte Schauspielerin in der
258 2862 1090 2933 Rolle der Christine dem breiten Publikum
260 2914 1082 2995 vorgestellt werden soll. Es ist dies die
249 2958 1076 3042 junge Reinhardt=Seminaristin Anni
263 3005 1113 3094 Maier, die in derselben Rolle vor weni¬
2172 204 2997 289 AIINOS IN ÖSTERREICH
2233 266 2906 329 Baden SalzburgSemmering
2122 297 2994 379 Roulette — Baccara — Chemin de fer
2129 391 2980 439 Österreichische Casino A. G.
2128 416 2996 486 Wien III, Schwarzenbergplatz 5a
2145 534 2634 628 „OBSERVER“
2367 594 2988 655 I. österr. behördlich konzessioniertes
2367 640 2996 698 Unternehmen für Zeitungs-Ausschnitte
2377 677 3002 732 Wien I, Wollzeile 11, Telephon R-23-0-43
2773 817 2817 899 *
2137 855 2523 939 Ausschnitt aus:
2157 1012 2915 1153 vom: 1 4 FEB 1838
2015 1167 2907 1336 Theater und kunsr
2055 1383 2885 1469 „Liebelei“ im Reinhardt=Seminar
2052 1460 2923 1537 * Wenn der Vorhang aufgeht, ehe noch das
2016 1510 2915 1581 erste Wor gesprochen wird, ist man bereits
2022 1558 2910 1605 mitten in der Atmosphäre des Sückes;
2030 1614 2908 1659 Fächerpalmen und schwere Pelucheportieren
2024 1652 2909 1702 samt den dazugehörigen, reich mit Posamen¬
2027 1690 2922 1746 terie verzierten Tabouretts: in diesen, mit
2028 1725 2913 1794 dem Prunk der ausklingenden Makart=Zeit
2022 1771 2912 1843 überladenen Räumen sind auch die Gefuhle
2027 1818 2919 1876 kompliziert — es ist kein Wunder, wenn Fritz
2025 1871 2908 1913 Lobheimer an der „dämonischen Frau“ zu¬
2034 1901 2920 1962 grunde geht. Womit freilich keineswegs gesagt
2024 1949 2914 2005 sein soll, daß „Liebelei“ irgendwie zeitgebun¬
2171 1989 2921 2046 — denn immer wieder wird eine
2028 1997 2136 2042 den
2032 2030 2913 2082 Christine an unerwiderter Liebe sterben gehen,
2029 2071 2911 2137 wird irgend ein alter Mann sich Vorwürfe
2027 2120 2906 2172 machen, daß er das ihm anvertraute Geschöpf
2024 2163 2918 2226 (egal ob Tochter oder Schwester) allzu gut be¬
2026 2208 2234 2279 hutet hat.
2066 2249 2907 2299 Die ewige Melodie von Liebe und Tod kam
2473 2286 2917 2343 — Oberleitung Ernst
2027 2295 2470 2350 in dieser Aufführung
2025 2332 2921 2387 Lothar — fast den ganzen Abend über zum
2027 2383 2922 2424 Klingen; nichts Nebensächliches störte den rei¬
2022 2419 2908 2481 nen gewaltigen Gesamtakkord und auch das
2029 2463 2916 2518 (bei Schnitzler nicht vorgeschriebene) Werkel
2024 2511 2920 2564 unter Weirings Fenster gehörte zum Aus¬
2022 2541 2925 2603 klang: ein junges Madel wird in den nächsten
2019 2587 2922 2639 Augenblicken seinem Leben ein Ende bereiten,
2017 2631 2920 2689 das Leben aber geht weiter und die Strumpf¬
2019 2674 2923 2736 wirkersgattin Katharina Binder hält die
2029 2717 2811 2778 quietschenden Drehorgeltöne für Musik.
2060 2771 2919 2812 Die junge Schauspielergeneration von heute
2017 2800 2927 2867 hat sich wunderbar in die Jugend von 1894
2037 2850 2911 2896 (dem Entstehungsjahr von „Liebelei“) einge¬
2039 2894 2922 2944 fühlt; sie alle scheinen der Schnitzlerschen Ge¬
2034 2937 2927 2993 fühls= und Gedankenwelt außerordentlich
2032 2970 2923 3032 nahe. Denn gerade „Liebelei“ kann nicht ge¬
2037 3013 2912 3075 spielt werden — die Christine muß ihr
2034 3057 2921 3115 Schicksal aus dem Gefühl heraus erleben.
2035 3100 2911 3148 Und Anna Maier reiht sich würdig den
2029 3144 2921 3198 großen Christine=Darstellerinnen (Medelsky,
2025 3184 2922 3259 Wessely) an. Wohl hat sie noch sehr viel zu
2036 3234 2918 3284 lernen: ihr sprachlicher Ausdruck ist vorläufig
2269 3271 2916 3329 aber ihre rein gefühlsmäßige
2041 3278 2223 3328 gehemmt
2035 3316 2923 3374 Erfassung der Rolle bedeutet heute schon Er¬
2046 3360 2916 3413 füllung. Jede Handbewegung, die kleinste
2028 3396 2927 3450 Geste verraten die ihren ganzen Körper durch¬
2038 3441 2925 3497 bebende seelische Erschütterung und ihr Zu¬
2044 3485 2926 3538 sammenbruch im dritten Akt ist vollendet.
2042 3527 2916 3586 Eine reizende, in der Trockenheit ihres Hu¬
2033 3570 2918 3615 mors entfernt an die Geßner erinnernde
2037 3615 2926 3676 Mizzi Schlager ist Hilde Herbert. Gustap
2039 3638 2920 3714 Breuer (Fritz) und Otto Fischer (Theodor)
2038 3706 2929 3758 zeichnen beide scharf umrissen die jungen
2042 3750 2916 3808 Herren aus gutem Haus. Feodor Weingarts
2038 3786 2934 3836 alter Weiring ist eine rührende Kleinbürger¬
2036 3823 2932 3876 Type. Es gab stürmischen Beifall für die
2039 3881 2883 3941 Regie (Karl Guttmann) und die Darsteller.
2730 3916 2882 3970 m. fr.
