3532 4224
1004 171 1442 263 box 12/6
467 189 871 257 Liebeler
293 187 872 296 5. Senenn
581 1203 911 1285 schnitt aus:
925 1259 1536 1382 nziger Zeitung
695 1283 1001 1367 ZOMNTOTS
773 1402 1570 1507 Danziger Stadttheater.
807 1493 1522 1579 Liebelei — Lottchens Geburtstag.
691 1551 1657 1617 Schnitzler#Liebelei“ ist in zwanzigjährigem
663 1616 1667 1675 Lebensalter bereits ein Stück Literaturgeschichte
655 1662 1661 1707 geworden. Damals, als das Schauspiel neu war
727 1701 1655 1764 hier in Danzig wurde es 1899 aufgeführt —,
657 1743 1664 1789 verletzte noch der Mißklang seines Schlusses, die
654 1790 1657 1841 Härte des Schicksals, das ein vertrauensvoll
659 1833 1669 1888 liebendes Mädchen trifft, nur weil es liebt. Man
663 1875 1670 1934 empfand den Mangel der tragischen Schuld.
666 1923 1667 1970 Heute überwiegt angesichts des Stückes das
664 1973 1657 2026 Frohgefühl über die Zartheit seines Stimmungs¬
668 2017 1663 2077 gehaltes, dem sich inniges Mitgefühl über das
667 2075 1662 2131 Schicksal eines gebrochenen Mädchenherzens bei¬
669 2098 839 2162 mischt.
699 2154 1661 2195 An die Handlung braucht nur mit zwei Worten
662 2187 1657 2241 erinnert zu werden. Es ist die alte Geschichte,
665 2238 1663 2287 die ewig neu bleibt: daß ein Mädchen eine zum
668 2280 1655 2331 Zeitvertreib (hier zum Vertreiben lastender Ge¬
658 2320 1662 2383 danken wegen einer älteren Liebschaft) ange¬
669 2362 1666 2426 sponnene Liebelei ernst nimmt und den Nimmer¬
687 2410 1673 2468 wiederkehrsweg einschlägt, als sie die grausame
771 2451 1675 2511 ißheit bekommt, daß er für eine andere sein
763 2508 1677 2558 en verblutete, daß sie nur auch eine in
754 2542 1090 2604 em Leben war.
697 2593 1670 2643 Frl. Krulle ließ in der Christine vor dem
666 2639 1679 2689 Zuschauer das ganze tiefe Gefühlsleben aufleben,
670 2680 1669 2737 das dem Dichter als das Wesentlichste des
671 2720 1675 2778 Stückes vorgeschwebt haben mag, mit all den
672 2759 1676 2822 Lichtern des Glückes und den Schatten des
669 2815 1680 2868 Kummers und der stillen Entsagung. Sie gab in
674 2860 1668 2911 der Rolle wiederum den Beweis starken Könnens
679 2897 1579 2942 und individueller Charakterisierungskunst.
709 2937 1674 2990 Frl. Kling gab die Mizi Schlager, die minder
664 2984 1687 3052 schwerblütig sich über „Erfahrungen“ hinwegsetzt
677 3031 1672 3080 und ein Verhältnis eben nur als ein Verhältnis
673 3076 1682 3134 ansieht, mit einem Worte zur Grisette geworden
766 3129 1674 3180 mit sprudelnder Lebendigkeit. Das fesche
678 3154 1680 3223 Wiener Blut brodelt in ihr. Dazu sprach sie den
671 3206 1674 3274 unserem norddeutschen Ohre so sympathischen
672 3250 1243 3311 Wiener Dialekt allerliebst.
706 3301 1666 3349 Von den beiden jungen Leuten hat der Leicht¬
679 3336 1671 3383 lebige, der Schatz der Mizi Schlager, den Herr
669 3380 1676 3428 Wanner gab, die dunkbarere Aufgabe. Wenn
1678 709 2692 784 er auch zum Schluß elne Leichenbittermiene auf¬
1675 767 2675 829 stecken muß, so bleibt er doch der urfidele, gute
1680 806 2677 864 Kerl. Herr Wanner blieb der Aufgabe, ihn dar¬
1686 847 2680 913 zustellen, nichts schuldig. Herr Lerch hat einen
1677 891 2671 951 kaum minder leichten Wiener darzustellen, aber
1687 955 2674 1007 einen, den das Schicksal gepackt hat, einen Ge¬
1684 974 2680 1050 zeichneten. Herrn Lerchs Darstellung traf ebenso¬
1685 1041 2686 1090 sehr den vollendeten Kavalier, wie den im
1682 1068 2672 1123 Grunde guten Kerl, wie endlich den von seiner
1674 1126 2682 1168 Schuld Erdrückten. Herr Doerry gab den
1683 1157 2681 1212 braven Dater Christines, einen ergrauten kleinen
1681 1209 2683 1266 Künstler, recht zutreffend. Die geschwätzige und
1686 1256 2680 1310 klatschsüchtige Strumpfwirkersfrau war nicht
1686 1307 2420 1350 das, was sich aus ihr machen läßt.
1717 1331 2684 1397 In „Lotichens Geburtstag“ hier in Danzig
1689 1381 2684 1444 leichfalls schon bekannt, hat der geistreiche Lud¬
1683 1431 2679 1485 wig Thoma einen ganzen Akt dem Knalleffekt
1688 1469 2679 1530 einer witzigen Ueberraschung zuliebe aufgebaut.
1686 1527 2689 1575 Der Vater und der werbende Freier zerbrechen
1695 1561 2690 1621 sich den Kopf, wie es anzustellen ist, daß Lottchen
1682 1610 2684 1655 nicht als völlig unerfahrenes Kind in die Ehe
1686 1646 2686 1707 geht, und müssen schließlich erfahren, daß Lott¬
1696 1698 2694 1748 chen in allen Ehren sich mit dem Werdegang
1697 1728 2690 1805 allen Geschehens an zuständigster Stelle unter¬
1684 1785 1953 1844 richtet hat.
1723 1806 2692 1873 Die Darstellung war sehr lustig. Da die
1686 1869 2699 1941 Figuren karikaturistisch sind, ist Lebenstreue
1695 1920 2691 1969 von ihnen nicht zu verlangen. Am wenigsten bei
1696 1957 2684 2012 dem verknöcherten Rechtsgelehrten, den Herr
1684 1992 2693 2053 Doerry darzustellen hat. Es genügt, daß er
1684 2053 2688 2105 die komischen Seiten herausholt. Und das ge¬
1689 2095 2690 2150 schah. Ganz reizend war die behäbige Schwäbin
1688 2133 2607 2192 der Frau v. Weber, und auch Frau Bo
1691 2163 2695 2236 mann fand sich in den gleichen gemütlichen
1684 2219 2683 2272 Ton. Here Proft war sehr amüsant als
1694 2263 2687 2327 schüchterner junger Gelehrter. Die, um die sich
1699 2306 2694 2364 alles dreht, Frl. Kunkel, hat am Schluß nur
1698 2360 2706 2434 ein paar Worte zu sagen. Aber sie sichern ihr
1697 2400 1934 2465 die Lacher.
1804 2472 2591 2549 Brave deutsche Blaujacken.
2483 2528 2567 2569 1
1743 2533 2247 2608 dus Ood Dalan##nh
