3484 4224
326 125 696 200 Liebelei
848 134 1285 230 box 13/8
2102 72 2348 162 Kainz.
1656 70 1966 198 Aochie
1766 117 2790 217 Von einem Freunde unseres Blattes erhalten wir
1645 199 2795 287 die folgende Zuschrift: Langsam dringt die Nachricht
1647 288 2794 343 hinaus ins Grüne, in die fernen Gebirgstäler, an die
1643 318 2795 400 stillen Sommerseen, an denen die Wiener jetzt sitzen. Wie
1648 376 2785 459 es einst durch die Welt geklungen hat: Der große Pan
1641 426 2790 500 ist tot, so klingt es nicht viel leiser jetzt dem kunst¬
1651 499 2796 573 freudigen und =verständigen Wien ins Ohr: „Kainz will
1659 544 2787 622 vom Burgtheater gehen!“ Das Dementi ist aller¬
1650 614 2791 679 dings auch schon da, Herr Direktor Doktor
1658 662 2798 757 Schlenther hat sich interviewen lassen und hat
1658 728 2802 810 sofort konstatiert, daß an den Gerüchten kein
1657 785 2794 859 wahres Wort sei. Herr Kainz habe bloß einen etwas
1650 843 2801 916 längeren Urlaub erhalten, der sich allerdings über die
1654 894 2795 980 gesamte Wintersaison erstreckt, und triumphierend hat der
1651 971 2798 1027 Direktor des Wiener Hofburgtheaters beigefügt, daß
1657 1019 2805 1092 dieser verlängerte Urlaub dem größten deutschen Schau¬
1663 1077 2803 1157 spieler „gegen Karenz seiner Bezüge“ ge¬
1651 1127 2803 1203 währt wurde. Wien fragt sich zweifelnd: Was soll nun
1651 1193 2797 1258 aus dem, was einst das Burgtheater war, werden, wenn
1663 1244 2799 1326 nun auch Kainz geht? Und der Direktor erwidert er¬
1664 1277 2810 1371 staunt: „Wozu der Lärm, ich brauche ihm ja für die
1668 1359 2812 1433 Zeit seiner Abwesenheit nichts zu bezahlen!“ Vielleicht
1667 1414 2807 1492 sogar, daß er im Stillen schon berechnet hat, um wieviel
1668 1472 2811 1555 sich dadurch die Bilanz des Burgtheaters bessern wird...
1782 1540 2803 1597 Es ist in der letzten Zeit, zuletzt anläßlich der zehn¬
1661 1586 2800 1656 jährigen Wiederkehr des Tages, da Herr Dr. Schleuther
1668 1635 2812 1726 vom Strande der Spree zu uns übersiedelte, so gründlich
1668 1707 2819 1775 über seine Tätigkeit geschrieben worden, daß heute zu
1671 1767 2814 1836 sagen fast nichts mehr übrig bleibt. Die endgiltige Sub¬
1665 1810 2810 1895 stituierung des klassischen Burgtheaterrepertoires durch
1674 1867 2811 1947 „Husarenfieber“ und Anna Karenina“ spricht allein zu
1673 1930 2819 2025 laut, als daß man noch ein geschriebenes Wort dazufügen
1677 1979 2820 2077 müßte. Es hat Burgtheaterabende gegeben, an denen Ein¬
1672 2058 2812 2125 heimische und Fremde mit allen sichtbaren Zeichen des
1680 2114 2823 2179 Entsetzens das Burgtheater verließen. Es sei nur an den
1676 2157 2809 2231 vorletzten Abend der abgelaufenen Saison erinnert, an
1679 2222 2818 2316 welchem an „Liebelei“, das stimmungsvollste Bühnenwerk
1678 2290 2811 2361 des wienerischesten Poeten, „Endlich allein“ angehängt
1682 2346 2810 2416 wusde, ein Zirkusscherz, dessen „dramatischer Höhepunkt“
1678 2401 2820 2476 darin besteht, daß Herr Thimig, dessen geheime Tätigkeit
1683 2464 2811 2547 am Burgtheater ja längst ein offenes Geheimnis ist, ein
1683 2510 2812 2586 paar dutzendmal mit einem Bettpolster unterm Arm um
1683 2572 2815 2665 einen Tisch herumzugaloppieren hat. Derartige Ver¬
1682 2631 2827 2713 gehen an der heiligen deutschen Kunst,
1686 2688 2827 2766 am Wiener Burgtheater, an uns allen begangen, jahre¬
1684 2745 2816 2830 lang fortgesetzt, haben nicht genügt. Ein Glanz, ein
1683 2827 2822 2884 großer Schimmer war dem Burgtheater noch geblieben,
1677 2884 2811 2941 er hieß Josef Kainz. Und nun ist es ganz gleichgiltig,
1680 2945 2818 2990 ob Kainz den überlangen Urlaub mit oder ohne Karenz
1680 2978 2829 3068 der Gebühren erhält, denn das Burgtheater ist eine Kunst¬
1690 3034 2834 3113 stätte, die Anspruch auf einen ganzen Kainz erheben
1689 3094 2828 3179 darf; es ist noch viel gleichgiltiger, ob Kainz' Kontrakt
1681 3170 2826 3227 noch drei Jahre läuft oder nicht, denn niemand wird
1685 3209 2831 3281 diesen Feuergeist zwingen können, da er doch offenbar
1694 3282 2827 3342 nicht bleiben will. Man versteht ja seinen Ueberdruß so
1698 3328 2835 3410 gut, und es hat auch an Sturmvögeln für diesen Orkan
1685 3386 2822 3455 nicht gefehlt. So hat Korff, einer von denen, die
1691 3446 2828 3521 man auch viel höher einschätzen würde, wenn sie nicht an
1691 3502 2833 3587 diesem Burgtheater spielen würden, seinen Widerwillen
1693 3559 2838 3632 schon oft in der ihm eigenen überdrastischen Manier zu
1696 3637 2834 3710 erkennen gegeben. Und nun Kainz. Weil eben jeder
1701 3671 2843 3747 Lebensstürmende, nach hohen Zielen Ringende endlich des
1697 3751 2840 3811 Degoutts vor dieser Art der Bühnenführung sich nicht er¬
1708 3814 2838 3873 wehren kann. Es ist aber nicht einzusehen, warum für Burg¬
1710 3821 2859 3924 theaterdirektoren in gewissen Fällen nicht dieselben Regeln,
2623 3905 2808 3996 G. B.
1710 3906 2523 3998 Giltigleit haben sollen wie für Minister.
