3484 4256
446 158 810 232 iebelei
949 155 1383 246 box 12/3
248 165 818 283 9. S
619 550 1229 691 Aus -aitt 4us —
553 696 1121 799 Darmstädier Zeitung
632 789 1051 884 27
369 838 640 930 EEES
564 878 1538 974 Liebelei — Hbschiedslouper
671 949 1283 1016 Von Arthur Schnitzler
426 992 1571 1058 Die Schauspielaufführungen der letzten=Zeithurten als
364 1044 1565 1108 Niederschlag die pessimistische Ueberzeugung hinterlassen, daß
365 1083 1574 1137 in der modernen Theaterproduktion die Begriffe literarischer
388 1126 1563 1182 Wert und Bühnenwirksamkeit einander auszuschließen scheinen:
457 1175 1566 1233 Wertvolle wirkte nicht, das Wertlose wirkte (zwar auch
409 1220 1580 1274 cht immer, aber doch manchmal). Da kam der gestrige
385 1247 1568 1306 Schnitzler=Abend im Hoftheater zur rechten Zeit. Man
372 1288 1567 1349 stürte wieder einmal das Walten des dichterischen Genius, man
371 1332 1565 1386 gand im Bann einer wundervollen, echten Kunst, bei der In¬
365 1371 1572 1427 halt und Form mit intuitiver Sicherheit zu jenem untrenn¬
364 1427 1581 1485 daren Ganzen zusammengeschmolzen sind, das als höchstes und
360 1460 1577 1519 freinstes Kunsterlebnis empfunden wird. Arthur Schnitzler
363 1499 1583 1552 vollendet demnächst sein 50. Lebensjahr. Unsere Hofbühne wird
370 1531 1578 1590 die Gelegenheit nicht vorbeigehen lassen, dem großen Wiener
360 1593 1583 1643 Dramatiker auch in Darmstadt eine dauernde Pflegestätte zu
367 1623 1167 1681 schäffen. Der Boden ist dazu vorbereitet.
431 1664 1567 1714 Allerdings, ein klein wenig müssen unsere Schauspieler doch
346 1710 1570 1765 noch erzogen werden, ehe man sich an eine solche Aufgabe wagen
373 1750 1578 1799 dakf. Alles gab sich ja redliche Mühe gestern, aber von Stil
351 1787 1569 1852 wür nicht viel zu spüren. Der wundersame Reiz, der zarte
367 1829 1572 1872 Fuft, der die kleine Liebesgeschichte zwischen Christine Weiring
360 1876 1574 1925 und Fritz Lobheimer umgibt, wurde durch die Darstellung zum
356 1930 1567 1966 Teil arg verwischt. Der ganze erste Akt war zu laut, zu lär¬
365 1953 1579 2004 mend, zu sehr nach dem Schwank hinübergeraten. Gleichwohl
355 2002 1567 2057 darf man mehreren Einzelleistungen mit aufrichtigem Loh be¬
363 2038 1567 2098 gegnen. Frl. Meißner hat seit ihrer Tasso=Leonore keine
364 2078 1571 2132 Rolle so ergreifend und wahr, so schlicht in der Auffassung, so
367 2120 1574 2168 echt in jedem kleinen Zug gespielt, wie dieses kleine Wiener
367 2161 1565 2209 Mädel mit seiner hingebenden großen Liebe. Nur über den
360 2199 1571 2257 dritten Akt ließe sich streiten. Da ginge es vielleicht mit etwas
357 2240 1578 2280 weniger Reflexion und dramatischem Aufwand mehr von
355 2295 1568 2342 innen heraus; erst nach und nach, dafür mit mächtiger Steiger¬
369 2325 1574 2392 ung, gerät das naive Kind, das zunächst die rauhe Welt der
363 2363 1505 2416 Wirklichkeiten gar nicht versteht, in Wallung und Empörung.
367 2403 1558 2460 Neben Frl. Meißner darf Herr Westermann als ebenbür¬
351 2448 1564 2508 tiger Partner genannt werden, als Künstler, der die Gabe des
366 2490 1563 2539 Gestaltens hat; und auch Frl. Gothe und Herr Wagner
357 2532 1558 2589 füllten ihren Platz aus. Herr Schneider dagegen war fehl
351 2576 1535 2625 am Ort; lediglich mit einem Uebermaß an fahrigen Beweg
353 2615 1566 2669 ungen und einem gewaltigen Stimmenaufwand stellt man noch
359 2658 1561 2713 keinen lebendigen Menschen auf die Bühne, und so blieb alles
351 2701 1562 2752 hohl und äußerlich. Auch Frau Rudolph und Herr Heinz
356 2751 1571 2800 kamen in ihren kleinen Episoden über das Komödiespielen!
351 2784 1572 2831 nicht hinaus. — Dem Schauspiel folgte das Lustspiel „Das
360 2823 1578 2877 Abschiedssouper“ einzig gehalten durch Frl. Gothes
351 2866 1581 2935 entzückende „Annie". Herr Jürgas als Anatol versagte und
363 2912 1574 2955 Herr Schneider nicht minder. Ich wenigstens mache mir
359 2949 1556 2995 von den beiden Wiener Lebemännern eine etwas andere Vor¬
1202 2986 1562 3043 und mehr Geist.
362 2987 1113 3047 stellung. Mehr Schliff, mehr Grazie
352 3027 1568 3091 Schlecht gerechnet die Hälfte all der feinen Pointen Schnitzlers
356 3071 1557 3133 fiel unter den Tisch. Es war kein schöner Abschluß nach der
357 3121 1281 3173 offensichtlich sehr tiefen Wirkung der „Liebelei“
422 3134 1565 3212 Noch eins aber muß wieder einmal ganz allgemein moniert
339 3198 1563 3252 werden: Enthält denn unser reicher Fundus keinen Raum, in
357 3237 1564 3285 dem sich ein Kulturmensch vom Schlag Fritz Lobheimers halb¬
353 3278 1566 3318 wegs wohl fühlen kann, kein Zimmer, das nur ein ganz kleines
361 3316 1572 3371 bißchen zu einer Christine Weiring paßt? Muß immer irgend
352 3363 1571 3409 ein charakterloser, uninteressanter Raum von mindestens 16 Ecken
350 3403 1569 3460 mit Klapptüren und Pappöfen a priori jede Möglichkeit einer
355 3443 1576 3506 Milieuwirkung ausschließen — gerade in Darmstadt, wo seit
355 3482 1571 3532 mehr als einem Jahrzehnt die fähigsten Köpfe sich abmühen,
361 3529 1574 3584 den Sinn für Wohnkunst und Lebensstil zu wecken und zu
351 3577 1573 3629 heben, und wo im Theater selbst ein Stimmungskünstler wie
355 3610 1566 3663 Kurt Kempin seine Werkstatt aufgeschlagen hat. — Und wenn
355 3639 1573 3698 sich trotzdem die Inszenierung nicht von heute auf morgen ändern
356 3697 1566 3733 läßt, so mache man wenigstens eine andere ganz kleine Kon¬
368 3735 1567 3781 zession an den guten Geschmack und wähle als Walzer im
367 3782 1556 3832 1. Akt nicht mehr den schrecklichen „Grafen von Luxemburg“.
360 3813 1563 3879 Schließlich läßt sich doch auch auf „Wiener Blut“, „Fledermaus“
365 3856 1180 3905 oder „Blaue Donau, ganz leidlich tanzen.
429 3900 914 3952 Darmstadt, 29. Februar.
1399 3887 1539 3953 P.S.
1989 1294 2612 1403 Brandenburger Zeitung
2254 1447 2556 1581 A. 3. 1912
2207 1636 2596 1715 Stadt-Theater.
2073 1681 2750 1765 „Liebelei“, — „Abschiedssouper“.
1852 1730 3037 1835 * Die Vorstellung, die der Bildungsausschuß gestern im
1847 1789 3032 1870 sadttheater veranstaltete, hat durch den Dichter
1824 1835 3044 1914 Arthur Sch##### den Hörern tief zu Herzen gesprochen.
1810 1878 3050 1959 Wir häben hier bereits vor einigen Tagen das Wesentliche
1816 1938 3043 2011 des Schauspiels skizziert, das so schlicht und einfach die lebens¬
1824 1966 3040 2054 warme Liebe des armen Musikermädels Christine zu einem
1824 2020 3047 2099 Studenten schildert der um einer andern Frau willen im
1822 2059 3043 2138 Duell fällt. Ihm sollte diese Liebelei, wie so oft bei jungen
1826 2101 3050 2192 Leuten, nur Zeitvertreib und Erholung sein, ihr aber war sie
1819 2148 3050 2228 als Lebensinhalt ein und alles. So folgt sie dem Geliebten in
1830 2187 3048 2271 den Tod. „Sie kommt ja nicht wieder!“ seufzt ihr zurück¬
1826 2227 3057 2307 bleibender alter Vater, als er sie in namenlosem Weh hinaus¬
1823 2282 3058 2366 eilen sieht. Alles Tragische ist in diesem abgetönten Drama
1843 2325 3061 2406 nöglichst hinter die Szene verlegt, wie auch die Menschen ihr
1829 2383 3064 2445 Letztes in sich verschlossen bergen. Auf der Bühne spielen
1829 2417 3064 2497 ich mehr die heiteren Kontraste ab, in die freilich schon von
1834 2482 3066 2531 Beginn düstere Schatten fallen. Nur zum Schluß findet das
1848 2520 3061 2584 nenschliche Leid einen gesteigerten Ausdruck, wenngleich in
1842 2544 3073 2650 der Darstellung auch hier noch die Töne etwas gedämpft sein
1846 2593 3067 2685 müßten. Frl. Hohenfels brachte alle schwerblütige Liebe
1842 2637 3072 2715 und namentlich am Ende die zerschmetternde Wucht des
1842 2680 3063 2766 Schmerzens aufs glaubhafteste zum Ausdruck. Die Leistung
1830 2734 3070 2808 war um so bewundernswerter, als die Künstlerin sichtlich mit
1840 2777 3064 2858 einer Erkältung zu kämpfen hatte, die sie tapfer niederzwang.
1849 2826 3082 2901 Von den übrigen Mitwirkenden verdienen Herr Orlop als
1849 2859 3090 2948 herzensguter Vater, Herr Lehmann als jugendlicher Lieb¬
1853 2902 3070 2997 haber, Frl. Marx als giftige Klatschbase und Herr Ihle
1844 2947 3081 3024 nebst Frl. Rau als leichtfertiges, aber im Grunde doch
1846 2987 3078 3074 liebenswürdiges Pärchen volle Anerkennung. Auf die weiche
1857 3046 3088 3130 Wienerische Atmosphäre des Schnitzlerschen Stückes mußte
1856 3082 3089 3164 man freilich so gut wie ganz verzichten. Dieser nicht leicht
1851 3148 3094 3196 definierbare Schmelz fehlte auch dem (des gleichen Dichters
1854 3169 3066 3262 „Anatolzyklus“, entnommenen) Einakter Abschiedssouper“
1861 3211 3088 3301 der von Frl. Hohenfels sowie den Herren Ihle und Lehmann
1862 3274 3096 3337 flott heruntergespielt immerhin den in künstlerischen Grenzen
1854 3302 3112 3416 denkbar heitersten Beschluß des Abends bildete. E. B.
