3436 4192
435 123 810 192 Liebelei
290 111 1431 237 5— box 11/6
1967 59 2603 131 „ODSERTER
1754 142 2852 215 1. öeterr. behördl. konz. Unternehmen für Zeitungs-Ausschaltte
1938 185 2693 260 Wien, I., Concordiaplatz 4.
2163 243 2464 309 Vertretungen
1758 283 2844 365 In Berlin, Basel, Budapest, Chicago, Cleveland, Christiania,
1760 337 2850 405 Genf, Kopenhagen, London, Madrid, Mailand, Minneapolis
1750 378 2840 441 New-Vork, Paris, Rom, San Francisco, Stockholm, St. Peters
2148 413 2455 470 burg, Toronto.
2068 449 2534 514 (Quelienangabe ohne Gewähr).
1745 514 2128 575 Ausschnitt aus:
2126 527 2720 645 Kölnische Zeitung
1982 602 2190 688 77 1910
1739 629 1891 715 kom:
2003 664 2720 785 heilter und Musik.
2241 764 2470 844 Liebelei.
1821 816 2988 897 — Köln. Mit diesem an mehrern auswärtigen Bühnen bereits er¬
1749 859 2976 934 folgreich aufgeführten neuen Werk Franz Neumanns (Text von
1737 899 2978 979 Artur Schnitzler) hat die hiesige Opernbühne gestern abend ihren
2074 936 2986 1012 sehr aussichtsvoll bereichert. Die Aufnahme beim
1742 977 2982 1066 Publikum trug alle Anzeichen eines dauernden Erfolges, und noch mehr
1750 1013 2985 1091 als die zahlreichen Hervorrufe des Komponisten und der Mitwirkenden
1746 1074 2994 1127 bekräftigte das der allgemeine tiefe Eindruck, den es den Hörern hinter¬
1751 1095 2990 1184 ließ. Wieder trat die Wichtigkeit eines wirksamen Textes deutlich hervor.
1752 1131 2989 1206 Man darf sagen, daß Schnitzlers Schauspiel, das fast genau in die Musik
1763 1173 2988 1252 übergegangen ist, bis zu dem Grade fesselte, daß es sogar manche Unzu¬
1763 1211 3003 1303 länglichkeiten der musikalischen Behandlung verdeckte. Ganz von selbst
1761 1254 3004 1341 ergibt sich die Frage, ob es überhaupt geraten ist, ein gesprochenes
1757 1290 2992 1366 Schauspiel unverändert in Musik zu setzen, wie dazu Richard Strauß
1762 1319 3018 1417 den Anstoß gegebeiphat. Wir mochten diesem Verfahren keineswegs
1746 1410 2982 1463 das Wort reden. Dinge des alltäglichen Leben, in denen gar keine Ge¬
1747 1451 2985 1507 fühlssaite erklingen will, sollen gesprochen bleiben und bei der Um¬
1746 1486 2959 1542 formung in eine Oper am besten ausgeschaltet werden. Manche komische
1738 1525 2963 1577 Wortpointen gehen beim Gesang erbarmungslos verloren, um so mehr,
1743 1565 2980 1610 wenn sie nicht ganz deutlich ausgesprochen werden. Aber bei allem, was
1752 1604 2983 1652 das Herz angeht und rührt, kömmt nun allerdings die Musik dem Wort
1743 1638 2991 1692 fördernd und vertiefend zur Hilfe, und da solche Dinge bei Schnitzler
1752 1691 2987 1731 überwiegen, so darf das Werk als Oper namentlich im zweiten und
1745 1718 2979 1772 dritten Akt als eine willkommene Umschmelzung des Schauspiels an¬
1739 1766 2980 1817 gesehen werden. Von dem wohlbekannten Gang der Handlung sei in
1738 1807 2987 1857 Erinnerung gebracht, daß ein junger Offizier (Fritz) mit einer ver¬
1737 1847 2974 1887 heirateten Dame unerlaubte Beziehungen angefangen hat, daß sein
1732 1874 2985 1928 Freund ihn durch die Zuneignug zu einer schlichten Musikantentochter
1737 1915 2974 1971 (Christine) von der unheilvollen Passion zu kurieren sucht, daß jetzt erst
1731 1960 2972 2012 bei Fritz die wahre, echte Liebe entbrennt, ein versöhnlicher Ausgang
1747 1996 2990 2045 aber dadurch vereitelt wird, daß der hintergangene Ehemann
1741 2029 2991 2090 den Doppelliebhaber im Duell erschießt. Franz Neumann, der
1746 2091 2979 2122 als Kapellmeister im nahen Frankfurt am Main wirkt, be¬
1744 2112 2989 2165 sitzt nahezu alles, was zum Opernkomponisten erforderlich ist: Erfindung,
1739 2150 2988 2201 Phantasie, Theaterkenntnis, melodiösen Sinn, dramatische Durchschlags¬
1744 2182 2989 2239 kraft, gewählte und wirksame Instrumentation. Sein Bestes gibt er in
1740 2227 2993 2283 der Zeichnung des Liebesverhältnisses. Nachdem die Musik zu Anfang
1745 2271 2992 2324 sich mit einem fast operettenhaften Geplänkel begnügt hat, schlägt er
1747 2307 2993 2359 hier Töne an, die eine innige Versenkung in den Stoff bekunden und
1749 2354 2994 2405 einem unmittelbar quellenden Empfinden entstammen. So wechselt, je
1740 2382 2991 2440 nach der Handlung, Gefälliges mit Packendem, Scherzhaftes mit Er¬
1748 2430 2986 2485 greifendem. Neumann achtet genau auf die dramatischen Wegzeichen
1751 2449 2989 2515 und wählt danach die Farbe seiner Palette. Sobald der Ehemann
1742 2495 2997 2552 erscheint, wird die Musik gleich ihm einsilbig, hinterhältig, und wenn bei
1745 2544 2993 2585 Christinen die Leidenschaft zum Durchbruch kommt, tobt und wettert das
1740 2587 2984 2635 Orchester, wie nur je bei Puccini. Überhaupt ist mehr dieser italienische
1749 2619 2990 2679 Meister Neumanns Vorbild als Wagner und Strauß. Charakteristisch
1745 2677 2995 2722 dafür ist die mehr sinfonische Behandlung der Musik; mit andern
1742 2697 3016 2749 Worten: er spinnt auf Grund eines durchgehenden Motivs den musika¬
1757 2733 3001 2780 lischen Faden weiter, auch wenn im Text nicht alles dazu stimmt, er
1754 2771 2998 2827 malt al fresco. Den Singstimmen, die sonst dankbar behandelt sind,
1748 2825 2992 2863 sollte er insofern größere Achtsamkeit gewidmet haben, als der häufige
1759 2847 3002 2903 Sprechgesang oft gegen die natürliche Deklamation zugunsten des musi¬
1752 2900 3006 2942 kalischen Rhythmus verstößt und so die deutliche Aussprache unnötig er¬
1748 2930 2993 2980 schwert wird. Der tragische Ausgang der Handlung wird musikalisch
1747 2976 2995 3018 doch gar zu sehr unterstrichen. Christine ist kein Charakter von filigran¬
1751 3016 2990 3063 haftem Empfinden; sie ist tiefer angelegt als die andern, aber sonst nur
1762 3065 3001 3097 ein gutes, treuherziges Geschöpf, um dessentwillen die Musik nicht aus
1759 3086 2997 3152 Rand und Band zu geraten braucht. Unser Gesamturteil geht dahin,
1748 3123 2997 3177 daß das Werk sich längere Zeit auf der Bühne halten wird, und daß
1762 3161 2997 3209 Neumann sich darin als ein hervorragend begabter Tonsetzer erwiesen
1754 3204 3001 3247 hat, dem nur größere Sichtung seiner Erfindung und weitere Ausreifung
1761 3245 2991 3298 seiner musikdramatischen Technik nottun. Die Wiedergabe ließ unter
1747 3289 3001 3339 Lohses anfeuernder Leitung kaum einen Wunsch unerfüllt. Gerade auch
1760 3322 3009 3374 die musikalischen Nippsachen fanden in ihm einen begeisterten Erläuterer,
1760 3368 2992 3411 wie viel mehr erst die Dramatik des Werks, die, wie gesagt, nur manch¬
1759 3397 2999 3445 mal eine Abdämpfung erfahren könnte. Ein vorzüglicher Fritz war Herr
1751 3432 2995 3499 Winckelshoff, der mit quellendem Gesang eine schöne Leidenschaftlichkeit
1763 3477 2991 3539 vereinte und auch schauspielerisch hervorragend war. Ganz vortrefflich
1752 3530 3008 3565 war Herr Liszewsky (Fritzens Freund Theodor), der überdies gleich
1750 3562 2991 3606 Herrn Winckelshoff den Kavalier in Reinkultur darstellte; den Ehemann
1759 3601 2981 3646 gab Herr vom Scheidt. Uns dünkt, umgekehrt wär's besser gewesen,
1753 3635 2991 3683 wenn vom Scheidt den Lebemann und Liszewsky den Ehemann gespielt
1754 3677 2987 3729 hätte. Entzückend war Frau Dux als Christine. Mit regstem Be¬
1761 3699 2994 3758 mühen, mit fortreißender Hingabe wurde sie der ungewohnten, gebärden¬
1760 3754 2987 3798 reichen Tragik am Schluß gerecht. Nur eine Revision ihrer Aussprache
1761 3787 2998 3843 würden wir ihr wiederum anraten. Fräulein Fink war ausgelassen und
1751 3832 2989 3874 lebensfroh als Mizzi, Frau Rohr als schwatzhafte Nachbarin und Herr
1764 3882 2997 3917 Neldel als Musikant waren ganz am Platz. Für eine angemessene In¬
1761 3906 2992 3963 szenierung hat Herr Weißleder gesorgt. Den mächtigsten der Lorbeer¬
1761 3949 2994 4007 kränze, die Lohse am Schluß erntete, senkte er in das wackere Orchester
1767 3989 1901 4052 hinab.
