3484 4224
704 20 1382 107 eVerom.
464 97 1609 174 In der Nachmittagsitzung wenden sich die Verhandlungen dem
439 153 1621 218 wichtigsten Punkt zu: der Stellung der Genossenschaft zum „Ver¬
433 201 1631 272 band zur Förderung deutscher Theaterkultur“.
442 247 1616 300 Die Grundlage bildet ein Antrag Bernhardy=Halle, der zum
442 286 1621 345 Protest gegen den Anschluß an diesen Verband auffordert, da
441 327 1629 380 dieser Verband hinter einem Schwall schöner Worte unkulturelle
442 368 1622 418 Bestrehungen verberge. Rickelt teilt mit, daß der Zentralausschuß
440 399 1629 478 einstimmig den Anschluß der Genossenschaft an den Verband
443 458 1619 539 gutgeheißen habe. (Widerspruch.) Na, dann mit überwältigender
434 488 650 552 Majorität.
456 535 1615 615 Bernhardy wendet sich gegen die wenig objektive Weise, mit
430 596 1622 658 der der „Neue Weg“ für den Verband nach Art eines neuen
430 634 1610 705 Waschpulvers Reklame gemacht habe. (Rickelt wendet sich erregt
417 696 1615 747 gegen diese Ausdrucksweise.) Der Antragsteller bestreitet, daß
420 727 1619 786 der Verband in Wahrheit ein Verband zur Fördeung der Theater¬
414 777 1609 832 kultur sei. Auf den Verband treffe das Wort eines Reichstags¬
415 808 1613 872 abgeordneten zu, daß die Deutschen sich noch zu Tode organisieren
416 851 1614 898 werden. Aus den Aeußerungen führender Männer des Kultur¬
418 889 1611 955 verbandes gehe hervor, daß der Verband ein „sittenreines“
425 936 1619 985 Theater wolle, sittenrein im Sinne jener Verbandsgründer. Es
426 966 1621 1045 sei immer bedenklich, wenn Theologen plötzlich Interesse für das
431 1013 1615 1085 Theater bei sich entdecken. Sollen sich noch mehr Unberufene um
430 1058 1610 1128 das Theater kümmern? Der Kulturverband wende sich zwar jetzt
422 1098 1611 1172 nur gegen Possen, Operetten und die leichte Muse. Aber dann
415 1142 1615 1214 kommen Sudermann, Wedekind, Schnitzler u. a. an die Reihe.
427 1191 1605 1254 Der Generalsekretär dieses merkwürdigen Kürrürverbandes habe
434 1237 1609 1285 nach einer Aufführung von Schnitzlers „Liebelei“ in einer
425 1259 1506 1353 Kritik von dem „Sudelfritzen“ Schnitzler gesprochen.
453 1337 1618 1400 Rickelt erwidert etwas gereizt. Er bestreitet, den Versuch ge¬
412 1379 1617 1440 macht zu haben, den Vorredner in seinen Anschauungen zu beein¬
422 1405 1606 1484 flussen. Er habe ihn nur auf die bedenkliche Fassung des An¬
419 1457 1607 1526 trages aufmerksam machen wollen. Wenn man etwas erreichen
409 1511 1604 1570 wolle, müsse man nicht nur stark, sondern auch klug sein! Er
406 1550 1614 1618 übernehme die Verantwortung für den Anschluß an den Verband,
405 1581 1614 1655 denn er sehe bei einem Abseitsstehen eine Gefährdung der
411 1627 1620 1690 vitalsten Intevessen der Genossenschaft, und deshalb habe er die
411 1666 1616 1734 Veröffentlichung der Gegenstimmen im „Neuen Weg“ unterlassen.
409 1704 1624 1785 Er werde nie etwas Reaktionäres mitmachen. Es,
411 1758 1596 1826 handle sich wirklich um vitale Interessen des Schauspielerstande#“
417 1801 1577 1864 Das Theatergesetz sei noch nicht da, die Genossenschaft sei ggnz
412 1854 1587 1906 allein auf sich selbst angewiesen die Schauspieler müssen sich selbst
460 1932 1657 2034 helfen, so wohlwollend auch der Bühnenverein sich jetzt verhalte
473 2000 1650 2072 und sich aller Hilfsmittel bediene. Ein solches Hilfsmittel sei der
461 2029 1651 2124 Verband für Theaterkultur. Die Genossenschaft bezwecke
462 2068 577 2127 die
704 2089 1643 2149 der kulturellen Ziele des Theaters. Er
466 2103 1656 2198 habe nicht au daran vorübergehen können und sei nach
464 2172 1656 2234 Hildesheim gefahren. In der dortigen Gesellschaft waren
454 2195 1644 2266 Richter, Industrielle, katholische und evangelische Geistliche
458 2264 1642 2332 u. a. da. (Ruse: Waren auch Rabbiner dort?) Jawohl. Auch
452 2282 1634 2371 Rabbiner, ich glaube sogar ein Oberrabbiner. (Heiterkeit.)
462 2327 1634 2408 Sollte der Verbend reaktionäre antisemitische Tendenzen ver¬
450 2354 1646 2450 folgen, so werde austreten und eine Gegenbewegung entfesseln.
453 2405 1636 2505 Was will der Kulturverband eigentlich? Er will keine neuen
455 2460 1631 2536 Dichter schaffen. Ein dichterisches Genie wird sich allem reaktio¬
460 2502 1638 2582 nären Gedräue zum Trotz durchsetzen. Beweis: Schiller und seine
486 2552 1634 2622 Räuber“. Der Verhand hat mit der Literatur nichts zu tun, und
562 2591 1632 2657 Schauspieler eigentlich auch nichts. Uns geht vor allem die
562 2642 1631 2689 urspielkunst an. Der Verband will das Theater allen Volks¬
562 2684 1644 2762 n öffnen. Jetzt nimmt nur eine Oberschicht am Theater teil.
541 2722 1637 2806 dieser Entwicklung ist die Genossenschaft im höchsten Maße
541 2768 1628 2839 ressiert. Wenn Sie trotzdem abseits stehen bleiben sollten, so
455 2799 1629 2882 stutzen Sie mir die Flügel, und ich kann Ihnen nicht versprechen,
433 2869 1637 2929 daß ich dann mein Amt als Ihr Führer mit der gleichen Lust und
437 2894 1267 2969 Liebe weiterführen werde. (Großer Beifall.)
478 2952 1627 3015 Geheimrat Ludwig Barnay: Ich stelle mich Ihnen als
446 2994 1630 3067 Saulus und Paulus zugleich vor. Ich habe noch vor kurzem der
501 3034 1635 3091 rtsgruppe Hannover, die mich zum Beitritt in den Verband auf¬
546 3083 1638 3147 rte, geantwortet: Ich bin Ihr Gegner, ich mache Ihnen
525 3127 1622 3188 osttien. Ich habe mich aber hier ebenso wie Kollege Stauffen
436 3173 1622 3252 nach Besprech#ng mit Rickelt und Seelig bekehrt und spreche offen
440 3202 1505 3260 aus: Rickelth# #cht gehabt, in den Verband einzutreten.
470 3255 1628 3322 Rickelt steut fest, daß dem Verband der sozialdemokratische
448 3282 1617 3352 Abg. Schulz, der Rechtsanwalt Lenzberg=Hannover, ein
434 3333 1613 3410 Jude, Oberbürgermeister Voigt=Frankfurt a. M. angehören,
434 3375 1618 3436 und daß sich jetzt auch die sozialdemokratischen Gewerkschaften
437 3436 1615 3489 unter Führung des Abg. Legien in corpore dem Verband an¬
427 3462 788 3526 geschlossen haben.
469 3511 1619 3575 Maximilan Shodeck meint, in Berlin bestehe schan seit langen
447 3548 1616 3628 Jahren eine Ortsgruppe des Kulturverbandes, es sei die Freie
454 3596 780 3661 Volksbühna.
469 3648 1616 3720 Außer der Reihe erhält Dr. Seelig das Wort: Es hondle
430 3706 1609 3767 sich nicht um ein Vertrauensvotum für Rickelt, es handle sich
430 3738 1606 3815 Harum, daß jede Genossenschaft eifrig für den Vorband eintrete.
424 3781 1611 3854 Er sei kein Schmeichler, aber die Initiative Rickelts in Sachen des
436 3830 1612 3880 Kulturverbandes sei sein größtes Perdienst während seiner Ams¬
430 3870 1612 3921 führung im Genossenschaftspräsidium. Der Verband will die Au¬
426 3907 1648 3999 gemeinheit für das Theater gewinnen, und im Verbande sitzen nur
1931 130 2470 210 5. Liebelei
2621 144 3065 242 box 13/8
2101 195 2487 245 „
1656 1956 2902 2057 Leute, die das Theater lieben. Der Reichskanzler, der preußische
1667 2025 2863 2096 Minister des Innern, wie der sächsische Minister des Innern# sind
1672 2060 2849 2138 beigetreten. Man solle sich doch hüten, unsere Staatsmänner in
1657 2112 2846 2179 dieser Zeit als Polizeimänner verdächtig zu machen. Jeder habe
1659 2153 2847 2219 doch im Kriege umgelernt. Nächstens werden Erlasse aus den
2845 2161 2880 2207 4
1666 2200 2854 2251 Ministerien an die nachgeordneten Behörden für den Verband
1666 2242 2854 2307 hinausgehen. Die Gegnerschaft refultiere aus einer pseudo¬
1660 2287 2848 2355 liberalen Nachtwächterpolitik, die Angst vor der
1662 2330 2419 2392 eigenen Courage habe. (Großer Beifall.)
1697 2361 2255 2444 Die Debatte wird geschlossen.
1694 2409 2848 2502 Der Antrag Bernhardy, der den korporativen Anschluß
1654 2448 2838 2536 der Genossenschaft noch für verfrüht hält, und eine abwartende
1662 2527 2835 2579 Haltung empfiehlt, wird gegen wenige Stimmen abgelehnt.
1657 2554 2840 2635 Ein Antrag, der den Anschluß gutheißt und dem Prösidenten das
1657 2597 2889 2673 Vertrauen ausspricht, wird mit gleicher Majorität angenom¬ #
1650 2648 2432 2714 men. (Wiederholter lebhafter Beifall.)
1683 2692 2946 2801 Die weiteren Verhandlungen finden unter Ausschluß der Oef¬ ##
1648 2727 1965 2800 fentlichkeit statt.
2273 2792 2657 2901 mtegineente eche
