3484 4256
271 154 638 259 5. Lieb
932 163 1415 273 box 12/7
450 181 952 287 Zrebeler
211 1207 445 1305 CEP 1317
2004 1219 2588 1311 Entführung aus den Seln..
2007 1260 3251 1357 „Alda“. (Anfang halb 7 Uhr.) — Dienstag den 11.: Geschlossen.
2061 1328 3255 1390 Mittwoch den 12.: „Der Liebestrank“. „Klein Idas Blumen“.
153 1295 592 1439 Hienblatt, Wien.
2007 1356 3259 1426 (Anfang halb 7 Uhr.) — Donnerstag den 13.: „Mignon“. (Anfang
786 1477 3252 1523 Ibsen, der in Deutschland und Oesterreich fast noch gar bringen, die wahrscheinlich in den ersten Jännertagen 1918
797 1501 3258 1578 nicht gespielt wurde, gegeben haben, gehört ein Krach, wieder auf dem Repertoire erscheinen wird. Alexander
162 1527 568 1626 Thealerwelt.
2017 1557 3257 1623 Girardi wird zum ersten Male den Vater aus dem Volke
809 1578 2034 1633 den ihm Mitterwurzer in seiner schon damals unberechenbar
811 1605 3257 1679 explosiven Art am Königsberger Stadttheater gemacht hat.  spielen und damit seinen Uebergang zu den hochdeutschen
159 1592 831 1692 usik vom Kapellmeister Richard
168 1672 814 1725 Verhältnis“ zu Anzengruber. —
810 1649 3252 1734 Es war am Tage, da Aman die telegraphische Nachricht und klassischen Vätern feiern. Girardi, dessen Eignung fer
277 1703 811 1769 Girardi an der „Burg“.
814 1724 3252 1776 vom Tode Anzengrubers erhielt. Sofort beschloß er, ein das Burgtheater unter anderem Kritiker der verflosseni
156 1730 810 1819 ebes Patenkind Helene und ih:
2024 1756 3265 1815 alten „Presse“. Dr. Granichstädten, schon vor bald einem
810 1763 2035 1821 Volksstück desselben anzusetzen und ließ Mitterwurzer, der
162 1792 468 1867 Patengeschenk.
2028 1810 3257 1869 Menschenalter kräftig verkündet hat, bringt für Väter gerade
809 1813 2027 1872 sich gerade im Hause befand, das Buch übergeben. Worauf
2014 1854 3258 1923 jetzt das richtige Alter ins Burgtheater mit. Hier war das
168 1863 2022 1927 den Deutschen besetzt ist, hat dieser es in weitem Bogen von sich warf mit dem lauten
2020 1897 3261 1963 Alter allerdings nie ein Hindernis. Lachend hat Louise
168 1912 975 1989 ich zu empfinden und die Knute Rufe:
2006 1939 3265 2015 Neumann, später Gräfin Schönfeld, im Jahre 1848 zu Laube,
152 1954 832 2016 Kultur von dort nie austreiben
920 1931 1597 2024 „Tote Dichter spiele ich nicht!“
915 2003 3265 2066 Derselbe Mitterwurzer hat zu jenen gehört, die als er zunächst mit seinem „Karlsschüler“ ins Burgtheater
149 2004 829 2079 es deutsches Theater und dieses
816 2040 3262 2120 Schnitzlers „Liebelei“ zum großen Burgtheatererfolg kam, mit Beziehung auf die vier jungen“ Karlsschüler, die
168 2061 817 2117 sich berühmen, keinen Kleineren
2030 2094 3255 2166 zusammen über zweihundert Jahre alt waren, gesagt:
163 2088 820 2175 en jungen Anfängen als Kapell¬
822 2086 2028 2165 gemacht haben, und zwar durch bereitwillige Uebernahme
2036 2132 3261 2205 Unter fünfzig Jahren tun wir's nicht an unserem gesetzten
163 2154 368 2215 haben.
798 2155 2038 2213 der Rolle des freinden Herrn, von der allerdings erst ein
2031 2195 3255 2269 Institut!“ Und wären die Herren Räuber nicht ebenfalls
167 2210 2038 2264 seit dem Direktionsabschied vom großer Künstler zeigen konnte, wie viel aus ihr heraus¬
2032 2246 3257 2304 schon sehr gesetzt gewesen, wer weiß, ob es Laube als Burg¬
150 2242 2040 2312 ommer zum ersten Male auf zuholen und zu machen ist. Nebenbei bemerkt, ist gerade
2019 2278 3263 2362 theaterdirektor gelungen wäre, im Oktober 1850 die
183 2283 2042 2364 in der Stadt deren großer das genannte Stück, welches so ziemlich auf der ganzen
2024 2334 3268 2402 „Räuber“=Aufführung, notabene die erste am Wiener Burg¬
147 2333 2029 2407 m“ mit seinem Namen dauerndj Welt Repertoriestück geworden ist, trotz der wienerischen
2030 2399 3275 2456 theater, durchzusetzen. Von den abgeklärten Darstellern
153 2376 2039 2457 sein Verdienst um die deutsche, Note, die in ihr steckt, auch schon in Japan gemimt wird —
2025 2435 3265 2501 erwartete sich nämlich die Aufsichtsbehörde eine zahmere und
152 2430 2049 2504 icher, dem Slezak und anderen, vermutlich, weil das süße Mädeltum zu den unvergäng¬
152 2492 3271 2550 eutung beim Theater brachten, lichen internationalen Werten zu zählen ist; ein Beweis weniger revolutionäre Wirkung der Schillerschen Kraft¬
159 2531 2319 2596 gewiß größer ist war in seiner auf das Theatersprichwort, daß es beim Theater immer äußerungen.
822 2587 1518 2656 anders kommt, wie man glaubt.
165 2573 837 2649 t, die ihn von Straßburg bis
2133 2571 3258 2660 Schnitzlers neuestes Drama mit dem Märchentitel ist
164 2633 849 2711 bis Graz geführt hat, einmal
916 2618 2052 2703 Knapp nach der Erstaufführung der „Liebelei“ im
2029 2638 3265 2704 eine Komödie, die die ausgesprochene Absicht hat, mit
162 2674 3269 2745 Stadttheaters. Da ist er im Wiener Burgtheater sahen und sprachen sich Direktor Humor ihr Publikum zu unterhalten. Den Proben für das
165 2729 830 2801 Spuren Richard Wagners als
824 2738 3270 2812 Dr. Max Burckhard und Dichter Dr. Artur Schnitzler. Berliner Lessingtheater wohnt der Dichter in diesen Tagen
142 2767 842 2838 des Rigaer Theaters gekommen
819 2786 3272 2847 Man wußte, daß Ludwig Speidel sein nächstes Sonntags=persönlich bei. In Wien wird das Stück am Deutschen
156 2828 3259 2882 fürdigen Theaterzettel zu Gesicht feuilleton über die „Liebelei“ zu schreiben die Absicht habe. Volkstheater herauskommen, das sich von der Burgtheater¬
150 2879 834 2946 sich um eine Gelegenheitsvor¬
823 2874 3269 2940 Der wohlmeinende Burckhard sprach die aufrichtige Be=direktion auch die Genehmigung zur Aufführung des
171 2923 839 2998 in der Riga vorkam — „mit
824 2931 3262 2989 fürchtung aus, daß das Feuilleton leider schon zu spät „Weiten Land“ erwirkt hat. Seinem Studiengange nach ist
143 2942 584 3034 chard Wagner..“
810 2969 3263 3052 kommen, „Liebelei“ leider schon abgesetzt sein werde. In= Artur Schnitzler, der Sohn des ersten Direktors der Wiener
148 3029 3270 3083 zettel, wohin die jetzt vielleicht zwischen aber richtete das Publikum. Es drängte sich zu Poliklinik Regierungsrates Dr. Schnitzler, bekanntlich
149 3060 3271 3145 nersche Originalpartitur geraten der dem Speidelschen Sonntagsfeuilleton unmittelbar vor= Mediziner und hat in Wien seinen Doktor der gesamten
167 3126 3269 3187 Aman, der in froher Rüstigkeit angehenden Samstagaufführung der „Liebelei“ so lebhaft, Heilkunde gemacht. Bis zu seinem vierzigsten Lebensjahre
140 3161 2045 3227 ünen Steiermark auf ein halbes daß die Vorstellung ausverkauft war. Und von diesem
2036 3171 3261 3222 hat Schnitzler, trotz der eifrigen belletristischen Tätigkeit,
139 3203 2048 3288 niterlebter deutscher Theaterge=Datum an machte das Stück, in dem eine Tragödin von der
2037 3206 3273 3284 sich als praktischer Arzt, und zwar als Laryngolog (das
169 3263 401 3329 Näheres.
808 3266 2052 3345 Wucht und der Tiefe der Adele Sandrock ihre unvergessenen
2028 3266 3276 3328 Fach seines verstorbenen Vaters) betätigt, während sein
837 3308 1746 3393 Talente glänzen lassen konnte, seinen Weg.
2024 3289 3280 3381 Bruder bis heute ein sehr beschäftigter Chirurg geblieben
140 3291 840 3387 n, was Andreas Aman, der als
936 3364 3266 3426 Die eben begonnene Spielzeit des Burgtheaters wird ist. Die scharfe Beobachtung und Erfassung der Gegen¬
155 3371 847 3441 hicht nur zu den Ersten gehörte,
151 3407 3281 3481 en aufgefuurt, sendern auchteine sehr interessante Neubesetzung in der „Liebelei“ stände und Personen ist ein Vorteil, den die mit der exalten
