3436 4352
917 134 1333 238 box 10/1
214 139 919 248 5. Liebelei
392 196 799 270 ebefeT
549 1064 1674 1139 die Wiener Birgerschaft ausgesteeut W, 3•325
547 1114 3325 1186 daß der Argwohn und die aufs äußerste gereizte Empfind= bürgerlichen Rechte, sondern bezüglich des öffentlichen Lebens helfen dem Letzieren
542 1185 2901 1247 lichkeit auch dort Feindseligkeit vermuthet, wo vernünftiger= in seinem ganzen Umfange. Die Unabhängigkeit der Rechte
2906 1174 3326 1256 bewußt Bundesgeno
538 1225 2942 1283 weise nur das Bestreben vorausgesetzt werden kann, der von dem religiösen Bekenntnisse kann nicht bestehen, wenn sie
527 1309 1742 1399 Die Fortsetzung des Romans „Die Primadonna“, von
1728 1337 2905 1403 die einander besser, als sie es sich eingestehen wollen, kennen,
2905 1333 3328 1406 gar nicht darauf an,
663 1376 1585 1455 Jeanne Mairet, befindet sich auf Seite 21.
2910 1392 3329 1455 die künstlerische Absi
1723 1392 2906 1451 ergibt sich die Absicht Anatol's, und Gabriele will ihm
2909 1434 3295 1507 dem Alltäglichen
1724 1430 2907 1490 hilfreich an die Hand gehen. Ein Weihnachtsgeschenk, aber
805 1457 1490 1564 Feuilleton.
1739 1486 2905 1534 für wen? Wer ist sie, wie lebt sie, welchen Gesellschafts¬
2905 1486 3321 1547 werden wir in die
1729 1526 2908 1595 kreisen gehört sie an? „Ach, meine Gnädige,“ erwidert
2898 1521 3335 1602 Studenten eingeführ
960 1548 1343 1636 Burgtheater.
1738 1560 2911 1626 Anatol, „Sie sind eine Weltdame, die Andere aber ist ein¬
2897 1581 3314 1644 Mädchen bei sich
556 1586 1722 1666 („Liebelei“, Schauspiel in drei Aufzügen von Arthur Schnitzler. — „Rechte der
1733 1617 2906 1689 fach „ein süßes Mädel“. Ihre Wohnung ist ein kleines,
2907 1626 3296 1695 Fritz Lobheimer's,
538 1639 1735 1714 Seel“, Schaufpiel in einem Act von Giuseppe Giacosa, deutsch von Otto
1021 1676 1283 1737 Eisenschißz.)
1734 1662 2907 1734 dämmeriges Zimmer mit gemalten Wänden, ein paar alte,
2902 1672 3308 1736 Theodor Kaiser's, is
641 1698 1731 1773 Arthur Schnitzler der Verfasser des Schauspiels
1723 1701 2910 1787 schlechte Kupferstiche mit verblaßten Aufschriften hängen da
2898 1717 3332 1785 küssen einander, spie
547 1766 1727 1821 „Liebelei“, das neulich im Burgtheater einen so schönen und
1730 1761 2906 1823 und dort. Eine Hängelampe mit einem Schirm. Vom
2895 1764 3329 1834 bundene Gesellschaft,
1733 1798 2909 1864 Fenster aus, wenn es Abend wird, die Aussicht auf die im
547 1815 1730 1871 wohlverdienten Erfolg gehabt, hat vor ein paar Jahren
2905 1812 3328 1892 geistigen Mitteln bes
544 1858 1723 1937 sieben Einacter geschrieben und sie unter dem Titel „Anatol“
2906 1855 3312 1929 der Lustigkeit heben
546 1889 1729 1976 zusammengefaßt. Anatol ist der junge Lebemann einer Groß¬
1719 1912 2908 1960 Frühling kommt, wird die Hecke gegenüber blühen und
2907 1906 3324 1973 deutlich von einand
1725 1954 2911 2009 duften. „Dort bin ich auch zuweilen glücklich.“ Sie ist nicht
541 1951 1728 2014 stadt, der sich mit Mädchen und Frauen bis zu seiner Ver¬
2905 1946 3325 2025 flachere, geräuschvoll
552 1994 1739 2053 heiratung hin in allerlei Abenteuer verstrickt. Die Großstadt
1725 2001 2905 2066 bezaubernd schön, sie ist nicht besonders elegant, und sie ist
2903 1997 3333 2065 empfindsamere. Mizi
540 2042 2903 2115 ist Wien, wir stehen auf Wiener Boden, athmen Wiener durchaus nicht geistreich; aber sie hat die weiche Anmuth
2899 2041 3332 2119 Modistin, Christine di
550 2097 2909 2152 Luft. Das schlanke Buch, das jene sieben Schauspielchen ent= eines Frühlingsabends und den Geist eines Mädchens, das
2902 2097 3326 2170 Vorstadtbühne. Miz
1725 2146 2905 2198 zu lieben weiß. Und wie sie mich empfängt? Sie hört mich
537 2140 1727 2208 hält, ist nichts weniger als tugendhaft; dafür ist es frei
2900 2141 3299 2213 und nicht begreift,
544 2183 2910 2261 von Heuchelei ist es wahr bis auf den Grund. Es deckt kommen, steht bei der Thür, halst und küßt mich. Und
2892 2181 3326 2259 denken könne, hat ih
546 2228 2909 2304 eine Welt auf, die jedem Manne, dem nichts Menschliches was sie sagt? Ach, nichts Besonderes. Etwa: „Ich bin so
2904 2236 3327 2310 bei ihrem alten Vate
549 2267 2894 2349 fremd geblieben, vertraut ist, die aber vor der anständigen froh, daß ich dich wieder hab'.“ — „Das ist eigentlich hübsch,
2898 2284 3273 2357 schaft eingeführt.
1723 2311 2906 2406 sehr hübsch,“ meinte die Dame. — Ja,“ erwidert Anatol,
545 2325 1738 2398 Familie, vor der ehrbaren Frau verschwiegen oder möglichst
2907 2332 3323 2401 dem Tag wieder her
1720 2362 2906 2453 „es ist herzlich und wahr.“ — „Und sie ist imme allein?“
546 2392 1722 2440 dicht verschleiert wird. Diese Welt vor Aller Augen bloß¬
2889 2383 3332 2452 die Mädchen (der P
1715 2426 1770 2494 2
1757 2415 2903 2478 — „Ja, sie ist eine Waise.“ — „Und Sie sind ihr Alles?“ —
540 2419 1737 2503 zulegen, sie gar mit künstlerischem Antheil zu gestalten, setzt
2901 2428 3311 2505 genehme Erholung,
1723 2487 2906 2538 „Möglich. Heute. ..“ (Schweigen.) Gabriele reicht
548 2476 1731 2535 in dem Schriftsteller, der es unternimmt, eine tapfere Ge¬
2895 2475 3315 2544 Fritz empfiehlt; Chi
1719 2520 2902 2582 ihm einen Blumenstrauß für sie. „Und sagen Sie ihr:
540 2520 1734 2582 sinnung, eine starke Unbekümmertheit um die öffentliche
2899 2509 3332 2594 die Liebelei ist ihr un
549 2557 1722 2632 Meinung voraus. Guter Ruf ist dabei nicht zu gewinnen.
1728 2568 2907 2641 Diese Blumen, mein süßes Mädel, schickt dir eine Frau,
2895 2556 3336 2645 lieben könne, ohne e
1733 2604 2899 2697 die vielleicht ebenso lieben kann wie du, und die den Muth
547 2613 1734 2683 Indessen, die Aufgabe mußte doch einmal geleistet werden,
2902 2613 3319 2682 sinnig ist mit einem
1729 2662 2093 2738 dazu nicht hatte.“
547 2639 1734 2728 und Arthur Schnitzler war der unbekümmerte, tapfere Mann,
2902 2669 3325 2738 mit ihrer Junigkeit
538 2693 1739 2768 der die Leistung sammt der Verantwortung dafür auf seine
1804 2702 2898 2771 Auf demselben Boden wie „Anatol“ bewegt sich auch
2892 2717 3332 2781 viel von ihm wissen,
1720 2753 2897 2822 die „Liebelei". Es ist eine Welt „jenseits von Gut und
553 2763 1740 2824 jugendlichen Schultern genommen. Und fragt man nun
2892 2758 3319 2820 Lebensverhältnissen,
1721 2811 2894 2878 Böse“. Die Liebe wird gepflückt wie Heckenrosen. Allein der
553 2804 1729 2873 nach der bedenklichen Welt, in die er uns einführt so
2895 2809 3328 2875 schwarzem Sammtkle
555 2833 1718 2917 gewährt einer der sieben Einacter, den er „Weih¬
1728 2852 2891 2904 Unterschied zwischen jenen kurz angebundenen kecken Ein¬
2894 2860 3324 2928 loge gesehen, beschäfti
1721 2904 2894 2959 actern und diesem dreiactigen Schauspiel ist bedeutend genug;
540 2900 1730 2970 nachtseinkäufe“ überschrieben hat, die anmuthigste Antwort
2896 2901 3322 2966 sie sei, wie er zu
553 2952 1733 3004 auf diese Frage. Am Weihnachtsabend schlendert Anatol
1730 2936 2896 3012 denn während dort kein Ausgang ist aus dem einmal fest
2897 2942 3340 3015 herausbringen. Nur
553 2988 1726 3047 durch die Straßen, um für seinen Schatz (er wohnt vor
1724 2997 2893 3052 gezogenen Kreise, werden wir hier in die höchsten Regionen
2900 2997 3327 3055 Frau im schwarzen
546 3049 2892 3092 der Linie) ein passendes Geschenk zu suchen. Er begegnet der Liebe getragen. Die realistische Grundlage des Stückes
2890 3040 3324 3114 jenem lustigen Jungg
543 3085 2916 3143 einer Dame seiner Bekanntschaft, die gleichfalls mit Weih= ist weit genug gesteckt, und ein alltägliches plattes Lebens¬
2893 3080 3330 3163 schelle gerissen. Nachd
546 3137 3331 3220 nachtseinkäufen beschäftigt ist. Aus dem Gespräche der Beiden, bild wird bis ins Einzelnste ausgemalt. Allein es kommt hier] ein Mann in die S#
