3436 4224
382 147 730 214 Tebelei
903 133 1329 227 box 13/1
1828 64 2673 108 Recht und Freiheit und schließlich seinen Helden¬
1839 96 2673 154 ils Lützows verwegenster Offizier Oswalds
1836 140 2683 192 e war die gleiche wie in seinen großen histo¬
1838 186 2678 240 en Filmen (Lukretia Borgia, Lady Hamilton
1841 219 2688 276 m.) nur wesentlich billiger In den Einfällen,
1835 265 2689 323 Baulichen und Darstellerischen Den Wiener
1861 311 2689 355 mußte der Grunewald vertreten und alles
1930 348 2682 404 war historisch angehauchte Pappe.
1836 348 1919 406 #e
1832 398 2683 451 kert deklamierte und gestikulierte den Körner,
1838 447 2682 497 rend Mary Kid die Toni gab Die mehr¬
1860 479 2683 535 eingeschnittene „wilde verwegene Jagd“ war
1830 524 2688 575 de nicht sehr imponierend im Bilde aufge¬
1828 569 2686 622 en. So etwas hätte doch wenigstens richtig
1838 607 2689 660 icht werden müssen. Es kostet doch keinen
1847 646 2690 713 nig mehr, wenn man statt fünf gleichen Ein¬
1841 692 2678 748 ungen von der Seite auch mal eine von unten
1850 742 2680 792 in einem neuen Drehbuchtempo machen läßt.
1835 777 2325 849 zdem Beifall, Hervorrufe.
2436 786 2626 848 F. D.-S.
1841 860 2650 927 #ri=Ergon - Charleston ist Teumpf
1906 922 2556 983 im U. T. Kurfürstendamm¬
1826 964 2684 1040 Nan experimentiert seit Jahren von verschie¬
1828 1027 2690 1076 in Seiten an dem Tonfilm, an dem „sprechen¬
1843 1074 2685 1131 Film“ herum Zähe muß hier Schritt um
1848 1115 2689 1172 itt erobert werden auf dem Weg zum Ziel.
1843 1168 2690 1224 noch immer sind wir weit davor entfernt, be¬
1836 1212 2685 1268 zigt ja sagen zu können. Noch immer erleben
1844 1262 2690 1301 zwei Vorgänge nebeneinander, günstigstenfalls
1831 1294 2680 1344 inem akurat gleichzeitigen Nebeneinander: aber
1844 1337 2689 1386 einem Tonfilm im wahren Sinn zu sprechen,
1840 1379 2685 1433 5 erst erlaubt sein, wenn wir einen einheitlichen
1843 1420 2685 1475 gbildlichen Vorgang erleben Vorläufig müssen
1851 1459 2694 1525 uns damit bescheiden bei dem neuer Tri¬
1831 1502 2697 1561 gon=Film der Ufa, der unter der Lei¬
1892 1558 2694 1610 von Professor Leithäuser und unter
1829 1590 2686 1638 wirkung des Erfinders Heinrich J.
1833 1648 2699 1704 schenmeister entstand. Fortschritte zu kon¬
1837 1680 2684 1727 Keren: am meisten kann man das bei dem
1840 1718 2687 1790 solinsolo Andreas Weisgerbers,
1837 1769 2685 1823 für Sekunden die Illusion aufkommen könnte,
1855 1813 2688 1866 t von dem Spieler auf der Leinwand her kämen
1851 1851 2699 1922 „Zigeunerweisen“ am wenigsten bei den
1836 1903 2695 1956 shesterproben. Heinrich Schlusnus in
1841 1935 2706 1997 eer Arie könnte mehr als Studie der Gesichtsver¬
1842 1980 2700 2046 berung beim Singen interessieren, als künst¬
1839 2035 2692 2085 schen Genuß vermitteln; Paul Grätz als
1835 2074 2709 2140 stungsverkäufer wirkte trotz Doppelung ganz
1844 2120 1970 2178 ötzlich.
1837 2157 2606 2212 Der Universalfilm „Charleston
1847 2209 2722 2257 umpf“, der dieser Tri=Ergon=Vorführung im
2055 3204 2425 3260 Ronald Colman
2008 3252 2458 3327 in der „Nacht der Liebe“
1828 3317 2694 3378 1T. Kurfürstendamm folgt, ist von einer
1841 3376 2700 3430 liebenswürdigen Flachheit von einer so flüssigen
1833 3418 2710 3470 Tbeschwertheit und einem so unangekränkelten
1825 3472 2710 3517 Stimismus erfüllt daß man voll versöhnt und
1901 3511 2709 3561 Reginald Denny und Laura
1817 3546 2712 3617 #n Plante augenzwinkernd sich anbiedernd das
1828 3594 2052 3655 #us verläßt.
2533 3598 2650 3659 —pp.
