<?xml version="1.0" encoding="UTF-8" standalone="yes"?>
<PcGts xmlns="http://schema.primaresearch.org/PAGE/gts/pagecontent/2013-07-15" xmlns:xsi="http://www.w3.org/2001/XMLSchema-instance" xsi:schemaLocation="http://schema.primaresearch.org/PAGE/gts/pagecontent/2013-07-15 http://schema.primaresearch.org/PAGE/gts/pagecontent/2013-07-15/pagecontent.xsd">
    <Metadata>
        <Creator>prov=University of Rostock/Institute of Mathematics/CITlab/Gundram Leifert/gundram.leifert@uni-rostock.de:name=ONB_Newseye_GT_M1+(htr_id=10810)::::v=2.4.2
prov=University of Rostock/Institute of Mathematics/CITlab/Tobias Gruening/tobias.gruening@uni-rostock.de:name=de.uros.citlab.module.baseline2polygon.B2PSeamMultiOriented:v=2.4.2
prov=University of Rostock/Institute of Mathematics/CITlab/Tobias Gruening/tobias.gruening@uni-rostock.de:name=/mnt/transkribus/LA/DEA/URO/LA_news_onb_att.pb:de.uros.citlab.segmentation.CITlab_LA_ML:v=2.4.2
Transkribus</Creator>
        <Created>2019-10-07T11:55:59.422+02:00</Created>
        <LastChange>2019-10-09T08:38:25.120+02:00</LastChange>
        <TranskribusMetadata docId="223992" pageId="9508480" pageNr="881" tsid="16631536" status="IN_PROGRESS" userId="40391" imgUrl="https://files.transkribus.eu/Get?id=OIBKVEBXDYRGXBZBFIRNLZHO&amp;fileType=view" xmlUrl="https://files.transkribus.eu/Get?id=VKKKLZFMQAKFNVNRJGIYRPUX" imageId="6197774"/>
    </Metadata>
    <Page imageFilename="223992_0881.jpeg" imageWidth="3392" imageHeight="4320">
        <ReadingOrder>
            <OrderedGroup id="ro_1711446042847" caption="Regions reading order">
                <RegionRefIndexed index="0" regionRef="r1"/>
                <RegionRefIndexed index="1" regionRef="r2"/>
            </OrderedGroup>
        </ReadingOrder>
        <TextRegion orientation="0.0" id="r1" custom="readingOrder {index:0;}">
            <Coords points="288,287 288,355 1413,355 1413,287"/>
            <TextLine id="r1l1" custom="readingOrder {index:0;}">
                <Coords points="476,326 810,332 811,256 757,275 697,253 643,267 611,250 547,283 524,264 477,262"/>
                <Baseline points="484,319 510,319 537,319 564,319 590,320 617,320 644,321 670,322 697,322 724,322 750,322 777,322 804,321"/>
                <TextEquiv>
                    <Unicode>iebelei</Unicode>
                </TextEquiv>
            </TextLine>
            <TextLine id="r1l2" custom="readingOrder {index:1;}">
                <Coords points="280,328 809,375 889,332 1152,331 1347,369 1420,360 1421,274 1235,253 1166,289 1018,272 937,321 659,328 280,260"/>
                <Baseline points="288,307 344,318 400,327 456,334 513,339 569,343 625,344 681,345 738,344 794,343 850,341 906,339 963,337 1019,335 1075,333 1131,331 1188,331 1244,331 1300,333 1356,335 1413,340"/>
                <TextEquiv>
                    <Unicode>5. — box 11/4</Unicode>
                </TextEquiv>
            </TextLine>
            <TextEquiv>
                <Unicode>iebelei
5. — box 11/4</Unicode>
            </TextEquiv>
        </TextRegion>
        <TextRegion orientation="0.0" id="r2" custom="readingOrder {index:1;}">
            <Coords points="1826,336 1826,4213 3010,4213 3010,336"/>
            <TextLine id="r2l1" custom="readingOrder {index:0;}">
                <Coords points="2620,398 2644,390 2653,395 2663,387 2710,391 2762,383 2813,407 2816,325 2781,327 2756,312 2737,327 2702,318 2675,330 2623,321"/>
                <Baseline points="2628,363 2653,363 2678,362 2704,361 2729,361 2755,363 2780,367 2806,373"/>
                <TextEquiv>
                    <Unicode>Teleph.</Unicode>
                </TextEquiv>
            </TextLine>
            <TextLine id="r2l2" custom="readingOrder {index:1;}">
                <Coords points="1856,582 2999,555 2946,486 2741,468 2606,481 2546,539 1856,494"/>
                <Baseline points="1863,541 1919,543 1975,545 2032,547 2088,548 2145,549 2201,550 2258,551 2314,551 2371,551 2427,551 2483,551 2540,550 2596,550 2653,549 2709,548 2766,546 2822,545 2879,543 2935,541 2992,539"/>
                <TextEquiv>
                    <Unicode>P unt Bn</Unicode>
                </TextEquiv>
            </TextLine>
            <TextLine id="r2l3" custom="readingOrder {index:2;}">
                <Coords points="1863,616 3017,627 3017,585 2947,564 1863,589"/>
                <Baseline points="1870,613 1927,613 1984,613 2041,613 2098,612 2155,612 2212,612 2269,611 2326,611 2383,611 2440,610 2497,610 2554,610 2611,609 2668,609 2725,609 2782,609 2839,609 2896,609 2953,609 3010,609"/>
                <TextEquiv>
                    <Unicode>□ l. österr. behördl. konz. Unternehmen für Zeitungs-Ausschnitte</Unicode>
                </TextEquiv>
            </TextLine>
            <TextLine id="r2l4" custom="readingOrder {index:3;}">
                <Coords points="2031,691 2275,689 2312,715 2373,683 2868,700 2915,684 2915,642 2030,631"/>
                <Baseline points="2038,687 2081,686 2125,686 2168,686 2212,685 2255,685 2299,684 2342,684 2386,683 2429,683 2473,682 2516,682 2560,681 2603,681 2647,681 2690,681 2734,681 2777,681 2821,682 2864,682 2908,683"/>
                <TextEquiv>
                    <Unicode>Wien, I., Concordiaplatz 4.</Unicode>
                </TextEquiv>
            </TextLine>
            <TextLine id="r2l5" custom="readingOrder {index:4;}">
                <Coords points="1846,745 1870,738 1893,746 1906,746 1913,741 1922,745 1942,725 1955,724 1951,664 1937,665 1927,656 1915,661 1899,657 1888,664 1880,661 1858,683 1843,686"/>
                <Baseline points="1853,735 1884,730 1916,727 1948,730"/>
                <TextEquiv>
                    <Unicode>2</Unicode>
                </TextEquiv>
            </TextLine>
            <TextLine id="r2l6" custom="readingOrder {index:5;}">
                <Coords points="2246,756 2400,746 2427,759 2459,746 2483,763 2516,741 2563,755 2637,749 2664,731 2686,739 2686,704 2571,695 2484,713 2454,701 2429,716 2407,700 2350,699 2323,718 2298,703 2246,711"/>
                <Baseline points="2253,738 2278,739 2303,740 2328,741 2353,741 2378,741 2403,741 2428,741 2453,741 2478,740 2503,740 2528,739 2553,739 2578,739 2603,739 2628,739 2653,739 2678,739"/>
                <TextEquiv>
                    <Unicode>Vertretungen</Unicode>
                </TextEquiv>
            </TextLine>
            <TextLine id="r2l7" custom="readingOrder {index:6;}">
                <Coords points="1854,793 2917,809 3000,759 1854,763"/>
                <Baseline points="1861,800 1917,798 1974,796 2030,794 2087,793 2144,791 2200,790 2257,789 2313,789 2370,788 2427,787 2483,787 2540,786 2596,786 2653,786 2710,786 2766,785 2823,785 2879,785 2936,785 2993,785"/>
                <TextEquiv>
                    <Unicode>00 in Berlin, Budapest, Chicago, Christiania, Genf, Kopen¬</Unicode>
                </TextEquiv>
            </TextLine>
            <TextLine id="r2l8" custom="readingOrder {index:7;}">
                <Coords points="1857,851 2980,840 3014,801 1857,808"/>
                <Baseline points="1865,842 1922,840 1979,839 2036,836 2093,834 2150,833 2207,831 2264,830 2321,829 2378,827 2436,827 2493,826 2550,825 2607,825 2664,824 2721,824 2778,824 2835,824 2892,825 2949,825 3007,826"/>
                <TextEquiv>
                    <Unicode>E hagen, London, Madrid, Mailand, Minneapolis, New-Vork,</Unicode>
                </TextEquiv>
            </TextLine>
            <TextLine id="r2l9" custom="readingOrder {index:8;}">
                <Coords points="1959,883 2969,885 2979,829 1959,839"/>
                <Baseline points="1966,871 2016,871 2066,870 2116,869 2167,868 2217,867 2267,867 2318,866 2368,865 2418,864 2469,864 2519,863 2569,863 2619,863 2670,863 2720,864 2770,865 2821,866 2871,867 2921,869 2972,872"/>
                <TextEquiv>
                    <Unicode>Paris, Rom, San Francisco, Stockholm, St. Petersburg.</Unicode>
                </TextEquiv>
            </TextLine>
            <TextLine id="r2l10" custom="readingOrder {index:9;}">
                <Coords points="2267,916 2338,917 2351,906 2462,920 2528,900 2639,910 2662,902 2662,888 2563,869 2439,869 2379,884 2345,871 2266,888"/>
                <Baseline points="2273,903 2298,902 2323,902 2349,901 2374,900 2400,899 2425,899 2451,898 2476,898 2502,898 2527,898 2553,898 2578,898 2604,899 2629,899 2655,900"/>
                <TextEquiv>
                    <Unicode>QQuellenangabe ohne Gewahr.)</Unicode>
                </TextEquiv>
            </TextLine>
            <TextLine id="r2l11" custom="readingOrder {index:10;}">
                <Coords points="1852,968 1862,969 1870,963 1873,963 1875,967 1886,964 1899,965 1904,921 1890,920 1887,918 1881,920 1876,916 1865,924 1858,923"/>
                <Baseline points="1860,960 1892,964"/>
                <TextEquiv>
                    <Unicode>7</Unicode>
                </TextEquiv>
            </TextLine>
            <TextLine id="r2l12" custom="readingOrder {index:11;}">
                <Coords points="1872,994 2084,975 2323,991 2349,985 2348,915 2112,918 2055,943 2002,926 1923,963 1871,966"/>
                <Baseline points="1879,978 1904,976 1930,974 1956,972 1981,971 2007,970 2033,970 2058,970 2084,970 2110,970 2135,970 2161,971 2187,971 2212,971 2238,971 2264,971 2289,971 2315,970 2341,969"/>
                <TextEquiv>
                    <Unicode>„ Ausschnitt aus:</Unicode>
                </TextEquiv>
            </TextLine>
            <TextLine id="r2l13" custom="readingOrder {index:12;}">
                <Coords points="2064,1035 2285,1070 2824,1052 2880,1079 2927,1051 2928,1014 2744,994 2499,1018 2450,995 2368,1017 2297,983 2065,980"/>
                <Baseline points="2072,1016 2114,1025 2156,1033 2199,1039 2241,1044 2284,1047 2326,1050 2368,1050 2411,1051 2453,1051 2496,1050 2538,1049 2580,1048 2623,1047 2665,1046 2708,1045 2750,1045 2792,1045 2835,1047 2877,1050 2920,1053"/>
                <TextEquiv>
                    <Unicode>23 0An 196Gue Temesvürer Zeitung</Unicode>
                </TextEquiv>
            </TextLine>
            <TextLine id="r2l14" custom="readingOrder {index:13;}">
                <Coords points="1854,1079 1873,1080 1894,1101 1932,1078 1951,1084 1974,1078 2070,1080 2070,1044 2016,1038 1947,1045 1925,1032 1855,1043"/>
                <Baseline points="1862,1075 1887,1076 1912,1076 1937,1075 1962,1075 1987,1075 2012,1076 2037,1076 2063,1078"/>
                <TextEquiv>
                    <Unicode>E vom:</Unicode>
                </TextEquiv>
            </TextLine>
            <TextLine id="r2l15" custom="readingOrder {index:14;}">
                <Coords points="2497,1126 2559,1118 2600,1132 2641,1116 2682,1123 2703,1140 2738,1122 2781,1131 2824,1099 2844,1103 2844,1083 2792,1070 2723,1077 2668,1059 2628,1066 2609,1052 2551,1080 2526,1064 2496,1073"/>
                <Baseline points="2503,1115 2528,1116 2554,1116 2579,1116 2605,1116 2631,1116 2656,1115 2682,1115 2707,1114 2733,1114 2759,1114 2784,1114 2810,1114 2836,1114"/>
                <TextEquiv>
                    <Unicode>svár, Ungarn</Unicode>
                </TextEquiv>
            </TextLine>
            <TextLine id="r2l16" custom="readingOrder {index:15;}">
                <Coords points="2055,1236 2355,1223 2397,1250 2436,1234 2600,1245 2633,1237 2634,1189 2527,1152 2489,1167 2420,1153 2352,1177 2318,1155 2252,1175 2198,1146 2056,1160"/>
                <Baseline points="2062,1215 2090,1215 2118,1214 2146,1214 2174,1215 2203,1216 2231,1217 2259,1218 2287,1220 2315,1221 2344,1223 2372,1223 2400,1225 2428,1225 2456,1226 2485,1227 2513,1227 2541,1226 2569,1225 2597,1223 2626,1221"/>
                <TextEquiv>
                    <Unicode>Kunst und Literatur.</Unicode>
                </TextEquiv>
            </TextLine>
            <TextLine id="r2l17" custom="readingOrder {index:16;}">
                <Coords points="2033,1290 2810,1314 2874,1298 2875,1262 2807,1233 2638,1262 2575,1238 2296,1261 2146,1222 2034,1247"/>
                <Baseline points="2040,1280 2081,1281 2122,1283 2164,1285 2205,1286 2246,1287 2288,1289 2329,1290 2370,1291 2412,1292 2453,1293 2494,1293 2536,1294 2577,1295 2618,1295 2660,1295 2701,1295 2742,1295 2784,1295 2825,1295 2867,1294"/>
                <TextEquiv>
                    <Unicode>Städtisches Franz Josefs=Theater.</Unicode>
                </TextEquiv>
            </TextLine>
            <TextLine id="r2l18" custom="readingOrder {index:17;}">
                <Coords points="1834,1344 2310,1335 2628,1368 2630,1306 2075,1305 1836,1270"/>
                <Baseline points="1842,1323 1881,1325 1920,1328 1959,1330 1998,1331 2037,1332 2076,1333 2115,1334 2154,1334 2193,1335 2232,1335 2271,1336 2310,1336 2349,1337 2388,1337 2427,1338 2466,1339 2505,1341 2544,1342 2583,1345 2622,1347"/>
                <TextEquiv>
                    <Unicode>Ein neues Schauspiel von Arthur</Unicode>
                </TextEquiv>
            </TextLine>
            <TextLine id="r2l19" custom="readingOrder {index:18;}">
                <Coords points="1845,1388 2821,1403 2868,1330 2664,1315 2577,1358 1846,1344"/>
                <Baseline points="1852,1375 1902,1376 1952,1377 2003,1378 2053,1379 2103,1380 2154,1381 2204,1382 2254,1383 2305,1383 2355,1384 2405,1385 2456,1386 2506,1386 2556,1387 2607,1388 2657,1388 2707,1389 2758,1389 2808,1390 2859,1390"/>
                <TextEquiv>
                    <Unicode>bedeutet gewöhnlich ein Ereigniß undan</Unicode>
                </TextEquiv>
            </TextLine>
            <TextLine id="r2l20" custom="readingOrder {index:19;}">
                <Coords points="1836,1421 2872,1436 2858,1401 2792,1393 1837,1382"/>
                <Baseline points="1843,1423 1894,1423 1945,1424 1996,1424 2047,1425 2098,1427 2149,1428 2200,1429 2251,1431 2302,1432 2354,1433 2405,1435 2456,1435 2507,1437 2558,1437 2609,1438 2660,1438 2711,1438 2762,1437 2813,1437 2865,1435"/>
                <TextEquiv>
                    <Unicode>denn auch der Aufführung des neuesten Schitzler¬</Unicode>
                </TextEquiv>
            </TextLine>
            <TextLine id="r2l21" custom="readingOrder {index:20;}">
                <Coords points="1841,1489 2402,1497 2460,1465 2498,1495 2835,1504 2866,1437 1842,1420"/>
                <Baseline points="1848,1472 1898,1472 1949,1472 1999,1471 2050,1472 2100,1472 2151,1472 2201,1472 2252,1473 2302,1473 2353,1474 2404,1474 2454,1475 2505,1476 2555,1477 2606,1478 2656,1480 2707,1482 2757,1483 2808,1485 2859,1487"/>
                <TextEquiv>
                    <Unicode>schen Bühnenwerkes „Liebelei“ (Szerelmeskedés)</Unicode>
                </TextEquiv>
            </TextLine>
            <TextLine id="r2l22" custom="readingOrder {index:21;}">
                <Coords points="1847,1509 2773,1548 2874,1536 2875,1498 1847,1484"/>
                <Baseline points="1854,1513 1904,1514 1955,1515 2005,1516 2056,1518 2107,1519 2157,1521 2208,1523 2259,1524 2309,1526 2360,1528 2411,1529 2461,1531 2512,1532 2563,1533 2613,1534 2664,1534 2715,1535 2765,1534 2816,1534 2867,1533"/>
                <TextEquiv>
                    <Unicode>auf unserer Bühre mit begreiflichem Interesse</Unicode>
                </TextEquiv>
            </TextLine>
            <TextLine id="r2l23" custom="readingOrder {index:22;}">
                <Coords points="1823,1554 2089,1605 2185,1569 2372,1598 2880,1579 2880,1543 2822,1539 1823,1517"/>
                <Baseline points="1830,1563 1882,1564 1934,1565 1986,1566 2038,1567 2090,1568 2142,1569 2194,1571 2246,1572 2298,1574 2351,1575 2403,1576 2455,1578 2507,1579 2559,1580 2611,1581 2663,1581 2715,1582 2767,1583 2819,1583 2872,1583"/>
                <TextEquiv>
                    <Unicode>fentgegen. Dies Interesse rechtfertigte sich voll¬</Unicode>
                </TextEquiv>
            </TextLine>
            <TextLine id="r2l24" custom="readingOrder {index:23;}">
                <Coords points="1847,1615 1930,1616 1948,1627 1986,1617 1995,1623 2036,1617 2051,1624 2052,1605 2033,1603 2006,1576 1977,1566 1955,1583 1944,1577 1921,1582 1903,1572 1849,1563"/>
                <Baseline points="1854,1611 1881,1609 1908,1607 1935,1608 1962,1609 1989,1611 2016,1614 2044,1617"/>
                <TextEquiv>
                    <Unicode>kommen.</Unicode>
                </TextEquiv>
            </TextLine>
            <TextLine id="r2l25" custom="readingOrder {index:24;}">
                <Coords points="1927,1661 2828,1690 2867,1662 2924,1686 2925,1643 2521,1610 2312,1632 2171,1598 1927,1630"/>
                <Baseline points="1934,1659 1983,1660 2032,1661 2081,1662 2130,1663 2179,1664 2228,1665 2278,1666 2327,1668 2376,1669 2425,1670 2474,1671 2523,1673 2572,1673 2622,1675 2671,1675 2720,1676 2769,1676 2818,1677 2867,1677 2917,1676"/>
                <TextEquiv>
                    <Unicode>Die „Liebelei“ ist die Tragödie des süßen</Unicode>
                </TextEquiv>
            </TextLine>
            <TextLine id="r2l26" custom="readingOrder {index:25;}">
                <Coords points="1818,1697 2166,1734 2874,1726 2875,1683 2047,1686 1820,1634"/>
                <Baseline points="1826,1700 1878,1704 1930,1707 1982,1710 2034,1713 2086,1714 2138,1716 2190,1718 2242,1719 2294,1720 2346,1721 2398,1722 2450,1722 2502,1723 2554,1723 2606,1723 2658,1724 2710,1724 2762,1725 2814,1725 2867,1726"/>
                <TextEquiv>
                    <Unicode>Mädels, des jungen gebefreudigen Menschen¬</Unicode>
                </TextEquiv>
            </TextLine>
            <TextLine id="r2l27" custom="readingOrder {index:26;}">
                <Coords points="1834,1766 2717,1768 2912,1800 2913,1754 2818,1732 1836,1702"/>
                <Baseline points="1842,1752 1895,1754 1948,1757 2001,1759 2054,1761 2108,1763 2161,1764 2214,1765 2267,1767 2320,1768 2374,1769 2427,1770 2480,1771 2533,1772 2586,1773 2640,1773 2693,1774 2746,1775 2799,1776 2852,1777 2906,1778"/>
                <TextEquiv>
                    <Unicode>kindes, das in Leichtsinu und Grazie dem Zuger,</Unicode>
                </TextEquiv>
            </TextLine>
            <TextLine id="r2l28" custom="readingOrder {index:27;}">
                <Coords points="1839,1817 2859,1833 2847,1772 1840,1772"/>
                <Baseline points="1846,1803 1896,1804 1946,1805 1996,1806 2047,1807 2097,1808 2147,1809 2198,1811 2248,1812 2298,1814 2349,1815 2399,1817 2449,1818 2499,1819 2550,1820 2600,1821 2650,1821 2701,1822 2751,1822 2801,1821 2852,1821"/>
                <TextEquiv>
                    <Unicode>seines Herzens folgt, seiner frischen Sinnlichkeit,</Unicode>
                </TextEquiv>
            </TextLine>
            <TextLine id="r2l29" custom="readingOrder {index:28;}">
                <Coords points="1818,1872 2744,1884 2866,1855 2849,1826 2422,1811 1901,1805 1819,1836"/>
                <Baseline points="1826,1856 1877,1855 1929,1855 1980,1855 2032,1855 2084,1855 2135,1857 2187,1858 2238,1859 2290,1860 2342,1862 2393,1863 2445,1865 2496,1866 2548,1868 2600,1869 2651,1870 2703,1870 2754,1870 2806,1869 2858,1868"/>
                <TextEquiv>
                    <Unicode>seinem naiven Glücksvertrauen. Zuweilen schwin¬</Unicode>
                </TextEquiv>
            </TextLine>
            <TextLine id="r2l30" custom="readingOrder {index:29;}">
                <Coords points="1820,1922 2839,1933 2856,1879 1821,1870"/>
                <Baseline points="1828,1902 1879,1901 1930,1900 1981,1900 2032,1900 2083,1901 2134,1901 2185,1903 2236,1904 2287,1905 2338,1907 2389,1908 2440,1910 2491,1912 2542,1913 2593,1914 2644,1915 2695,1915 2746,1916 2797,1915 2848,1914"/>
                <TextEquiv>
                    <Unicode>gen wohl tiefere Untertöne mit. Bei so Mancher,</Unicode>
                </TextEquiv>
            </TextLine>
            <TextLine id="r2l31" custom="readingOrder {index:30;}">
                <Coords points="1838,1967 2866,1973 2867,1931 2804,1920 1840,1903"/>
                <Baseline points="1846,1945 1896,1946 1947,1948 1997,1949 2048,1951 2099,1953 2149,1955 2200,1957 2250,1959 2301,1960 2352,1962 2402,1963 2453,1965 2503,1966 2554,1966 2605,1967 2655,1967 2706,1967 2756,1966 2807,1965 2858,1963"/>
                <TextEquiv>
                    <Unicode>wie bei Christine Weiring, hat schon die eiste</Unicode>
                </TextEquiv>
            </TextLine>
            <TextLine id="r2l32" custom="readingOrder {index:31;}">
                <Coords points="1922,2053 2719,2060 2773,2086 2816,2055 2857,2086 2951,2052 2785,2003 2549,2027 2444,1996 2298,2024 1922,2001"/>
                <Baseline points="1929,2053 1979,2053 2030,2054 2081,2053 2131,2053 2182,2053 2233,2053 2283,2053 2334,2052 2385,2052 2436,2052 2486,2053 2537,2053 2588,2054 2638,2054 2689,2055 2740,2057 2790,2058 2841,2060 2892,2063 2943,2066"/>
                <TextEquiv>
                    <Unicode>Empfindung ihre Wurzeln in das innerste Herz</Unicode>
                </TextEquiv>
            </TextLine>
            <TextLine id="r2l33" custom="readingOrder {index:32;}">
                <Coords points="1910,2107 2932,2109 2932,2070 2772,2089 2720,2059 1980,2053 1911,2080"/>
                <Baseline points="1917,2102 1967,2101 2017,2101 2068,2100 2118,2100 2169,2100 2219,2101 2269,2101 2320,2102 2370,2102 2421,2103 2471,2104 2521,2104 2572,2105 2622,2106 2673,2107 2723,2107 2773,2108 2824,2109 2874,2109 2925,2109"/>
                <TextEquiv>
                    <Unicode>gesenkt, und wenn die eine Saite reißt, ist es</Unicode>
                </TextEquiv>
            </TextLine>
            <TextLine id="r2l34" custom="readingOrder {index:33;}">
                <Coords points="1905,2149 2943,2160 2906,2110 1906,2115"/>
                <Baseline points="1912,2145 1963,2145 2014,2145 2065,2146 2116,2146 2167,2147 2218,2147 2270,2148 2321,2149 2372,2150 2423,2150 2474,2151 2525,2152 2576,2153 2628,2154 2679,2154 2730,2155 2781,2155 2832,2156 2883,2156 2935,2156"/>
                <TextEquiv>
                    <Unicode>eine Dissonanz fürs Leben. Es gibt Mimosen voll</Unicode>
                </TextEquiv>
            </TextLine>
            <TextLine id="r2l35" custom="readingOrder {index:34;}">
                <Coords points="1913,2190 2939,2208 2814,2154 1914,2156"/>
                <Baseline points="1920,2191 1970,2191 2021,2192 2071,2192 2122,2193 2173,2193 2223,2194 2274,2194 2324,2195 2375,2195 2426,2196 2476,2197 2527,2198 2577,2199 2628,2200 2679,2202 2729,2203 2780,2205 2830,2207 2881,2209 2932,2211"/>
                <TextEquiv>
                    <Unicode>heißer Leidenschaftlichkeit, sensitive Menschenblüthen,</Unicode>
                </TextEquiv>
            </TextLine>
            <TextLine id="r2l36" custom="readingOrder {index:35;}">
                <Coords points="1907,2231 2005,2260 2911,2266 2946,2236 2859,2207 1907,2198"/>
                <Baseline points="1914,2239 1965,2240 2016,2241 2067,2242 2118,2243 2170,2244 2221,2244 2272,2245 2323,2245 2374,2245 2426,2246 2477,2246 2528,2247 2579,2247 2630,2248 2682,2249 2733,2249 2784,2251 2835,2252 2886,2254 2938,2256"/>
                <TextEquiv>
                    <Unicode>die sterden müssen, wenn der Sonnenstraul, der</Unicode>
                </TextEquiv>
            </TextLine>
            <TextLine id="r2l37" custom="readingOrder {index:36;}">
                <Coords points="1915,2287 2902,2313 2936,2275 1916,2247"/>
                <Baseline points="1923,2290 1973,2290 2023,2290 2073,2291 2124,2291 2174,2291 2224,2291 2274,2292 2325,2292 2375,2292 2425,2292 2475,2293 2526,2293 2576,2294 2626,2294 2676,2295 2727,2297 2777,2298 2827,2299 2877,2300 2928,2302"/>
                <TextEquiv>
                    <Unicode>sie wachgeküßt, verbleicht. Der andere Typus:</Unicode>
                </TextEquiv>
            </TextLine>
            <TextLine id="r2l38" custom="readingOrder {index:37;}">
                <Coords points="1901,2343 2944,2352 2944,2324 2849,2301 1901,2307"/>
                <Baseline points="1908,2342 1959,2340 2010,2338 2062,2336 2113,2335 2165,2335 2216,2334 2267,2335 2319,2335 2370,2336 2422,2337 2473,2338 2524,2339 2576,2340 2627,2342 2679,2344 2730,2345 2781,2347 2833,2348 2884,2350 2936,2351"/>
                <TextEquiv>
                    <Unicode>In hellem, vorurtheilslosem Dur. Lebensprühend,</Unicode>
                </TextEquiv>
            </TextLine>
            <TextLine id="r2l39" custom="readingOrder {index:38;}">
                <Coords points="1909,2391 2941,2417 2942,2364 2850,2350 1910,2348"/>
                <Baseline points="1916,2380 1966,2381 2017,2382 2068,2382 2119,2383 2170,2384 2221,2384 2272,2385 2323,2386 2374,2387 2425,2388 2475,2389 2526,2390 2577,2391 2628,2392 2679,2393 2730,2394 2781,2396 2832,2397 2883,2398 2934,2399"/>
                <TextEquiv>
                    <Unicode>uvermüthig bis zur Frechheit, nüchtern im Denken,</Unicode>
                </TextEquiv>
            </TextLine>
            <TextLine id="r2l40" custom="readingOrder {index:39;}">
                <Coords points="1899,2427 2931,2447 2931,2410 2879,2399 1900,2397"/>
                <Baseline points="1906,2426 1956,2428 2007,2429 2058,2429 2109,2431 2160,2431 2211,2432 2262,2433 2313,2433 2364,2434 2415,2435 2465,2435 2516,2436 2567,2437 2618,2438 2669,2438 2720,2439 2771,2441 2822,2442 2873,2444 2924,2446"/>
                <TextEquiv>
                    <Unicode>zaglos im Genuß, mit allem kleinen Egoismus,</Unicode>
                </TextEquiv>
            </TextLine>
            <TextLine id="r2l41" custom="readingOrder {index:40;}">
                <Coords points="1910,2476 2860,2502 2932,2473 2806,2444 1911,2433"/>
                <Baseline points="1917,2476 1967,2475 2017,2475 2068,2476 2118,2477 2168,2477 2219,2479 2269,2479 2319,2481 2370,2482 2420,2484 2470,2485 2521,2486 2571,2487 2621,2488 2672,2488 2722,2489 2772,2489 2823,2488 2873,2487 2924,2486"/>
                <TextEquiv>
                    <Unicode>der sich mit wirklicher Seelengüte zu paaren ver¬</Unicode>
                </TextEquiv>
            </TextLine>
            <TextLine id="r2l42" custom="readingOrder {index:41;}">
                <Coords points="1902,2536 2348,2525 2423,2560 2916,2570 2935,2508 1903,2499"/>
                <Baseline points="1909,2522 1959,2522 2010,2522 2061,2522 2112,2523 2163,2523 2214,2524 2264,2524 2315,2526 2366,2527 2417,2528 2468,2530 2519,2531 2570,2533 2620,2535 2671,2537 2722,2540 2773,2542 2824,2544 2875,2546 2926,2549"/>
                <TextEquiv>
                    <Unicode>mag. Das ist die Schlager=Mizi, Christinens,</Unicode>
                </TextEquiv>
            </TextLine>
            <TextLine id="r2l43" custom="readingOrder {index:42;}">
                <Coords points="1902,2585 1924,2595 1954,2580 1977,2590 2020,2576 2098,2581 2128,2572 2147,2578 2147,2545 2111,2547 2080,2529 1990,2537 1944,2526 1903,2537"/>
                <Baseline points="1909,2571 1934,2570 1960,2569 1986,2569 2011,2569 2037,2569 2063,2570 2088,2570 2114,2571 2140,2572"/>
                <TextEquiv>
                    <Unicode>Freundin.</Unicode>
                </TextEquiv>
            </TextLine>
            <TextLine id="r2l44" custom="readingOrder {index:43;}">
                <Coords points="2003,2624 2933,2639 2893,2599 2705,2567 2650,2590 2588,2564 2508,2591 2445,2566 2257,2596 2003,2580"/>
                <Baseline points="2010,2619 2055,2619 2101,2619 2147,2620 2193,2620 2238,2621 2284,2621 2330,2622 2376,2623 2421,2624 2467,2625 2513,2625 2559,2626 2604,2627 2650,2628 2696,2629 2742,2629 2787,2630 2833,2631 2879,2632 2925,2632"/>
                <TextEquiv>
                    <Unicode>In Fritzens Studentenbude. Ein Symposion</Unicode>
                </TextEquiv>
            </TextLine>
            <TextLine id="r2l45" custom="readingOrder {index:44;}">
                <Coords points="1902,2661 2939,2687 2940,2647 2858,2638 1903,2627"/>
                <Baseline points="1909,2664 1960,2665 2011,2666 2062,2667 2113,2669 2164,2670 2215,2671 2267,2672 2318,2674 2369,2675 2420,2676 2471,2677 2522,2678 2573,2679 2625,2680 2676,2681 2727,2682 2778,2683 2829,2683 2880,2684 2932,2684"/>
                <TextEquiv>
                    <Unicode>mit Wein und Mokkatorte, mit Blumen und</Unicode>
                </TextEquiv>
            </TextLine>
            <TextLine id="r2l46" custom="readingOrder {index:45;}">
                <Coords points="1896,2714 2825,2742 2926,2731 2927,2689 1897,2674"/>
                <Baseline points="1903,2716 1953,2715 2004,2715 2055,2716 2106,2716 2157,2716 2207,2717 2258,2718 2309,2718 2360,2719 2411,2720 2461,2721 2512,2722 2563,2723 2614,2725 2665,2726 2715,2727 2766,2728 2817,2729 2868,2731 2919,2731"/>
                <TextEquiv>
                    <Unicode>Musik. Als Entreact natürlich. Mizi und Theodor</Unicode>
                </TextEquiv>
            </TextLine>
            <TextLine id="r2l47" custom="readingOrder {index:46;}">
                <Coords points="1896,2759 2849,2795 2908,2770 2908,2733 1897,2729"/>
                <Baseline points="1904,2765 1953,2765 2003,2765 2053,2765 2103,2765 2153,2766 2203,2766 2252,2767 2302,2767 2352,2768 2402,2769 2452,2770 2502,2771 2552,2772 2601,2773 2651,2774 2701,2775 2751,2776 2801,2777 2851,2777 2901,2778"/>
                <TextEquiv>
                    <Unicode>sind sich völlig klar über die Art ihrer Bezie¬</Unicode>
                </TextEquiv>
            </TextLine>
            <TextLine id="r2l48" custom="readingOrder {index:47;}">
                <Coords points="1899,2812 2899,2832 2899,2792 2772,2776 1899,2772"/>
                <Baseline points="1906,2813 1955,2814 2004,2814 2053,2814 2103,2814 2152,2815 2201,2815 2250,2816 2300,2817 2349,2817 2398,2818 2447,2819 2497,2820 2546,2821 2595,2821 2644,2822 2694,2823 2743,2824 2792,2825 2841,2826 2891,2827"/>
                <TextEquiv>
                    <Unicode>hung. Im Freudenbecher der erste Bodensatz von</Unicode>
                </TextEquiv>
            </TextLine>
            <TextLine id="r2l49" custom="readingOrder {index:48;}">
                <Coords points="1914,2864 2744,2877 2745,2825 2160,2840 1915,2815"/>
                <Baseline points="1922,2862 1962,2862 2003,2863 2044,2863 2085,2864 2125,2864 2166,2864 2207,2865 2248,2865 2288,2865 2329,2866 2370,2866 2411,2866 2451,2867 2492,2867 2533,2868 2574,2869 2614,2870 2655,2871 2696,2872 2737,2873"/>
                <TextEquiv>
                    <Unicode>Ueberdruß, und das nächste Glas gil</Unicode>
                </TextEquiv>
            </TextLine>
            <TextLine id="r2l50" custom="readingOrder {index:49;}">
                <Coords points="1900,2914 2324,2906 2357,2928 2570,2913 2693,2935 2693,2868 2658,2865 1900,2874"/>
                <Baseline points="1907,2912 1945,2911 1984,2909 2023,2908 2062,2907 2101,2907 2140,2907 2179,2908 2218,2908 2257,2909 2296,2910 2334,2911 2373,2912 2412,2913 2451,2914 2490,2915 2529,2916 2568,2917 2607,2918 2646,2918 2685,2918"/>
                <TextEquiv>
                    <Unicode>fröhlichen Scheiden. Sie finden Beide</Unicode>
                </TextEquiv>
            </TextLine>
            <TextLine id="r2l51" custom="readingOrder {index:50;}">
                <Coords points="1897,2959 2020,2977 2080,2956 2479,2956 2617,2979 2648,2974 2649,2921 1897,2912"/>
                <Baseline points="1904,2956 1940,2956 1977,2956 2014,2956 2051,2956 2088,2956 2125,2956 2161,2956 2198,2956 2235,2956 2272,2957 2309,2957 2346,2958 2383,2958 2419,2959 2456,2959 2493,2961 2530,2961 2567,2962 2604,2963 2641,2964"/>
                <TextEquiv>
                    <Unicode>ins Freie. Viel ernster will auch Fr</Unicode>
                </TextEquiv>
            </TextLine>
            <TextLine id="r2l52" custom="readingOrder {index:51;}">
                <Coords points="1890,3015 2625,3019 2625,2979 2583,2964 1891,2959"/>
                <Baseline points="1898,3003 1934,3003 1970,3004 2006,3004 2042,3005 2078,3006 2114,3006 2150,3006 2186,3007 2222,3008 2258,3008 2294,3009 2330,3010 2366,3010 2402,3011 2438,3011 2474,3012 2510,3012 2546,3012 2582,3013 2618,3013"/>
                <TextEquiv>
                    <Unicode>nicht nehmen. Noch ist ihm Christir</Unicode>
                </TextEquiv>
            </TextLine>
            <TextLine id="r2l53" custom="readingOrder {index:52;}">
                <Coords points="2028,3060 2616,3064 2616,3034 2571,3016 2509,3030 2425,3012 2073,3022 2030,3007"/>
                <Baseline points="2035,3052 2063,3051 2092,3051 2121,3051 2149,3051 2178,3051 2207,3052 2235,3052 2264,3053 2293,3053 2322,3054 2350,3055 2379,3056 2408,3057 2436,3057 2465,3058 2494,3059 2522,3060 2551,3061 2580,3062 2609,3062"/>
                <TextEquiv>
                    <Unicode>n anmuthiges Spielzeug. Er</Unicode>
                </TextEquiv>
            </TextLine>
            <TextLine id="r2l54" custom="readingOrder {index:53;}">
                <Coords points="2043,3113 2176,3118 2209,3100 2301,3121 2462,3097 2543,3119 2597,3107 2598,3075 2352,3073 2321,3051 2216,3070 2043,3056"/>
                <Baseline points="2050,3102 2077,3102 2104,3103 2131,3103 2158,3103 2185,3103 2212,3103 2239,3103 2266,3103 2293,3103 2320,3103 2347,3104 2374,3104 2401,3104 2428,3104 2455,3105 2482,3106 2509,3106 2536,3108 2563,3109 2590,3110"/>
                <TextEquiv>
                    <Unicode>schwache Gattinen in seiner</Unicode>
                </TextEquiv>
            </TextLine>
            <TextLine id="r2l55" custom="readingOrder {index:54;}">
                <Coords points="2050,3161 2088,3169 2129,3149 2205,3169 2264,3153 2293,3169 2327,3148 2384,3169 2591,3170 2582,3109 2482,3117 2464,3100 2435,3122 2349,3102 2312,3129 2229,3106 2051,3112"/>
                <Baseline points="2057,3152 2083,3152 2109,3152 2136,3152 2162,3152 2188,3152 2215,3153 2241,3153 2267,3154 2294,3155 2320,3155 2346,3156 2373,3156 2399,3157 2425,3157 2452,3158 2478,3158 2504,3158 2531,3158 2557,3157 2584,3157"/>
                <TextEquiv>
                    <Unicode>ist beendet. Fritz setzt sic</Unicode>
                </TextEquiv>
            </TextLine>
            <TextLine id="r2l56" custom="readingOrder {index:55;}">
                <Coords points="2033,3203 2275,3196 2572,3219 2616,3203 2617,3166 2034,3162"/>
                <Baseline points="2041,3196 2069,3197 2097,3197 2126,3198 2154,3198 2183,3198 2211,3199 2239,3199 2268,3199 2296,3199 2325,3199 2353,3200 2381,3200 2410,3201 2438,3201 2467,3202 2495,3203 2523,3204 2552,3205 2580,3206 2609,3208"/>
                <TextEquiv>
                    <Unicode>ne singt ein Schumannlied,</Unicode>
                </TextEquiv>
            </TextLine>
            <TextLine id="r2l57" custom="readingOrder {index:56;}">
                <Coords points="2018,3250 2630,3257 2645,3210 2409,3205 2385,3225 2338,3199 2302,3216 2274,3195 2019,3200"/>
                <Baseline points="2026,3243 2056,3243 2087,3243 2117,3243 2148,3243 2178,3244 2209,3244 2239,3245 2270,3245 2300,3246 2331,3247 2362,3247 2392,3248 2423,3249 2453,3250 2484,3250 2514,3251 2545,3252 2575,3253 2606,3253 2637,3254"/>
                <TextEquiv>
                    <Unicode>einen Gassenhauer im Dreiviert</Unicode>
                </TextEquiv>
            </TextLine>
            <TextLine id="r2l58" custom="readingOrder {index:57;}">
                <Coords points="1904,3297 2665,3308 2665,3267 2618,3252 1904,3250"/>
                <Baseline points="1911,3295 1948,3294 1985,3294 2023,3293 2060,3293 2097,3293 2135,3293 2172,3293 2209,3293 2247,3293 2284,3294 2321,3294 2359,3294 2396,3295 2433,3295 2471,3296 2508,3296 2545,3297 2583,3298 2620,3299 2658,3300"/>
                <TextEquiv>
                    <Unicode>ihr geht die Lebensfreude in die Bein</Unicode>
                </TextEquiv>
            </TextLine>
            <TextLine id="r2l59" custom="readingOrder {index:58;}">
                <Coords points="2868,3316 2879,3317 2883,3320 2894,3320 2902,3273 2893,3273 2889,3271 2881,3277 2874,3276"/>
                <Baseline points="2876,3304 2890,3306"/>
                <TextEquiv>
                    <Unicode>*</Unicode>
                </TextEquiv>
            </TextLine>
            <TextLine id="r2l60" custom="readingOrder {index:59;}">
                <Coords points="1894,3346 2769,3362 2918,3332 2605,3297 1895,3303"/>
                <Baseline points="1902,3343 1952,3342 2002,3341 2053,3341 2103,3340 2154,3340 2204,3341 2254,3341 2305,3341 2355,3342 2406,3343 2456,3344 2506,3345 2557,3346 2607,3347 2658,3348 2708,3348 2758,3349 2809,3350 2859,3350 2910,3351"/>
                <TextEquiv>
                    <Unicode>gelt es. Die Gäste ziehen sich zurück, ein fremder</Unicode>
                </TextEquiv>
            </TextLine>
            <TextLine id="r2l61" custom="readingOrder {index:60;}">
                <Coords points="1887,3379 2909,3419 2910,3334 2675,3367 1887,3355"/>
                <Baseline points="1894,3391 1944,3389 1994,3388 2045,3388 2095,3387 2146,3387 2196,3388 2246,3388 2297,3389 2347,3390 2398,3390 2448,3391 2498,3392 2549,3393 2599,3395 2650,3395 2700,3396 2750,3397 2801,3398 2851,3398 2902,3399"/>
                <TextEquiv>
                    <Unicode>Herr erscheint. Haßsprühenden Auges, den Blick</Unicode>
                </TextEquiv>
            </TextLine>
            <TextLine id="r2l62" custom="readingOrder {index:61;}">
                <Coords points="1893,3430 2733,3458 2875,3452 2916,3400 1894,3393"/>
                <Baseline points="1901,3434 1951,3433 2001,3432 2052,3431 2102,3431 2152,3432 2203,3432 2253,3433 2303,3434 2354,3435 2404,3437 2454,3438 2505,3439 2555,3441 2605,3442 2656,3443 2706,3444 2756,3444 2807,3444 2857,3444 2908,3444"/>
                <TextEquiv>
                    <Unicode>der Vernichtung in dem eisigen Blick, fordert er</Unicode>
                </TextEquiv>
            </TextLine>
            <TextLine id="r2l63" custom="readingOrder {index:62;}">
                <Coords points="1894,3487 2922,3501 2900,3432 2633,3465 1895,3437"/>
                <Baseline points="1902,3480 1952,3480 2003,3479 2053,3479 2104,3480 2155,3480 2205,3481 2256,3481 2306,3482 2357,3483 2408,3484 2458,3485 2509,3486 2559,3486 2610,3487 2661,3488 2711,3489 2762,3489 2812,3489 2863,3489 2914,3489"/>
                <TextEquiv>
                    <Unicode>von Fritz den vergessenen Schleier, die Briefe</Unicode>
                </TextEquiv>
            </TextLine>
            <TextLine id="r2l64" custom="readingOrder {index:63;}">
                <Coords points="1891,3534 2907,3551 2892,3489 1892,3486"/>
                <Baseline points="1898,3525 1948,3527 1998,3528 2048,3529 2098,3529 2148,3530 2198,3530 2248,3530 2298,3530 2348,3531 2398,3531 2448,3531 2498,3531 2548,3532 2598,3533 2648,3534 2698,3535 2748,3537 2798,3539 2848,3541 2899,3544"/>
                <TextEquiv>
                    <Unicode>seiner Frau zurück. Der junge Ve führer steht</Unicode>
                </TextEquiv>
            </TextLine>
            <TextLine id="r2l65" custom="readingOrder {index:64;}">
                <Coords points="1892,3581 2822,3606 2896,3590 2897,3548 1892,3533"/>
                <Baseline points="1899,3575 1948,3574 1998,3574 2047,3574 2097,3573 2146,3574 2196,3574 2245,3575 2295,3575 2344,3576 2394,3577 2443,3578 2493,3580 2542,3581 2592,3582 2641,3583 2691,3584 2740,3586 2790,3587 2839,3588 2889,3589"/>
                <TextEquiv>
                    <Unicode>vor dem Rächer seiner Ehre. Er weiß, die Kugel</Unicode>
                </TextEquiv>
            </TextLine>
            <TextLine id="r2l66" custom="readingOrder {index:65;}">
                <Coords points="1886,3634 2153,3623 2220,3643 2271,3619 2546,3646 2564,3593 2277,3592 2224,3570 2165,3591 1887,3581"/>
                <Baseline points="1893,3619 1926,3619 1959,3620 1992,3620 2025,3620 2059,3620 2092,3620 2125,3621 2158,3621 2191,3621 2225,3621 2258,3622 2291,3622 2324,3623 2357,3623 2391,3624 2424,3625 2457,3626 2490,3627 2523,3628 2557,3630"/>
                <TextEquiv>
                    <Unicode>des Gegners trifft ihn ins He z.</Unicode>
                </TextEquiv>
            </TextLine>
            <TextLine id="r2l67" custom="readingOrder {index:66;}">
                <Coords points="1975,3669 2913,3682 2732,3613 2550,3651 1976,3623"/>
                <Baseline points="1982,3663 2028,3664 2074,3665 2120,3666 2166,3666 2213,3667 2259,3668 2305,3669 2351,3670 2397,3671 2444,3671 2490,3672 2536,3673 2582,3674 2628,3674 2675,3675 2721,3676 2767,3677 2813,3677 2859,3678 2906,3679"/>
                <TextEquiv>
                    <Unicode>Ein kleines Meisterstück der Realistik. Der</Unicode>
                </TextEquiv>
            </TextLine>
            <TextLine id="r2l68" custom="readingOrder {index:67;}">
                <Coords points="1874,3728 2836,3742 2903,3726 2904,3684 2059,3690 1923,3659 1875,3689"/>
                <Baseline points="1882,3715 1932,3715 1983,3715 2034,3715 2084,3715 2135,3716 2186,3716 2236,3717 2287,3718 2338,3719 2389,3720 2439,3721 2490,3722 2541,3723 2591,3724 2642,3725 2693,3726 2743,3728 2794,3729 2845,3730 2896,3731"/>
                <TextEquiv>
                    <Unicode>Rest ist geistvolle, virtuose Milieuzeichnung und</Unicode>
                </TextEquiv>
            </TextLine>
            <TextLine id="r2l69" custom="readingOrder {index:68;}">
                <Coords points="1878,3755 2735,3796 2911,3783 2912,3728 1878,3729"/>
                <Baseline points="1885,3764 1938,3763 1992,3763 2045,3763 2099,3763 2153,3764 2206,3765 2260,3766 2314,3767 2367,3768 2421,3769 2474,3770 2528,3771 2582,3773 2635,3773 2689,3774 2743,3775 2796,3775 2850,3775 2904,3774"/>
                <TextEquiv>
                    <Unicode>Melodram. Fritz sucht Christine im Hause ihres</Unicode>
                </TextEquiv>
            </TextLine>
            <TextLine id="r2l70" custom="readingOrder {index:69;}">
                <Coords points="1883,3807 2500,3836 2902,3813 2885,3779 2408,3786 2358,3754 2291,3786 1884,3770"/>
                <Baseline points="1890,3809 1940,3810 1990,3811 2040,3812 2090,3813 2141,3814 2191,3815 2241,3815 2291,3816 2341,3817 2392,3818 2442,3818 2492,3819 2542,3819 2592,3820 2643,3821 2693,3821 2743,3822 2793,3822 2843,3823 2894,3823"/>
                <TextEquiv>
                    <Unicode>Vaters auf. Der greise Theatergeiger ist der</Unicode>
                </TextEquiv>
            </TextLine>
            <TextLine id="r2l71" custom="readingOrder {index:70;}">
                <Coords points="1879,3866 2858,3884 2903,3813 1880,3819"/>
                <Baseline points="1886,3857 1936,3859 1986,3860 2037,3861 2087,3862 2138,3863 2188,3863 2239,3864 2289,3864 2340,3865 2390,3865 2440,3865 2491,3866 2541,3866 2592,3866 2642,3867 2693,3868 2743,3868 2794,3869 2844,3870 2895,3872"/>
                <TextEquiv>
                    <Unicode>edelste Idealist. Er kennt längst das Geheimniß</Unicode>
                </TextEquiv>
            </TextLine>
            <TextLine id="r2l72" custom="readingOrder {index:71;}">
                <Coords points="1878,3912 2777,3933 2897,3911 2898,3862 2590,3894 1879,3867"/>
                <Baseline points="1885,3906 1935,3907 1985,3907 2035,3908 2085,3909 2136,3909 2186,3910 2236,3910 2286,3911 2336,3912 2387,3912 2437,3913 2487,3914 2537,3915 2587,3915 2638,3916 2688,3917 2738,3918 2788,3918 2838,3919 2889,3920"/>
                <TextEquiv>
                    <Unicode>seines Kindes. Aber er hat seine Schwester be¬</Unicode>
                </TextEquiv>
            </TextLine>
            <TextLine id="r2l73" custom="readingOrder {index:72;}">
                <Coords points="1882,3952 2900,3987 2901,3915 2671,3939 1882,3910"/>
                <Baseline points="1889,3954 1939,3954 1989,3955 2039,3956 2089,3956 2140,3957 2190,3958 2240,3958 2290,3959 2340,3959 2391,3960 2441,3960 2491,3961 2541,3961 2591,3962 2642,3962 2692,3963 2742,3963 2792,3963 2842,3964 2893,3964"/>
                <TextEquiv>
                    <Unicode>treut, bewahrt vor allem Ungemach, aller An¬</Unicode>
                </TextEquiv>
            </TextLine>
            <TextLine id="r2l74" custom="readingOrder {index:73;}">
                <Coords points="1873,4006 2476,4000 2896,4042 2884,3961 1874,3954"/>
                <Baseline points="1881,4001 1931,4003 1981,4004 2032,4005 2082,4006 2133,4007 2183,4007 2233,4008 2284,4008 2334,4008 2385,4008 2435,4008 2485,4008 2536,4008 2586,4008 2637,4008 2687,4009 2737,4010 2788,4012 2838,4014 2889,4016"/>
                <TextEquiv>
                    <Unicode>fechtung, bis sie darüber ihr bischen Lebensglück</Unicode>
                </TextEquiv>
            </TextLine>
            <TextLine id="r2l75" custom="readingOrder {index:74;}">
                <Coords points="1875,4050 2898,4061 2857,4019 1875,4008"/>
                <Baseline points="1882,4045 1932,4047 1982,4049 2033,4051 2083,4052 2134,4053 2184,4054 2235,4054 2285,4055 2336,4055 2386,4055 2436,4056 2487,4056 2537,4056 2588,4057 2638,4057 2689,4058 2739,4058 2790,4059 2840,4061 2891,4062"/>
                <TextEquiv>
                    <Unicode>versäumte. Und seinem Kinde will er nicht die</Unicode>
                </TextEquiv>
            </TextLine>
            <TextLine id="r2l76" custom="readingOrder {index:75;}">
                <Coords points="1872,4102 2851,4122 2886,4116 2887,4071 1872,4060"/>
                <Baseline points="1879,4094 1929,4095 1979,4096 2029,4096 2079,4097 2129,4098 2179,4099 2229,4100 2279,4101 2329,4102 2379,4102 2429,4103 2479,4105 2529,4105 2579,4106 2629,4107 2679,4107 2729,4108 2779,4109 2829,4109 2879,4110"/>
                <TextEquiv>
                    <Unicode>Sonne aus dem Leben stehlen. Als im Burg¬</Unicode>
                </TextEquiv>
            </TextLine>
            <TextLine id="r2l77" custom="readingOrder {index:76;}">
                <Coords points="1869,4150 2889,4165 2890,4108 1870,4114"/>
                <Baseline points="1876,4139 1926,4141 1976,4143 2027,4144 2077,4146 2127,4147 2178,4148 2228,4149 2278,4149 2329,4149 2379,4150 2429,4150 2480,4150 2530,4151 2580,4151 2631,4151 2681,4152 2731,4152 2782,4153 2832,4154 2883,4156"/>
                <TextEquiv>
                    <Unicode>theater zum ersten Mal diese goldfunkelnden</Unicode>
                </TextEquiv>
            </TextLine>
            <TextLine id="r2l78" custom="readingOrder {index:77;}">
                <Coords points="1861,4191 2848,4208 2889,4239 2881,4164 1861,4161"/>
                <Baseline points="1868,4187 1918,4188 1969,4190 2020,4191 2070,4193 2121,4194 2172,4194 2222,4195 2273,4196 2324,4196 2375,4197 2425,4197 2476,4198 2527,4198 2577,4198 2628,4199 2679,4199 2729,4200 2780,4200 2831,4201 2882,4202"/>
                <TextEquiv>
                    <Unicode>Worte großer Menschlichkeit fielen, rümpften</Unicode>
                </TextEquiv>
            </TextLine>
            <TextEquiv>
                <Unicode>Teleph.
P unt Bn
□ l. österr. behördl. konz. Unternehmen für Zeitungs-Ausschnitte
Wien, I., Concordiaplatz 4.
2
Vertretungen
00 in Berlin, Budapest, Chicago, Christiania, Genf, Kopen¬
E hagen, London, Madrid, Mailand, Minneapolis, New-Vork,
Paris, Rom, San Francisco, Stockholm, St. Petersburg.
QQuellenangabe ohne Gewahr.)
7
„ Ausschnitt aus:
23 0An 196Gue Temesvürer Zeitung
E vom:
svár, Ungarn
Kunst und Literatur.
Städtisches Franz Josefs=Theater.
Ein neues Schauspiel von Arthur
bedeutet gewöhnlich ein Ereigniß undan
denn auch der Aufführung des neuesten Schitzler¬
schen Bühnenwerkes „Liebelei“ (Szerelmeskedés)
auf unserer Bühre mit begreiflichem Interesse
fentgegen. Dies Interesse rechtfertigte sich voll¬
kommen.
Die „Liebelei“ ist die Tragödie des süßen
Mädels, des jungen gebefreudigen Menschen¬
kindes, das in Leichtsinu und Grazie dem Zuger,
seines Herzens folgt, seiner frischen Sinnlichkeit,
seinem naiven Glücksvertrauen. Zuweilen schwin¬
gen wohl tiefere Untertöne mit. Bei so Mancher,
wie bei Christine Weiring, hat schon die eiste
Empfindung ihre Wurzeln in das innerste Herz
gesenkt, und wenn die eine Saite reißt, ist es
eine Dissonanz fürs Leben. Es gibt Mimosen voll
heißer Leidenschaftlichkeit, sensitive Menschenblüthen,
die sterden müssen, wenn der Sonnenstraul, der
sie wachgeküßt, verbleicht. Der andere Typus:
In hellem, vorurtheilslosem Dur. Lebensprühend,
uvermüthig bis zur Frechheit, nüchtern im Denken,
zaglos im Genuß, mit allem kleinen Egoismus,
der sich mit wirklicher Seelengüte zu paaren ver¬
mag. Das ist die Schlager=Mizi, Christinens,
Freundin.
In Fritzens Studentenbude. Ein Symposion
mit Wein und Mokkatorte, mit Blumen und
Musik. Als Entreact natürlich. Mizi und Theodor
sind sich völlig klar über die Art ihrer Bezie¬
hung. Im Freudenbecher der erste Bodensatz von
Ueberdruß, und das nächste Glas gil
fröhlichen Scheiden. Sie finden Beide
ins Freie. Viel ernster will auch Fr
nicht nehmen. Noch ist ihm Christir
n anmuthiges Spielzeug. Er
schwache Gattinen in seiner
ist beendet. Fritz setzt sic
ne singt ein Schumannlied,
einen Gassenhauer im Dreiviert
ihr geht die Lebensfreude in die Bein
*
gelt es. Die Gäste ziehen sich zurück, ein fremder
Herr erscheint. Haßsprühenden Auges, den Blick
der Vernichtung in dem eisigen Blick, fordert er
von Fritz den vergessenen Schleier, die Briefe
seiner Frau zurück. Der junge Ve führer steht
vor dem Rächer seiner Ehre. Er weiß, die Kugel
des Gegners trifft ihn ins He z.
Ein kleines Meisterstück der Realistik. Der
Rest ist geistvolle, virtuose Milieuzeichnung und
Melodram. Fritz sucht Christine im Hause ihres
Vaters auf. Der greise Theatergeiger ist der
edelste Idealist. Er kennt längst das Geheimniß
seines Kindes. Aber er hat seine Schwester be¬
treut, bewahrt vor allem Ungemach, aller An¬
fechtung, bis sie darüber ihr bischen Lebensglück
versäumte. Und seinem Kinde will er nicht die
Sonne aus dem Leben stehlen. Als im Burg¬
theater zum ersten Mal diese goldfunkelnden
Worte großer Menschlichkeit fielen, rümpften</Unicode>
            </TextEquiv>
        </TextRegion>
    </Page>
</PcGts>
