3484 4256
396 45 920 124 eren er-erse
384 93 1434 172 tritt hier bereits deutlich zutage: die Schärfe der
392 151 1433 206 psychologischen Beobachtung hat dem Dichter kei¬
398 193 1442 283 neswegs den Humor lächelnder Ueberlegenheit
387 260 606 339 geraubt.
491 267 1451 357 Zur Aufführung gelangte „Die Jrage an das
390 328 1447 409 Schicksal", wo Anatol, der icht nur über die
390 371 1450 444 Künste der Verführung, sondern auch über die
401 446 1454 517 Mittel der Hypnose gebietet und durch sie Treue
406 491 1456 552 oder Untreue der Geliebten zu erkunden vermag,
396 533 1452 609 aus fiebernder Angst, der dämmernde Selbst¬
400 581 1453 667 erkenntnis zugrunde liegt, auf die Wahrheit, nach
404 631 1453 695 der er zu dürsten vorgibt, lieber verzichtet und
410 670 1459 743 sich weiterhin in den weichen Schleier der Unge¬
403 724 1451 791 wißheit einhüllt. Dann folgte die köstliche „Epi¬
403 775 1451 845 sode“, in der der durch seine Siege über die Mäd¬
401 815 1443 902 chen und Frauenherzen übermutige Anatol, der
400 879 1451 955 dem spöttischen Freunde Max sein erokisches Le¬
1396 913 1468 989 1ß
409 921 1327 1007 hensgeister anvertraut, erfahren muß.
422 977 1455 1040 Bianka, die ihm die wertvollste Episode in dem
418 1028 1468 1086 bunten Reigen war, so gründlich vergessen hat,
419 1064 1459 1147 daß sie ihn nicht mehr wiederzuerkennen vermag.
419 1106 1479 1184 Das darauffolgende, oftgespielte und vielbewährte
425 1156 1463 1243 „Abschiedssouper“ zeigt dasselbe Motiv in besserer
425 1213 1460 1279 Durcharbeitung: die gefräßige Ballett=Diog, die
421 1265 1483 1326 dem zum Abschied entschlossenen Liebhaber den
417 1304 1483 1390 Abschiedstriumph wie einen fetten Bissen vom
425 1354 1476 1427 Munde wegschnappt — ein wahres Kleinod un¬
419 1403 1482 1466 seter Komödienliteratur. Den Beschluß bildete
427 1466 1480 1537 der Einakter „Anatols Hochzeitsmorgen“ die Ab¬
433 1497 1488 1579 schiedsszeue von der Geliebten, deren Schmerz
431 1551 1488 1626 Linderung in dem Bewußtsein findet, den Ver¬
431 1598 1475 1666 rat des zur Trauung Eilenden am eigenen Ge¬
425 1656 1493 1721 schlechte rächen zu können, denn nicht sie, sondern
540 1695 1473 1775 Gattin Anatols wird die Betrogene sein.
541 1747 1491 1816 In der Aufführung wurde die Stimmung
440 1800 1489 1867 des zaxten oft etwas melancholischen Witzes der
447 1848 1503 1921 Schnitzlerschen Kunst nicht gleichmäßig gut getrof¬
450 1914 1498 1966 fen. Den Anatol spielte Herr Wenner=Ei¬
442 1939 1501 2012 gen etwas selbstherrlich und eigenwillig, nicht
444 1989 1506 2065 den schwärmenden Aestheten und kindischen
449 2053 1506 2111 Egoisten, der in Schnitzlers Buche steht, sondern
446 2098 1511 2177 eher einen überlegenen, reiferen Lebeman, luch
449 2139 1519 2202 verfehlte er zum Teil den Ton durch zu mutes
461 2185 1499 2264 Auftrumpfen. Immerhin hätte er im „Abschieds¬
466 2244 1507 2321 souper“ und in der „Episode" Gelegenheit ge¬
462 2286 1527 2374 habt, seinen leichten, gefälligen Plauderton zur
456 2334 1508 2426 Geltung zu bringen, wenn er um einiges text¬
468 2383 1522 2469 sicherer gewesen wäre. Die pier Frauenrollen,
464 2433 1516 2505 die heitere Variationen des einen „süßen Mädel¬
463 2486 1521 2562 typus“ sind, fanden ebenfalls nicht gleichwertige
461 2538 1538 2601 Vertreterinnen. Vortrefflich führte sich ein Gast.
459 2586 1526 2669 Fräulein Jacodu im „Abschiedssouper# ese. Der
475 2639 1531 2722 natve Iunismus der Ballett=Diva war von Wü¬
461 2669 1533 2760 bendem Uebermut und einem frischen. volkstüm¬
471 2733 1535 2804 lich komischen Zug, der vielleicht sichere Gestal¬
479 2773 1529 2868 tungskraft erkennen läßt. Die hypnotisierte Le¬
472 2836 1548 2918 bedame Cora spielte Fräulein Marbach mit
477 2875 1537 2970 gutem Gelingen. Als Bianka in der Episode
482 2924 1530 3011 war Frsulein Simon darstellerisch gewiß ein¬
478 2968 1539 3057 wandfrei — doch lassen ihre Mittel leider alles
488 3029 1554 3100 zu wünschen übrig Fräulein Pistor als Ilona
492 3063 1549 3164 im Fochzeitsmorgen vergriff sich, war viel zu
488 3121 1549 3206 laut und zu schreiend nicht nur im Ton, sondern
497 3160 1560 3245 auch in den Gebärden. Herr Haber erfreute
491 3228 1543 3296 durch die Ruhe und Sicherheit. mit der er den iro¬
496 3266 1552 3356 nischen Beoleiter Anatols zur Darstellung brachte.
499 3311 1552 3398 Er traf die Stimmung eigentlich am besten. Die
497 3363 1554 3447 feinfühlige Inszenierung durch Spielleiter Geün¬
505 3423 1245 3520 au verdient volle Anerkennung.
2004 249 2371 325 Liebelei
1842 240 2968 364 5. box 12/3
2116 520 2901 638 Klose & Seidel
2052 627 2956 680 = Bureau für Zeitungsausschnitte. —
2009 688 2997 763 Berlin NO.43, Georgenkirchplatz 211.
2114 811 2906 864 (Liest die meisten Zeitungen und ist das
2105 853 2910 906 bestorganisierte Bureau Deutschlands.)
1966 952 2898 1037 Zeitung: Dresdner Anzeiger
1971 1058 2114 1128 Ort:
2601 1045 2918 1144 Dresden
1968 1162 3010 1270 Datum:
2054 1309 2332 1375 Literatur
2003 1378 3112 1458 & Arthur Schnitzler. Am 15. Mai d. J. vollendete
1936 1406 3099 1498 Arthur Schnitzler das 50. Lebensjahr. Ihm zu Ehren
1950 1486 3104 1546 veranstarrete auch d Köntgriche Schkuspielhaus zu
1943 1522 3093 1567 Dresden eine Aufführung seines Schauspiels Liebelei.
1946 1560 3106 1607 Jetzt t Dr. Julius Kapp im Fenienverlag zu Leipzig
1949 1600 3108 1644 eine Würdigung Schnitzlers erscheinen lassen. Die Schrift
1947 1634 3104 1681 berücksichtigt besonders die Jugendarbeiten des Dichters,
1941 1679 3100 1725 die zur Charakteristik seines Wesens sehr wichtig sind und
1944 1715 3107 1768 infolge ihrer schweren Zugänglichkeit nur wenigen bekannt
1939 1757 3102 1815 geworden sind. Eigentümlich ist die Gruppierung und Be¬
1946 1789 3108 1831 handlung des Stoffes: Nach einer allgemeinen Einleitung
1947 1827 3104 1871 über das literarische Jungösterreich werden die einzelnen
1947 1863 3092 1918 Werke in besonderen Abschnitten mit Inhaltsangaben,
1939 1910 3105 1981 Proben und Kritik vorgenommen. Die Übersichtlichkeit
1938 1954 3096 2005 wird dadurch gefördert, ein Gesamtbild jedoch nicht erzielt.
1947 1983 3095 2028 Auch diese Würdigung Schnitzlers ist, wie fast alles, was
1945 2019 3086 2071 über den Dichter erschienen ist, zu panegyrisch gehalten.
1939 2054 3090 2132 Einer nahen Zukunft schon wird er wesentlich unbedeuten¬
1928 2092 2595 2170 der und verganglicher erscheinen.
2006 2322 3120 2418 Wenden! Rückseite beachten! Menden!
2354 2404 2412 2493 —
2532 2423 3087 2504 Telephen 12 80.
2152 2533 2905 2639 „UDSERTER
1992 2610 3109 2722 I. österr. behördl. konz. Unternehmen für Zeitungs-Ausschultte
2175 2670 2924 2769 Wien, I., Concordiaplatz 4.
2398 2726 2798 2804 Vertretungen
1997 2772 3107 2862 in=Berlin, Basel, Budapes., Chicago, Cleveland, Christianig¬
2004 2824 3097 2900 Genf, Kopenhagen, London, Madrid, Mailand, Minneapolis.
2001 2853 3101 2951 New-Vork, Patis, Rom, San Francisco, Stockholm, St. Peters¬
2382 2910 2703 2971 burg, Toronto.
2219 2933 2904 3020 (Quelienangabe ohne Gewähr.)
1990 2996 3206 3144 Ausschnitt aus DFESDNER ANZEIGE!
2281 3103 2670 3192 ome
1987 3121 2342 3198 Vom
2037 3155 3144 3234 * Arthur Schnstzler. Am 15. Mai d. J. vollendele
2413 3225 3135 3278 Lebensjahr. Ihm zu Ehren
1962 3224 2096 3291 Trihn
1970 3237 3115 3323 vernnstäAhrn Königliche Schauspielhaus zu
1963 3298 3119 3351 Dresden eine Aufführung seines Schauspiels Liebelei.
1961 3340 3122 3396 Jetzt hat Dr. Julius Kapp im Lenienverlag zu Leipzig
1974 3386 3118 3438 eine Würdigung Schnitzlers erscheinen lassen. Die Schrift
1963 3416 3119 3475 berücksichtigt besonders die Jugendarbeiten des Dichters,
1972 3463 3126 3512 die zur Charakteristik seines Wesens sehr wichtig sind und
1964 3481 3129 3550 infolge ihrer schweren Zugänglichkeit nur wenigen bekannt
1974 3535 3128 3588 geworden sind. Eigentümlich ist die Gruppierung und Be¬
1968 3567 3136 3632 handlung des Stoffes: Nach einer allgemeinen Einleitung
1969 3614 3123 3664 über das literarische Jungösterreich werden die einzelnen
1967 3649 3118 3694 Werke in besonderen Abschnitten mit Inhallsangaben,
1975 3698 3132 3739 Proben und Kritik vorgenommen. Die Übersichtlichkeit
1969 3748 3125 3793 wird dadurch gefördert, ein Gesamtbild jeboch nicht exzielt.
1964 3764 3129 3827 Auch diese Würdigung Schnitzlers ist, wie fast alles, was
1965 3800 3121 3868 über den Dichter erschienen ist, zu panegunisch gehalten.
1974 3842 3117 3921 Einge nahen Zukunft schon wird er wesemlich unbedeuten¬
1977 3888 2665 3967 deyfund vergänglicher erscheißen.
3001 3883 3099 3972 X
