3436 4224
388 152 760 231 iebelei
208 151 1341 261 5. LuSan bos 13/8
567 835 1330 1026 „OBSERVER“
616 1003 1361 1085 I. österr. behördl. konzessioniertes
590 1057 1367 1143 Unternehmen für Zeitungs-Ausschnitte
705 1119 1267 1203 Wien I, Wollzeile 11
755 1182 1207 1248 Telephon R-23-0-43
570 1294 954 1402 Ausschnitt aus:
815 1333 1478 1492 Neues Wiener -oulaul, Hion
888 1488 1411 1607 19 J0I 1034
565 1524 737 1617 vom;
363 1581 2772 1681 Annah
1517 1655 2781 1732 nicht von einem Mädchen, sondern von einem Knaben dargestellt
319 1691 2783 1777 Nach dreißig Jahren wieder schen wolle, neben ihm als Figaro den Pagen spielen. Im Burg¬
1540 1757 2782 1823 theater kreierte ich dann noch im Jahre 1907 in der Uraufführung
1553 1808 2476 1865 von Karl Schönherrs „Erde“ das Jungknechtlein.
457 1799 1456 1907 im Ralmund=Theater.
1637 1856 2773 1916 Dann folgten Jahre der Tätigkeit an verschiedenen Wiener
883 1885 1018 1966 Von
1533 1894 2775 1959 Bühnen, wo ich die Kinderschuhe austrat und langsam in das
1539 1945 2788 2025 Fach der komischen Episoden hineinwuchs. Man glaubt gar nicht,
692 1944 1205 2038 Theodor Danegger.
1544 2003 2772 2069 wie viele Rollen ich da im Verlauf der Jahre gespielt habe! Im
669 2014 1558 2084 Der bekannte Wiener Schauspieler Theodor
1558 2048 2752 2106 Jahre 1924 berief mich dann Max Reinhardt an das von ihm
556 2065 1546 2117 Danegger, der eben sein Engagement am Raimund¬
1557 2095 2775 2152 in prunkvoller Neuausstattung wiedereröffnete Theater in der
561 2110 1554 2167 Theater angetreten hat, erzählt über seine dreißigjährige
1547 2144 2771 2208 Josefstadt, wo ich gleich in der Eröffnungsvorstellung in
549 2159 915 2214 Bühnenlaufbahn:
441 2187 2776 2250 Es ist ein seltsames Spiel des Zufalls, daß ich genau nach Goldonis „Diener zweier Herren“ den Aufwärter darstellte, eine
1559 2232 2790 2303 Rolle, die ich dann auch in der Aufführung dieser Inszenierung
320 2248 1553 2303 dreißig Jahren wieder an das Theater zurückkehre, in dem ich
1555 2283 2774 2350 in der Berliner Komödie auf dem Kurfürstendamm darstellte.
336 2287 1560 2358 se erzeit als zwölfjähriger Junge meine schauspielerische Tätigkeit
1541 2317 2768 2368 Dort sah mich eines Tages Intendant Richard Weichert, der
380 2343 1552 2408 onnen habe. Als Sohn des jüngst verstorbenen Regisseurs Josef
389 2392 2774 2453 negger erhielt ich durch meine Mutter, die damals gerade am damals das Schauspielhaus in Frankfurt am Main leitete, und
1550 2417 2765 2492 engagierte mich mit einem mehrjährigen Vertrag. Es sind denn
376 2443 1548 2502 imund=Theater engagiert war, Gelegenheit, in einem Märchen¬
1547 2464 2771 2528 auch neun Jahre geworden, die ich in Frankfurt am Main
378 2489 1574 2550 4 „Wie Klein Else das Christkind suchen ging“ als Zwergkönig
371 2515 2772 2589 zutreten. Da sah mich in einer Vorstellung Paul Schlenther und spielte, wo ich mich langsam vom jugendlichen Komiker und
1547 2561 2768 2607 Episodisten zum Charakterkomiker entwickelte, dem es zum Bei¬
372 2600 2784 2654 ief mich ins Burgtheater. Dort spielte ich als Klein Danegger spiel auch gegönnt war, als Weyring in Schnitzlers „Liebelei“.
372 2652 2346 2717 jächst in „Quality Street“ eine Kinderrolle, dann in der Neu= den Beifall des Publikums zu finden
2624 2653 2770 2714 ke der
367 2697 2767 2770 dierung des „Wilhelm Tell“ den Tellknaben. Es war das damals Komödie Schneider Wibbel“ die übrigens im Herbst auch im
345 2744 2775 2822 ne herrliche Besetzung: Georg Reimers als Tell, Bernhard Ratmund=Theater zur Darstellung gelangen wird, habe ich mich
333 2779 2775 2855 Zaumeister als Attinghausen und Josef Kainz als Melchtal, der vor wenigen Wochen vom Frankfurter Publikum verabschiedet,
326 2846 2482 2906 mich, als ich nach meiner Szene sogar Abgangsapplaus erhielt, das mir das Scheiden recht schwer gemacht hat.
339 2887 1563 2939 beiseite nahm und mir vorschlug, sein Schüler zu werden. Er gab
1632 2864 2771 2942 Ich habe wirklich nur schweren Herzens Frankfurt am
338 2925 2771 3001 mir auch die goldene Lehre, „man müsse immer das Unmögliche Main verlassen, es mußte mich aber natürlich als gebürtigen
326 2987 2777 3036 anstreben, um das Mögliche zu erreichen“. Kainz nahm mich auch Oesterreicher, der in Wien seine künstlerische Heimat hatte, ver¬
341 3014 2783 3099 im nächsten Jahre nach Berlin mit, als er mit einem Burgtheater= locken, als ich von den neuen Direktoren des Raimund=Theaters
325 3075 2767 3136 ensemble im Berliner Theater seine Uebersetzung der „Hochzeit des Dr. Hock und Barnay den Antrag erhielt, als erster Charakter¬
329 3130 2769 3218 Figarol zun Ausfährung brachte. Ich durfte, da zn den Ehorubin Korben zn von Kachand diesen Bühng an treten, an der sch ja,
1576 3216 2795 3295 die erwähnt, meine darstellerische Laufbahn begonnen habe. Im
1568 3265 2801 3337 Herbst wird mich das Publikum in einer neuen führenden Rolle
1572 3305 2803 3385 sehen und feststellen können, was im Laufe Ler Jahre aus dem
1560 3360 2793 3436 „kleinen Danegger“ geworden ist. Auf Bitten der Direktion habe
1569 3408 2797 3488 ich noch in der Sommerspielzeit die Rolle Ludwig Stössels in
1564 3449 2798 3530 „Straßenmusik“ übernommen und freue mich, vaß ich nach
1562 3504 2796 3578 diesem bedeutenden Künstler Anerkennung finde. Es erscheint mir
1560 3556 2782 3622 als ein fröhlicher Auftakt zur nächsten Spielzeit, in der ich mit
1562 3593 2799 3685 Begeisterung meine schauspielerische Tätigkeit in der Heimat
1559 3652 2093 3726 wieder aufnehmen werde.
