3436 4256
800 150 1228 238 box 13/3
253 153 651 228 Liebelei
520 382 644 494 „0
438 471 663 558 Wien,
973 480 1126 562 11
521 532 1025 625 Telsten iüen Bat#-s##
490 670 1128 837 Henes Wiener Lezthen n
624 795 1078 920 6. FEB. 1933
193 889 1328 1023 Im Theater in der Josefstadt wird für Montag
181 965 1317 1066 Erstaufführung von Schnitzlers „Liebelei“ vorbereitet.
164 1026 1328 1121 igo Thimig spielt zum erstenmal die Rolle des alten Weyring.
651 1302 1080 1406 OBSERVER‘
807 1361 1147 1469 ollzeile Nr.1
513 1383 733 1484 Wien, 1
599 1452 1081 1541 Talefon B.2 3.0-42
703 1525 1041 1630 Der Tag, Wieb
523 1615 828 1706 17. FEB.
271 1715 1082 1786 Die Schnitzler=Premiere in der Josefstabt.
376 1766 1171 1852 Im Theater in der Josefstadt ist Arthur
277 1817 1175 1885 Schnitzlers Schauspiel „Liebelei“, dessen
280 1857 1180 1946 Erjeaufführung Montag den 20. d. stattfindet, mit
282 1929 1181 1978 den Damen Czepa, Rosar, Wessely, den Herren
282 1965 1198 2037 Herbert Hübner, Heinrich Schnitzler, Hans Thi¬
294 2016 1185 2075 mig und Hugo Thimig besetzt. Vorher geht erst¬
288 2059 1179 2132 malig die einaktige Komödie von Arthur
294 2103 1189 2188 Schnitzler „Der tapfere Cassian“ mit
289 2155 1183 2231 Frau Czepa und den Herren Neugebauer und
279 2178 1191 2274 Hans Thimig in Szene. Spielleitung: Paul Kal¬
281 2253 1191 2332 beck. Bühnenbilder von Otto Niedermoser. Das
289 2301 1186 2372 Lustspiel „Glück im Haus“ bleibt neben dem
295 2348 1183 2441 Schnitzler=Abend alternierend auf dem Spielplan.
963 2546 1230 2654 „RVE. 5
657 2628 1344 2739 Wien, I., Wollseile Nr. 11
750 2703 1258 2814 Teiefon R-23-0-63
702 2792 1294 2923 Neaieken Soislau, hien,
858 2903 1348 3014 19 FEb. 333
419 3041 1383 3152 Schnitzler=Premiere in der Josefstadt.
435 3131 1407 3212 Im Theater in der Josefstadt ist die am Montag,
406 3185 1410 3250 den 20. d. M., stattfindende Premiere von Arthur
407 3227 1420 3316 Schnitzlers Schauspiel „Liebelei“ und der einaktigen
398 3274 1421 3357 Komödie „Der tapfere Cassian“ wie folgt besetzt:
409 3320 1422 3387 „Liebelei": Hans Weyring — Hugo Thimig; Christine,
415 3365 1423 3439 seine Tochter — Wessely; Mitzi Schlager — Czepa;
415 3405 1432 3489 Katharina Binder — Rosar; Lina — Kienast; Fritz
412 3461 1431 3535 Lobheimer — Hans Thimig; Theodor Kaiser—
428 3507 1429 3586 Schnitzler; Ein Herr — Herbert Hübner. „Der tapfere
426 3547 1433 3620 Cassian“: Martin — Hans Thimig; Sophie — Czepa;
425 3609 1431 3668 Cassian — Neugebauer; Ein Diener — Rohner. Spiel¬
418 3649 1435 3729 leitung: Paul Kalbeck. Bühnenbilder: Otto Nieder¬
425 3708 1286 3791 moser. Technische Einrichtung: Karl Dworsky.
2660 1641 2707 1697 4
2204 1622 2687 1724 „UBSEAVEA
2270 1707 2792 1817 Volizeile Nr. 1
2205 1764 2687 1851 Celalon N. 23.0. 40
2163 1828 2612 1937 oa Wiener Erirabiet
2316 1889 2715 1984 9 FEB. 10332
1878 2007 2757 2127 Schnitzler=Premiere in der Josefstadt
1890 2084 2763 2157 Im Theater in der Josefstadt findet morgen
1866 2099 2760 2192 Mon ag die Erstaufführung des Schauspieles
1863 2159 2767 2243 „Liebelei“ von Arthur Schnitzler mit den
1858 2203 2772 2290 Damen Czepa. Rosar, Wessely und den Her¬n
1860 2251 2753 2340 ren Herbert Hübner, Heiurch Schnitzler, Hans
1870 2290 2463 2359 Thimig und Hugo Thimig statt.
1884 2337 2767 2411 Vorher geht erstmalig die einaktige Komödie
1849 2387 2779 2468 von Arthur Schnitzler „Der tapfere
1861 2423 2755 2522 Cassian“ mit Frau Czepa und den Herren
1852 2455 2398 2538 Neugebauer und Hans Tl
2578 2493 2744 2549 Szene.
1860 2505 2739 2614 Spielleitung: Paul Kalbeck. Bühnenbilder von
1843 2549 2228 2641 Oto Niebermoser.
