3484 4224
207 163 743 252 5. Liebelei
904 161 1279 253 box 13/7
340 227 749 280 „
375 1010 1227 1095 WIENER MESSE
401 1083 1196 1149 8. bis 14. März 1936, Technische und
389 1145 1207 1210 Landwirtschaftliche Messe bis 15. März
397 1187 1202 1235 Auskünfte aller Art erteilen die ehrenamtlichen Ver¬
394 1230 1208 1266 treter der Wiener Messe in allen größeren Städten der
402 1260 1196 1309 Welt sowie das Zentralbüro der Wiener Messe-A. G.,
617 1293 989 1336 Wien, VII., Messepalast
367 1398 893 1482 „OBSERVER
429 1472 1215 1514 I. österr. behördlich konzessioniertes Unternehmen für
431 1507 1221 1544 Zeitungsausschnitte, Wien, I., Wollzelle 11, Tel. R 23-0-43
371 1668 699 1743 Ausschnitt aus:
701 1682 1214 1772 Wiese Piesse, Wien
591 1722 693 1782 Ne
700 1756 1038 1841 Abendblatt
376 1885 497 1956 vom
747 1862 1197 1968 15. FEB. 1936
312 1968 1417 2040 (Reinhardt=Seminar im Schönbrunner Schloßtheater.)
264 2031 1414 2084 Auhur Schnitzlers „Liebelei“, dieses Spiel von der töd¬
267 2063 1404 2130 lichen, igrößen, ersten Liebe, dieses in aller Realistik zauberhaft
256 2123 1399 2177 zarte und innige Werk ist von unverblaßter Lebendigkeit erfüllt,
259 2140 1414 2215 und die ewige Gültigkeit der Gestalten und Vorgänge erschüttert
257 2201 1415 2256 in unserer Zeit der vergänglichen Worte und der rasch wechselnden
259 2246 1400 2298 Wertung mehr denn je. Die Aufführung, die dem Schnitzlerschen
257 2294 1413 2337 Schauspiel von den Schülern des Reinhardt=Seminars in dem
263 2325 1411 2369 entzückenden Rahmen des szenisch für solche Unternehmungen
264 2360 1410 2419 besonders günstigen Schönbrunner Schloßtheaters unter der Ober¬
257 2403 1401 2472 leitung Dr. Ernst Lothars bereitet worden ist, wurde vor
269 2448 1413 2504 allem durch das Feuer einer außerordentlichen schauspielerischen
256 2488 1414 2541 Begeisterung getragen. Der erste Akt insbesondere, dieses in
266 2531 1410 2590 wenige Szenen gepreßte Bild einer Jugend, die sich in keinem
270 2576 1409 2633 wesentlichen Punkt von der Jugend jener Zeit unterscheidet, in
271 2609 1409 2672 der das Werk entstanden ist, rollte rasch und selbstverständlich
266 2655 1408 2703 und mit einer beklemmenden Großartigkeit ab. In den harmlos
260 2697 1417 2755 scheinenden Gesprächen gewittert das Verhängnis junger Menschen
270 2737 1415 2791 auf, die sich verloren wissen und sich mit einer unendlichen Zärt¬
271 2781 1414 2834 lichkeit an das Leben hängen. Hier fiel vor allem die erstaunlich
267 2829 1416 2880 reife Sicherheit Hilde Herberts auf. Neben ihr zeigte Gustav
264 2850 1422 2921 Breuer als Fritz starke und gute Anlagen. Anna Maier,
274 2902 1420 2958 die Darstellerin der Christine, kämpft noch mit sprachlichen Hem¬
273 2943 1417 3009 mungen, aber die Glut ihres Ausdruckes, ihre Verhaltenheit und
777 2985 1407 3042 Feodor Weingart, Elisabeth
273 2998 768 3058 Stille versprechen viel.
271 3050 1428 3094 Deutsch und Walter Kent waren in den anderen Rollen be¬
312 3126 1457 3205 schäftigt. Karl Guttmann hatte unter Ernst Lothars Leitung
305 3172 1460 3227 eine stilgerechte Inszenierung durchgeführt. Die sehr hübschen
1298 3217 1429 3274 B.
288 3216 1210 3299 Bühnenbilder stammten von Hjalmar Heiberg.
2258 306 2384 370 V.
2372 334 2703 420 WS oshmniae.
2028 375 2741 474 Kanswrtschatliche Monse via 1570.
2033 454 2755 491 Auskünfte aller Art ertellen die ehrenamtichen
2038 485 2825 521 treter der Wiener Messe in allen größeren Städtendde.
2042 495 2856 584 Welt sowie das Zentralbüro der Wiener Messe-
2264 548 2618 590 Wien, VII., Messepalast
1997 645 2517 737 „OBSERVER
2063 720 2863 765 I. österr. behördlich konzessioniertes Unternehmen für
2046 762 2866 808 Zeitungsausschnitte, Wien, I., Wollzeile 11, Tel. R 23-0-43
2000 925 2329 991 Ausschnitt aus:
2271 967 2770 1065 Salzburger Velksblatt.
2384 1086 2796 1176 7. FEB. 1936
2009 1141 2128 1202 vom
1897 1214 3035 1287 5 Mit fünfzehn Jahren als Schauspielerin engagiert. Im
1833 1288 3048 1345 Reinhardt=Seminar in Wien fand eine Vorstellung von
1846 1332 3046 1391 Schnitzlers „Liebelei“ statt, deren Besetzung von Schülerinnen
1844 1379 3030 1435 und Schülern des Seminars bestritten war. Die Christine
1841 1430 3048 1502 spielte eine junge Schauspielerin, Annie Mayer, die zum
1835 1481 3035 1535 ersten Male vor dem Publikum auf einer Bühne stand. Annie
1844 1510 3057 1603 Mayer ist eine Oberösterreicherin und seit einigen Monaten
1846 1569 3054 1633 Schülerin des Reinhardt=Seminars. Sie ist 15½ Jahre alt
1844 1620 3048 1682 und galt seit jeher als große schauspielerische Hoffnung des
1844 1664 3055 1741 Seminars. Der Eindruck, den ihre Leistung bei der Vorstellung
1835 1715 3068 1785 der „Liebelei“ machte, war so groß, daß Hofrat Dr. Lotha,
1843 1760 3044 1829 der Leiter der Vorstellung, sie sofort für das Theater in der
1840 1831 3056 1881 Josefstadt in Wien verpflichtete Bei der Besetzung der „Liebe¬
1834 1876 3045 1935 lei“ hat Hofrat Dr. Lothar Fräulein Mayer unter sieben An¬
1835 1925 3057 1967 wärterinnen, die für die Christine in Betracht kamen, ausge¬
1837 1967 3049 2018 wählt. Die jüngste Schauspielerin Wiens wird nächstens be¬
1847 2001 3012 2078 reits an dem genannten Theater in einem Stück auftreten
2020 2255 2874 2354 WIENER MESSE
2073 2325 2847 2390 8. bis 14. März 1936, Technische und
2044 2394 2859 2441 Landwirtschaftliche Messe bis 15. März
2047 2427 2860 2485 Auskünfte aller Art erteilen die ehrenamtlichen Ver¬
2051 2463 2857 2507 treter der Wiener Messe in allen größeren Städten der
2068 2491 2867 2549 Welt sowie das Zentralbüro der Wiener Messe-A. G.,
2277 2527 2649 2573 Wien, VII., Messepalast
2533 2641 2580 2683 A
2035 2626 2553 2722 „OBSERVER
2085 2686 2879 2753 I. österr. behördlich konzessioniertes Unternehmen für
2081 2730 2894 2781 Zeitungsausschnitte, Wien, I., Wollzelle 11, Tel. R 23-0-43
2456 2833 2816 2923 Der Morgen, Wien
2019 2909 2360 2990 Ausschnitt aus:
2403 3039 2845 3166 17. FES 1936
2043 3121 2167 3200 vom
2250 3239 2610 3322 Anny Mayer
2015 3297 2856 3365 heißt die neuentdeckte Christine der „Liebelei“¬
2017 3362 2853 3409 Aufführung des Reinhardt=Seminars. Hofrat
2017 3408 2848 3456 Hofrat Lothars schöpferische Regie und geistige
2025 3441 2853 3479 Führuna hat hier eine Reihe junger Talente
2027 3467 2848 3515 in den Vordergrund gestellt. Neben Hilde Her¬
2020 3511 2856 3559 berts auffallend ursprünglicher Schlagermizzi
2020 3551 2849 3592 und Otto Fischers temperamentvollem Theo¬
2027 3593 2861 3639 dor war Annie Mayer auch als persönlicher
2023 3625 2853 3675 Mittelpunkt des Abends die große über¬
2018 3661 2859 3710 raschung. Trotz jugendlichstem Alter von klarer
2028 3696 2856 3751 Reife des Gefühls und von einer tragischen
2015 3735 2867 3798 Sicherheit, die sichtlich mehr menschliche als
2022 3774 2467 3846 technische Höhe darstellt.
